2958 4840
1148 395 1207 458 sn

155 552 247 634 Quid
268 549 537 614 communicatos
557 559 733 630 postremo
755 569 832 610 cum
853 550 948 629 plebe
969 553 1117 616 bonores
1136 574 1205 618 non

156 653 281 734 imperi
302 657 423 724 solum,
447 653 507 714 sed
529 652 799 714 sacerdotiorum
811 653 970 734 quoque?
992 656 1067 717 lam
1082 656 1206 718 sinar-

155 777 228 816 rem
255 757 353 829 bella,
378 776 400 816 a
422 755 544 836 quibus
568 754 742 836 coeperint
762 753 922 816 *maiores
944 755 1056 817 nostri
1085 768 1118 819 et
1139 779 1208 840 quo

151 859 434 938 processerimus,
460 879 597 929 vereor,
629 877 671 917 ne
693 855 796 917 nimis
819 855 1023 918 insolentior
1053 878 1128 920 esse
1156 860 1204 921 ai·

152 960 237 1020 deor
266 971 298 1020 et
321 960 497 1042 qrtaesisse
519 960 739 1020 iactationem
761 958 897 1040 gloriae
918 959 1048 1038 prolati
1070 958 1207 1038 imperti

152 1064 247 1122 ultra
267 1083 448 1124 oceanum.
468 1061 534 1122 Sed
550 1061 630 1123 illuc
644 1061 761 1142 potius
776 1072 947 1121 revertar:
962 1061 1134 1123 civitatem

608 1255 719 1310 Tabula
737 1255 766 1310 2.

217 1367 544 1448 ...scine....
583 1407 671 1449 nouo
853 1387 1070 1472 dicusAug.
1104 1434 1112 1450 .
1146 1431 1155 1452 .
1191 1429 1217 1468 .ἱ

152 1511 196 1552 no
220 1533 229 1550 .
249 1533 257 1550 .
277 1532 313 1549 ..
338 1500 395 1548 tus
417 1499 450 1550 et
471 1499 618 1568 patruus
642 1487 803 1550 Tiberius
825 1492 955 1578 Caesar
976 1512 1110 1552 omnem
1121 1491 1202 1584 flo-

152 1613 224 1653 rem
247 1591 370 1673 ubique
391 1590 606 1652 coloniarum
638 1610 679 1650 ac
713 1591 998 1672 municipiorum,
1035 1593 1203 1656 bonorum

150 1695 279 1756 seilicet
302 1695 455 1754 virorum
479 1705 511 1752 et
533 1691 766 1772 locupletium,
791 1693 827 1753 in
850 1695 912 1754 bac
934 1693 1033 1754 curia
1055 1715 1128 1756 esse
1145 1695 1222 1758 ao?

151 1797 227 1858 luit.
252 1795 345 1878 Quid
366 1795 478 1876 ergo.⁹
500 1815 567 1857 non
591 1795 732 1858 Italicus
755 1808 896 1858 senator
916 1796 1121 1877 prouinciali
1139 1819 1203 1878 po·

150 1899 219 1960 tior
242 1899 319 1960 est?
342 1902 416 1960 lam
440 1897 630 1959 vobiscum
654 1901 741 1958 hanc
761 1910 900 1978 partem
922 1918 1088 1960 censurae
1107 1921 1202 1961 meac

150 2001 345 2082 approbare
367 2022 521 2080 coepero,
536 1998 620 2081 quid
635 2001 675 2060 de
688 2021 729 2059 ea
745 2022 781 2060 re
800 2002 955 2073 sentiam,
972 2000 1073 2061 rebus
1088 2011 1201 2062 osten·

150 2103 243 2162 ciam.
289 2101 357 2162 Sed
378 2121 419 2160 ne
441 2100 669 2180 provinciales
692 2100 848 2180 quidem,
881 2101 913 2161 si
943 2102 1045 2163 modo
1074 2123 1202 2165 ornare

151 2202 286 2262 curium
305 2202 478 2282 poterint,
503 2201 706 2262 reiiciendos
729 2215 825 2280 puto.
871 2202 1106 2265 Ornatissima
1127 2227 1202 2268 ecca

149 2304 285 2366 colonia
306 2302 603 2384 valentissimaque
624 2302 869 2366 Viennensium
891 2325 993 2385 quam
1009 2307 1115 2387 longo
1129 2306 1201 2368 iam

148 2417 301 2486 tempore
323 2404 598 2466 senatores'lutic
620 2404 738 2467 curiae
760 2403 913 2494 confert.
966 2408 1027 2469 Eos
1049 2428 1119 2490 qua
1143 2431 1199 2471 co·

150 2508 245 2568 lania
267 2507 357 2567 inter
378 2526 507 2585 paucos
538 2507 706 2587 eqtscstris
735 2507 869 2568 ordinis
898 2521 1138 2570 ornamentum
1161 2514 1201 2574 L.

152 2608 330 2672 Vestinum
351 2605 633 2692 familiarissime
655 2607 764 2689 diligo
787 2621 819 2670 et
849 2610 1014 2692 hodieque
1036 2611 1071 2671 in
1095 2612 1196 2674 rebus

149 2711 234 2772 meis
256 2711 409 2772 detineo:
430 2709 527 2770 cuius
549 2710 648 2771 liberi
658 2708 842 2798 fruantur
864 2734 993 2794 quaeso
1011 2714 1128 2793 primo
1143 2734 1199 2775 sa·

148 2814 381 2875 cordatiorum
404 2812 532 2893 gradu,
557 2813 739 2892 postmodo
769 2835 846 2874 cum
874 2814 976 2875 annis
1004 2817 1201 2888 promoturi

148 2916 330 2997 diguitatis
352 2936 435 2976 suae
458 2915 677 2982 incrementa.
702 2917 746 2976 Ut
769 2915 884 2977 dirum
907 2937 1029 2977 nornen
1052 2917 1198 2979 latronis

148 3031 298 3090 taceam,
323 3029 355 3077 et
378 3016 436 3077 odi
464 3016 551 3076 illud
570 3017 817 3096 palaestricum
851 3017 1071 3099 prodigium,
1105 3018 1199 3101 quod

149 3132 229 3182 ante
251 3119 285 3180 in
310 3118 448 3186 domum
471 3121 686 3178 consulatum
709 3117 836 3190 intulit,
854 3139 957 3200 quam
977 3119 1113 3182 colonia
1134 3141 1200 3181 sua

149 3222 298 3284 solidum
320 3220 468 3282 civitatis
492 3240 656 3282 romanae
685 3216 889 3296 beneficium
921 3234 1103 3284 consecuta
1135 3234 1199 3284 est.

148 3324 243 3388 ldem
266 3323 308 3383 de
318 3320 448 3410 fratre
469 3323 544 3384 eius
564 3344 706 3402 possum
720 3323 851 3395 dicere,
864 3323 1050 3386 miserabili
1062 3323 1199 3406 quidem

146 3425 456 3506 indignissimoque
478 3427 540 3487 hoc
562 3445 656 3496 casu,
682 3436 720 3486 ut
742 3426 834 3488 vobis
857 3427 952 3488 utilis
972 3437 1111 3488 senator
1125 3445 1201 3487 esse

147 3547 215 3589 non
239 3528 358 3606 possit.
701 3592 705 3600 ,

213 3633 364 3708 Tempus
386 3640 437 3688 est
459 3628 544 3699 iam,
571 3628 688 3688 Tiberi
709 3631 836 3689 Caesar
858 3627 1077 3690 Germanice.
1108 3627 1199 3688 dete·

147 3753 231 3812 gere
252 3741 285 3791 tc
306 3729 464 3808 patribus
486 3728 708 3808 conscriptis,
733 3748 801 3808 quo
823 3728 941 3788 tendat
977 3729 1092 3791 oratio
1119 3739 1199 3790 tua:

148 3833 219 3893 iarn
256 3831 346 3893 enim
382 3829 429 3892 ad
463 3840 637 3894 extremos
665 3828 765 3905 fines
796 3830 929 3892 Galliae
960 3830 1199 3896 Narbonensis

147 3934 281 3996 venisti.
307 3963 348 3975 -

213 4039 283 4098 Tot
304 4056 377 4095 ecce
399 4033 552 4115 insignes
576 4033 710 4095 iuvenes
731 4033 978 4117 nuntiantem,
998 4053 1064 4095 non
1084 4033 1197 4116 magis

146 4149 228 4200 sunt
248 4135 446 4219 poenitendi
475 4146 652 4198 senatores
674 4157 778 4218 quam
808 4137 978 4217 poenitet,
1009 4133 1197 4207 Persicum,

149 4239 404 4303 nobilissimum
426 4237 550 4310 virum,
575 4237 725 4300 amioum
750 4259 882 4309 meum,
916 4237 1007 4299 inter
1040 4234 1193 4317 imagine

149 4343 323 4406 maiorum
344 4362 488 4402 suorum
511 4340 725 4422 Allobrogici
747 4360 871 4404 nomen
893 4341 1019 4421 legere.
1051 4337 1152 4419 Quod
1165 4337 1197 4398 si

202 4485 276 4524 uum
288 4486 343 4523 ons
353 4484 411 4523 sou.
420 4484 501 4534 rapu
517 4485 549 4523 u.
558 4482 578 4524 2.
985 4473 1023 4534 37
