2966 4842
232 371 291 435 178

267 534 401 591 accusnbo]
439 549 472 577 nc
494 531 652 576 nescitum
673 529 787 574 Rutilium
809 541 830 581 p.
858 525 914 573 rtl.
953 529 1250 584 prorulgntnnccurcto.

296 651 461 716 Charisius
484 674 516 732 p.
548 649 619 712 133.
656 645 928 711 vehementissime
955 667 1016 726 pro
1045 643 1218 708 fortissime
1251 657 1282 708 et

234 779 320 819 vere.
366 757 489 821 Calvus
514 754 547 815 iu
577 751 779 817 Vatinium:
806 749 1097 810 uehementissime
1123 748 1286 830 probare.

299 856 399 923 Conl.
423 853 506 919 infra
531 853 647 917 oratio
669 854 703 915 in
733 851 927 914 Fuscinium
949 851 1110 912 ambitus.

548 1020 578 1076 2.
619 1019 717 1118 Oratio
737 1034 789 1090 pro
810 1018 841 1074 P.
864 1018 965 1074 Sestio

300 1153 404 1219 Causa
437 1165 507 1216 acta
537 1163 585 1214 est
616 1171 646 1213 a.
678 1150 740 1213 698
774 1150 852 1228 (66).
910 1149 1144 1231 Argumentum
1178 1167 1291 1212 causae

232 1269 359 1332 notum,
382 1277 453 1318 cum
472 1252 641 1319 Ciceronis
659 1272 721 1334 pro
744 1254 855 1314 codem
878 1248 984 1312 Sestio
1007 1261 1096 1311 extet
1120 1249 1238 1318 oratio.

298 1357 428 1422 Scholia
447 1354 618 1420 Bobiensin
640 1354 672 1417 in
695 1365 778 1418 oret.
801 1373 863 1434 pro
886 1351 990 1414 Sestio
1010 1373 1042 1433 p.
1065 1352 1140 1414 999.
1186 1356 1288 1418 Hanc

232 1459 374 1526 candem
397 1479 539 1521 causam
557 1457 700 1540 plurimi
723 1453 971 1541 defenderunt,
997 1454 1033 1515 in
1055 1455 1132 1537 quis
1140 1451 1226 1544 fuit
1245 1458 1290 1536 Q.

234 1563 458 1636 Hortensius,
484 1563 539 1624 Μ.
561 1563 723 1632 Crassus,
750 1561 788 1622 0.
810 1555 1012 1620 Licinius
1033 1559 1190 1620 Caluus
1207 1577 1292 1638 pnr-

234 1663 325 1728 tibus
347 1665 438 1726 inter
460 1685 496 1726 se
517 1661 729 1734 distributis,
759 1680 844 1743 prcus
872 1659 908 1720 in
937 1658 1073 1741 agendo
1097 1670 1291 1721 tuerentur.

236 1766 372 1830 Tullius
394 1765 583 1844 peroravit.

270 1907 296 1956 G.
320 1908 446 1966 Lirs'm'ur]
484 1922 629 1964 praenomen
661 1910 767 1953 torreri.
801 1912 870 1965 vulgo
894 1912 980 1968 tegitur
1006 1906 1036 1952 1..
1065 1907 1137 1952 Conl.
1168 1908 1291 1950 Drnmaun

304 2003 322 2040 t.
344 1994 367 2042 5.
390 2012 412 2051 p.
434 1992 496 2041 665.

254 2143 282 2202 3.
324 2142 425 2200 Oratio
444 2159 496 2215 pro
517 2142 549 2201 G.
572 2143 671 2200 Porcio
691 2142 800 2201 Getone
821 2149 920 2201 contra
941 2143 1074 2200 Asinium
1095 2143 1269 2199 Pollionem.

301 2279 383 2338 Acta
413 2286 460 2337 est
485 2295 579 2337 causa
605 2295 635 2336 a.
670 2278 730 2337 700
759 2273 837 2358 (sl).
886 2273 927 2339 C.
956 2273 1060 2352 Cato,
1092 2277 1190 2337 homo
1221 2286 1290 2336 tur-

235 2378 381 2440 bulentus
402 2388 433 2439 et
461 2379 575 2452 audax,
607 2389 776 2461 postquam
807 2376 840 2438 in
870 2375 1032 2440 tribunatu
1064 2399 1093 2439 a.
1131 2377 1191 2440 698
1223 2376 1292 2452 (66)

238 2481 348 2542 multas
373 2481 484 2542 turbas
509 2477 695 2554 excitasset,
719 2477 752 2544 in
782 2477 930 2543 iudicium
954 2489 1088 2544 vocatur
1112 2482 1152 2541 ab
1176 2475 1291 2540 Asinio

236 2579 387 2646 Pollione
411 2583 610 2645 adolescente
637 2603 667 2645 a.
692 2585 754 2644 700
776 2585 855 2660 (tl).
901 2583 984 2644 Eum
1011 2580 1152 2644 defendit
1176 2579 1292 2642 Calvus

237 2694 269 2747 et
292 2685 346 2746 M.
371 2683 509 2746 Scaurus
532 2682 708 2767 (Asconius
737 2685 768 2747 in
792 2682 995 2747 Scaurinnnm
1024 2706 1058 2764 p.
1085 2683 1208 2757 19l,et
1234 2685 1291 2744 ab·

238 2785 374 2849 solvitur
405 2797 536 2849 auctore
564 2786 738 2868 Pompeio.
784 2786 858 2850 Cic.
894 2789 933 2848 ad
963 2785 1104 2848 Atticum
1138 2786 1201 2848 IV.
1231 2783 1290 2856 16,

239 2890 294 2962 16,
323 2890 374 2951 17.
421 2886 522 2952 Cous.
553 2888 747 2951 Thorbeclre
776 2890 824 2951 De
856 2889 972 2952 Asinio
999 2889 1151 2953 Pollione
1174 2910 1207 2969 p.
1237 2889 1290 2948 65.

238 2988 407 3054 Weichert
423 3013 456 3072 p.
484 2991 557 3055 109.
583 2991 656 3052 119.
702 2991 867 3055 Drumann
882 3003 907 3054 t.
928 2993 959 3054 9.
978 3015 1008 3074 p.
1024 2993 1056 3054 3.
1072 3003 1094 3056 t.
1113 2993 1143 3054 l.
1163 3013 1197 3071 p.
1216 2989 1288 3052 516.

237 3091 312 3155 697.
358 3093 487 3155 Ellendt
510 3104 612 3154 nutem
636 3090 801 3172 opinatur,
828 3095 880 3156 M.
903 3092 1059 3159 Catonem
1084 3093 1290 3164 Uticensem,

201 3267 210 3280 ,
238 3214 301 3257 non
321 3192 363 3256 C.
384 3193 539 3258 Catonern
560 3196 599 3255 ab
623 3193 737 3256 Asinio
756 3196 907 3260 Pollione
930 3207 1127 3269 accusatum,
1148 3220 1164 3258 a
1185 3194 1291 3259 Calvo

237 3294 411 3356 defensum.
457 3294 578 3357 Scribit
609 3295 690 3358 enim
721 3297 756 3378 p.
789 3297 962 3361 CXXIII:
1010 3298 1083 3370 „De
1107 3317 1200 3359 causa
1227 3295 1292 3360 Cn-

237 3395 321 3459 touis
345 3415 410 3459 nnn
432 3407 574 3473 constat,
594 3397 654 3461 nisi
679 3399 859 3482 intelligere
880 3397 959 3459 velis
985 3401 1024 3460 de
1043 3401 1292 3479 repetundarum

238 3496 381 3572 actione,
409 3520 501 3582 quam
525 3497 647 3564 Caesar
663 3501 782 3566 Clodio
801 3501 975 3562 subornato
998 3509 1071 3582 post
1093 3495 1290 3580 Cypriacam

239 3599 475 3684 navigationem
503 3601 634 3666 minatus
664 3615 723 3668 est.
773 3603 894 3666 Verum
918 3623 976 3664 nee
1003 3600 1110 3668 Pollio
1138 3613 1200 3664 tam
1224 3614 1292 3663 tur·

237 3701 332 3785 pibus
357 3723 426 3766 sese
449 3707 544 3768 rebus
570 3704 764 3783 immiscuit,
792 3726 894 3788 neque
921 3727 956 3768 ea
980 3717 1045 3768 tum
1072 3715 1174 3768 aetate
1193 3702 1292 3766 fuisse
1329 3759 1335 3772 ,

189 3821 197 3832 ·
238 3804 447 3882 crediderim,
483 3829 543 3870 uec
570 3807 705 3891 denique
739 3829 806 3870 eam
840 3827 963 3868 causam
990 3805 1022 3870 in
1051 3805 1205 3871 iudicium
1230 3827 1292 3868 -ve-

238 3908 353 3975 nisse.“
386 3945 426 3955 —-
459 3911 580 3972 Errare
612 3908 713 3972 virum
746 3906 984 3982 doctissimum,
1011 3929 1052 3970 ex
1075 3931 1170 3992 supra
1198 3906 1291 3971 dictis

238 4010 375 4095 intelligi
399 3995 514 4093 potest.

243 4167 245 4172 .
304 4113 423 4178 Seneca
464 4111 627 4179 Controv.
662 4114 683 4176 l.
721 4114 759 4186 3,
792 4113 841 4182 19.
871 4136 905 4195 p.
938 4115 1013 4178 966.
1059 4117 1183 4180 Caluus
1215 4135 1293 4177 cum

240 4215 384 4288 uideret,
415 4235 440 4275 n
465 4215 642 4309 clientibus
669 4215 811 4280 Catonis
838 4217 890 4279 rei
922 4217 977 4280 sui
1006 4218 1195 4282 Pollionem
1218 4216 1294 4281 An·-

240 4313 336 4374 nium
358 4315 624 4378 circumventum
647 4318 682 4378 in
703 4315 793 4403 foro
817 4321 994 4392 (laesuris,
1021 4319 1152 4402 imponi
1178 4340 1213 4381 se
1238 4339 1292 4382 su·
