2992 4840
1169 357 1227 420 tut

240 513 378 596 Quintil.
411 515 447 589 5,
480 514 536 588 12,
567 515 598 577 9.
658 505 882 577 Probationes
918 515 1106 586 adiiciunt,
1139 537 1226 600 quas

176 614 373 696 παθητικὰς
401 629 544 690 uocant,
576 616 697 678 ductas
719 639 766 679 esc
787 614 982 704 affectibus.
1027 620 1111 682 Inde
1133 621 1225 682 enim

177 721 238 782 ilia
265 719 389 782 nobilis
412 719 536 783 Scauri
558 717 738 806 defensio:
767 723 809 800 Q.
838 720 967 783 Varius
997 723 1228 786 Sucronensis

177 823 239 897 ait,
264 823 451 887 Aemilium
473 826 643 886 Scaurum
666 845 738 884 rem
757 823 930 904 publicam
952 827 1071 905 popuii
1087 823 1223 888 romani

174 926 386 1008 prodidisse.
431 925 600 989 Aemilius
622 929 775 988 Scaurus
797 929 922 1007 negat!

358 1145 404 1202 10.
446 1145 544 1203 Oratio
565 1163 617 1217 pro
637 1163 668 1202 se
688 1153 787 1204 contra
809 1150 844 1217 Q.
868 1149 1054 1219 Caepionem.

243 1279 289 1339 Ea
314 1276 419 1340 oratic
444 1277 550 1339 habita
574 1299 603 1340 a.
628 1278 689 1339 664
713 1278 794 1355 (90).

243 1381 381 1443 Scaurus
403 1379 452 1441 bis
476 1383 587 1442 eodem
612 1403 693 1442 anno
718 1382 787 1462 iege
811 1383 909 1445 Varia
935 1382 967 1445 in
990 1383 1141 1447 iudicium
1166 1407 1225 1448 vo·

179 1494 266 1545 catus
297 1495 360 1557 est,
393 1482 529 1563 primum
559 1484 598 1544 ab
626 1483 698 1565 ipso
730 1485 834 1548 Vario
865 1486 995 1548 tribuno
1026 1488 1071 1568 pt.
1096 1499 1226 1551 auctore

178 1583 273 1668 legis,
300 1583 411 1646 deinde
435 1608 504 1648 cum
528 1588 567 1647 ab
592 1587 795 1650 accusatione
819 1589 1009 1666 destitisset,
1034 1592 1077 1670 Q.
1103 1588 1227 1672 Caepio

180 1709 303 1749 causam
328 1686 463 1767 recepit.

244 1792 478 1871 Argumentum
502 1812 542 1852 ex
564 1795 775 1872 praecedente
799 1792 945 1856 oratione
969 1799 1149 1874 petendum.

243 1895 382 1956 Extabat
399 1891 491 1955 etiam
516 1893 622 1957 oratio
646 1898 686 1977 Q.
710 1896 893 1978 Caepionis
915 1898 951 1958 in.
967 1901 1021 1962 M.
1039 1899 1226 1962 Aemilium

171 1999 350 2086 'Scaurum
372 1999 447 2078 lege
473 1998 595 2061 Varia.

469 2247 606 2304 XXXIX.
647 2248 687 2307 Μ.
710 2248 809 2305 iunius
827 2249 941 2306 Brutus.

245 2377 553 2442 DrumaunGesch.
579 2381 680 2442 Roms
703 2389 727 2441 t.
752 2381 783 2443 4.
810 2402 843 2461 p.
869 2381 900 2441 6.

246 2480 366 2546 Cicero
400 2483 503 2544 Bruto
538 2482 589 2546 34.
642 2481 769 2559 lisdem
809 2483 1019 2565 temporibus
1053 2485 1134 2561 (cum
1177 2483 1227 2546 Μ.
1276 2507 1277 2512 ’

182 2585 304 2648 Scauro
329 2596 359 2647 ct
383 2587 424 2648 P.
450 2583 576 2647 Rutilio
601 2581 705 2666 Ruso)
727 2586 782 2647 M.
807 2587 956 2656 Brutus,
981 2587 1015 2645 in
1040 2607 1108 2670 quo
1131 2605 1227 2668 mag-

180 2711 263 2751 num
281 2686 384 2776 fuit,
410 2691 537 2757 Brute,
563 2686 709 2748 dedecus
740 2686 861 2767 generi
889 2698 1019 2762 vestro,
1055 2689 1115 2770 qui
1150 2709 1227 2748 cum

180 2803 277 2854 tanto
306 2791 442 2852 nomine
470 2802 574 2865 esset,
604 2803 805 2872 patremque
835 2790 1002 2872 optimum
1033 2791 1143 2851 uirum
1166 2792 1226 2851 ha·

181 2894 309 2956 buisset
324 2905 355 2954 et
378 2894 466 2954 iuris
487 2893 748 2974 peritissimum,
774 2890 1226 2982 accusationemfactitaue·

182 2995 238 3070 rit,
257 3009 294 3057 ut
311 2997 455 3060 Athenis
472 3000 671 3080 Lyeurgus.
706 2999 742 3058 Is
768 2995 997 3077 magistratus
1014 3016 1082 3057 non
1095 2995 1226 3078 petivit,

181 3100 242 3160 sed
252 3097 336 3188 fuit
360 3111 543 3160 accusator
574 3102 749 3160 veiremens
782 3111 815 3160 et
838 3101 1020 3172 molestus,
1059 3110 1096 3159 ut
1109 3095 1228 3187 focile

181 3223 337 3263 cerneres
360 3205 517 3263 naturaie
547 3201 720 3283 prroddum
749 3201 870 3282 stirpis
893 3201 1019 3264 bonum
1042 3201 1228 3285 degenera-

181 3305 269 3366 visse
291 3304 373 3366 vitio
397 3305 602 3385 depravatae
626 3304 823 3366 voluntatis.

247 3405 368 3469 Cicero
393 3410 430 3467 de
460 3407 560 3469 offic.
587 3407 623 3481 2,
652 3409 702 3468 14.
757 3407 850 3470 Duri
870 3407 1019 3470 hominis
1043 3409 1093 3468 vel
1109 3407 1226 3488 potius

182 3510 242 3570 uix
255 3510 401 3571 hominis
426 3511 560 3570 videtur
578 3509 771 3590 periculum
793 3510 916 3590 eapitis
939 3508 1074 3598 inferre
1095 3509 1223 3570 multis.

182 3611 224 3674 Id
245 3633 322 3673 cum
348 3611 581 3693 periculosum
610 3611 679 3694 ipsi
705 3624 772 3684 est,
811 3624 885 3672 tum
914 3613 1018 3673 etiam
1049 3611 1228 3673 sordidum

182 3713 388 3802 adsumam
411 3715 635 3788 committere,
662 3725 699 3776 ut
721 3725 903 3775 accusator
926 3713 1112 3786 norninere,
1138 3697 1230 3796 quod

183 3816 329 3897 contigit
358 3821 412 3880 M.
437 3821 547 3880 Bruto
570 3839 705 3879 summo
737 3837 862 3898 genere
889 3829 989 3890 nate,
1015 3817 1107 3878 illius
1135 3813 1227 3890 sulio,

182 3904 243 4003 qui
266 3918 354 3982 iuris
375 3921 485 3982 ciuilis
510 3920 546 3980 in
570 3921 696 4001 primis
720 3919 854 4002 peritus
866 3917 963 4007 fuit.

391 4171 420 4227 1.
460 4169 558 4226 Oratio
579 4169 609 4223 in
629 4167 669 4224 Μ.
691 4167 846 4224 Aemilium
868 4167 1018 4223 Scaurum.

245 4303 294 4365 Ea
318 4312 366 4364 est
388 4298 499 4364 habita
527 4321 557 4363 a.
589 4297 650 4361 663
672 4298 753 4378 (91).
799 4297 885 4360 Vide
909 4291 1069 4358 orationes
1091 4293 1227 4359 Scauri.
