2992 4840
252 327 313 388 cto

254 490 313 562 la,
346 485 552 570 inpunita
582 485 849 571 scriptumest:
886 486 999 554 Credo
1027 507 1112 571 ego,
1145 487 1303 554 inimicos

255 609 349 652 meos
381 592 443 651 hoc
472 589 657 652 dicturum.
712 588 893 667 Inimicos,
927 589 1048 676 iuquit,
1072 591 1246 655 dicturum
1271 603 1303 656 ct

252 713 316 756 non
342 691 509 755 dicturos.

288 820 327 866 De
346 818 376 882 Q.
390 817 508 879 Popillio]
546 822 669 880 legendum
682 819 712 866 de
725 819 755 872 Ρ.
765 818 888 878 Popillio,
908 825 933 864 ut
946 819 1042 864 Ellendt
1056 833 1149 878 quoque
1163 828 1303 867 correxerat

327 924 351 964 p.
369 909 460 958 XLIV.

291 1005 437 1066 dicturum]
473 1009 583 1063 exetnpla
603 1008 692 1051 similia
710 1007 781 1052 affert
799 1005 892 1052 Gellius
911 1019 941 1049 cx
960 1005 1012 1050 Cic.
1027 1007 1129 1053 Verrio.
1143 1005 1185 1051 lib.
1198 1005 1211 1051 5
1226 1021 1246 1053 c.
1259 1000 1306 1051 65..

217 1155 271 1179 s
319 1127 433 1190 Festus
454 1148 489 1208 p.
515 1125 587 1188 711.
631 1129 792 1190 Potestur
813 1159 854 1170 —-
875 1099 906 1188 ei
923 1137 1111 1208 poteratur
1133 1129 1172 1190 C.
1197 1129 1304 1189 Grac-

255 1231 339 1292 cbus
366 1229 401 1292 in
426 1249 486 1303 ea,
519 1248 588 1311 qua
611 1249 696 1292 usas
720 1240 790 1304 est,
826 1250 902 1290 cum
925 1229 1056 1291 circum
1080 1229 1304 1292 conciliabula

257 1331 334 1394 iret.

294 1446 366 1510 usuc]
404 1462 467 1495 uoae
490 1451 543 1494 cod.
563 1450 725 1506 Supplendunt
743 1462 792 1508 qua
810 1461 873 1493 acue
886 1455 923 1494 eal
936 1449 963 1494 in
976 1448 1005 1495 Ρ.
1017 1447 1162 1506 Popillium.

237 1625 270 1636 -
321 1567 495 1634 Diomedes
523 1571 553 1633 1.
578 1591 611 1650 p.
632 1571 708 1632 371.
753 1571 896 1633 Excello
914 1568 1195 1652 legimascrebro
1210 1569 1305 1651 apuli

259 1683 401 1734 ueteres.
436 1672 555 1736 Cicero
578 1673 619 1734 de
645 1672 764 1753 repub.
788 1674 973 1734 excellunt.
1008 1673 1183 1735 Gracchus
1201 1691 1303 1753 prae·

259 1787 355 1836 terea
378 1773 537 1836 similiter
563 1773 808 1838 Cohorlatione
832 1773 963 1836 circum
982 1773 1226 1837 conciliabula:
1248 1795 1303 1834 an-

257 1875 420 1939 tecellunt.

294 1999 477 2060 cohortatione]
515 2003 532 2052 i,
554 2017 576 2046 e.
596 2001 718 2046 Gracchus
739 2003 762 2046 in
783 2005 892 2047 oratione
912 2003 1010 2048 circum
1030 2002 1210 2049 conciliabula.
1242 2003 1304 2048 llaec

328 2091 401 2135 verba
423 2092 452 2135 ad
474 2091 654 2144 inscriptionem
677 2091 794 2134 orationis
815 2093 937 2145 pertinere
957 2092 1180 2136 tnonuitDuebner.
1203 2092 1306 2136 Diome-

327 2181 369 2224 des
387 2179 448 2222 hanc
468 2179 602 2222 orationem
618 2192 673 2223 tere
692 2179 795 2234 appellat
816 2178 1016 2224 cohortationem.
1050 2179 1226 2222 Cohortabalur
1240 2179 1303 2222 euim

328 2267 452 2314 Gracchus
472 2267 595 2322 hormines,
624 2271 650 2310 ut
671 2267 726 2309 odio
747 2270 770 2309 et
793 2267 881 2310 invidia
903 2272 1103 2324 persequerentur
1123 2267 1250 2322 Popillium
1270 2271 1305 2308 at·

329 2369 373 2412 quc
396 2355 532 2411 optimates.

466 2539 511 2616 9.'
536 2559 634 2616 Oratio
657 2559 688 2615 in
708 2557 744 2626 Q.
765 2558 878 2614 Aelium
902 2557 1096 2615 Tuberonem.

321 2693 371 2754 Ea
398 2701 445 2753 cst
470 2689 577 2753 habita
601 2713 631 2753 a.
656 2691 714 2752 631
743 2691 845 2770 (123).

327 2793 370 2874 Q.
392 2792 502 2856 Aelius
528 2795 659 2857 Tubero
681 2793 825 2856 tribunus
848 2791 895 2873 pl.
920 2813 950 2854 a.
976 2793 1033 2853 691
1058 2791 1147 2870 (133)
1170 2791 1305 2854 Tiberio

261 2895 413 2958 Graccho
429 2895 656 2978 rempublicam
676 2894 805 2959 vexanti
821 2892 949 2957 restitit.
975 2891 1047 2956 Cic.
1071 2892 1185 2956 Laelio
1210 2918 1239 2955 c.
1255 2897 1305 2966 11,

261 3001 313 3060 37.
350 2999 408 3062 Ti.
433 3001 625 3062 Gracchum
649 2999 894 3081 rempublicam
920 3008 1102 3058 vexantem
1124 3017 1147 3057 a
1169 2999 1211 3079 Q.
1234 2999 1305 3060 Tu·

259 3101 384 3164 berone
415 3102 680 3184 aequalibusque
713 3101 834 3164 amicis
868 3099 1067 3161 derelictum
1097 3099 1307 3161 uidebamus.

261 3203 349 3264 Idem
375 3201 406 3264 iu
431 3215 581 3285 praetura
611 3226 641 3266 a.
665 3205 724 3267 631
751 3203 852 3280 (123)
880 3199 922 3265 C.
948 3200 1088 3264 Gracchi
1118 3201 1244 3284 legibus
1273 3221 1306 3261 se

260 3303 426 3386 opposuit.

327 3403 446 3468 Cicero
469 3407 572 3470 Bruto
597 3407 655 3482 31,
681 3406 753 3468 117.
787 3409 830 3488 Q.
850 3405 970 3469 Aelius
985 3406 1122 3470 Tubero
1126 3403 1212 3493 fuit
1228 3424 1307 3466 can·

262 3520 359 3570 stans
379 3509 463 3571 ciuis
485 3521 519 3570 et
532 3506 654 3598 fortis
678 3521 710 3570 el
735 3508 771 3569 in.
792 3507 916 3590 primis
941 3511 1097 3572 Graccho
1124 3509 1305 3580 molestus,

263 3611 355 3694 quod
379 3611 508 3674 indicat
534 3611 680 3674 Gracchi
706 3611 741 3674 in
768 3633 846 3673 eum
869 3611 1005 3674 oratio:
1035 3621 1115 3674 sunt
1142 3609 1245 3672 eliam
1272 3609 1308 3670 in

261 3716 455 3776 Gracchum
482 3713 687 3777 Tuberonis.

296 3837 424 3898 Graccho]
461 3840 522 3884 Gaio
544 3840 664 3884 Graccho.

325 3957 510 4024 Priscianus
538 3961 579 4020 T.
609 3961 638 4019 1.
669 3980 703 4039 p.
731 3957 801 4020 108.
846 3961 882 4031 G.
909 3961 1086 4022 Gracchus
1113 3971 1234 4023 contra
1266 3962 1308 4041 Q.

202 4099 242 4112 υ
264 4062 402 4126 Aelium
418 4062 651 4124 Tuberonem:
674 4062 798 4122 Utrum
816 4061 1036 4125 inimicorum
1054 4084 1211 4126 meorum
1220 4060 1310 4150 sac·

265 4163 333 4237 tio,
357 4185 403 4226 an
426 4166 539 4248 magis
564 4162 747 4226 solicitudo
767 4175 799 4225 te
821 4163 974 4248 impulit,
999 4177 1039 4226 ut
1067 4166 1101 4227 in
1134 4187 1186 4226 me
1210 4163 1310 4225 indu-

265 4263 372 4326 strior
396 4265 445 4327 sis
469 4285 572 4347 quam
597 4263 633 4326 in
657 4263 717 4325 te?
