2966 4842
1185 383 1243 446 537

203 552 328 624 dabat,
358 546 503 612 arturit:
526 546 624 611 Nihil
657 543 749 606 uobis
777 541 891 603 minus
920 541 1035 615 decet,
1070 563 1172 626 quam
1206 543 1247 606 de

202 673 270 737 quo
291 649 507 716 contenditis.

266 779 401 863 Quintil.
426 780 455 856 6,
480 779 514 857 8,
538 779 589 840 74.
636 777 726 840 nette
747 774 887 837 interim
909 773 1088 837 subiicitur
1108 799 1246 858 proco,
1303 769 1326 845 ’,

201 884 293 969 quod
314 888 430 968 neges,
455 879 553 944 aliud
574 877 790 952 mordacius,
815 888 853 938 ut
875 877 994 942 lunius
1015 879 1144 941 Bassus
1170 902 1249 964 que-

202 997 297 1048 rente
323 983 477 1048 Domitio
498 979 672 1054 Passieni,
705 979 799 1064 quoti
824 979 986 1043 incusans
1013 979 1088 1043 eius
1116 982 1248 1059 sordes,

198 1091 330 1152 calceos
353 1105 429 1148 eom
444 1096 572 1146 ueteres
595 1083 722 1146 diceret
736 1083 879 1146 vendere
894 1085 1019 1148 sotere:
1033 1102 1103 1146 non
1119 1085 1249 1147 meher-

199 1193 284 1265 cule,
309 1187 432 1270 inquit,
455 1187 518 1247 hoc
539 1207 702 1270 umquam
724 1184 822 1259 disci,
857 1186 918 1248 sed
947 1184 1045 1263 disci,
1078 1207 1190 1249 emere
1220 1199 1252 1251 te

200 1293 323 1352 solere.

545 1427 631 1484 CXV.
653 1426 686 1484 L.
707 1426 808 1494 Cestius
828 1427 904 1484 Pius.

270 1561 425 1641 Smyrnae
448 1557 601 1624 oriundus
623 1561 669 1638 (et
689 1557 762 1620 ideo
785 1579 803 1620 a
826 1559 878 1621 M.
892 1559 1012 1622 Seneca
1033 1562 1136 1624 homo
1150 1581 1253 1644 grae·

203 1685 264 1727 cus
286 1663 633 1745 appellatus)-Romarn
656 1658 810 1744 migravit
837 1659 946 1746 ibique
974 1661 1081 1724 ludum
1113 1665 1253 1727 rhetori·

205 1786 261 1829 cae
300 1765 425 1848 aperuit
458 1786 487 1827 a.
520 1787 553 1827 u.
596 1765 653 1826 741
686 1764 782 1844 (13).
827 1761 1047 1844 Hieronymus
1080 1768 1118 1828 ad
1151 1767 1253 1828 Euse-

205 1868 251 1931 bii
275 1866 400 1932 Chron.
415 1867 547 1950 Olymp.
576 1867 649 1931 191.
673 1867 705 1928 4.
729 1867 871 1951 Augusti
892 1867 985 1930 31.=
1000 1889 1029 1930 a.
1047 1891 1079 1932 u.
1097 1869 1155 1930 741
1173 1869 1254 1949 (13).

203 1974 337 2038 Cestius
345 1975 559 2057 Smyrnaeus
568 1969 929 2034 rhetortarinettomae
937 1969 1170 2035 docuit.Unde
1178 1992 1257 2058 cog-

205 2096 318 2138 nomen
342 2071 516 2137 obtinuerit
531 2071 599 2147 Pii,
613 2071 778 2147 incertum,
794 2074 849 2134 sed
868 2070 995 2152 patroni
1009 2094 1077 2136 csse
1093 2074 1254 2156 suspicor.

206 2179 267 2240 Est
289 2195 368 2236 unus
391 2195 432 2236 ex
453 2172 537 2249 illis,
562 2192 696 2256 quorum
721 2171 847 2235 nomina
875 2184 993 2236 tantum
1028 2191 1196 2259 supersunt
1224 2178 1256 2242 in

205 2276 317 2340 libello
340 2273 483 2338 Suetonii
504 2277 543 2337 de
570 2274 665 2337 claris
687 2273 890 2352 rhetoribus,
914 2275 968 2338 ubi
992 2276 1108 2341 dicitur
1131 2284 1171 2344 L.
1196 2284 1257 2347 Oe·

207 2379 295 2442 stius
317 2379 413 2443 Pius.

272 2483 392 2544 Seneca
417 2482 549 2544 Suasor.
575 2482 606 2542 7.
629 2503 664 2563 p.
689 2479 743 2543 56.
787 2481 941 2560 Cestius,
971 2486 1075 2548 homo
1101 2485 1254 2549 nasutis-

209 2584 330 2660 simus,
355 2595 431 2646 erat
454 2583 582 2646 nultius
603 2582 739 2668 quidem
772 2583 920 2667 ingenii,
956 2585 1113 2651 Ciceroni
1143 2599 1257 2652 tamen

210 2687 312 2749 etiam
335 2684 502 2777 infestus,
523 2685 616 2771 quod
638 2685 698 2748 isti
718 2705 786 2750 non
810 2686 947 2769 impune
973 2688 1087 2752 cessit.

246 2846 295 2877 non
313 2828 426 2892 impune]
462 2837 544 2877 narrat
563 2834 627 2877 enirn
646 2833 736 2877 Seneca
755 2833 840 2877 eodem
859 2833 927 2877 toro:
947 2829 1014 2877 Nam
1031 2845 1086 2876 cum
1104 2831 1143 2877 M.
1158 2831 1259 2879 Tullius

274 2919 351 2983 filius
369 2915 499 2964 Ciceronis
517 2919 607 2965 Asiam
623 2919 759 2974 obtineret,
780 2916 870 2974 bomo,
899 2921 942 2978 qui
957 2917 1023 2964 nibil
1040 2934 1074 2964 ex
1091 2926 1198 2978 paterno
1216 2923 1259 2966 in-

281 3009 356 3070 genio
373 3007 461 3053 babuit
474 3013 579 3067 praeter
598 3007 775 3062 urbanitatem,
795 3005 916 3052 coenabat
933 3005 1005 3066 apud
1022 3021 1077 3052 sum
1096 3003 1203 3055 Cestius.
1217 3007 1255 3054 M.

280 3097 363 3142 Tullio
381 3102 405 3141 et
421 3103 515 3140 natura
534 3097 682 3141 memoriam
701 3095 844 3151 demserat,
864 3101 888 3140 et
904 3095 1032 3156 ebrietas,
1051 3095 1154 3156 siquid
1170 3110 1205 3141 ea·
1227 3111 1258 3141 ea

283 3191 426 3244 supererat,
446 3183 608 3230 subducebat.
645 3182 757 3230 Subinde
777 3183 959 3245 interrogabat,
979 3185 1035 3244 quis
1054 3185 1098 3230 itte
1115 3191 1259 3240 uocaretur,

279 3274 325 3333 qui
344 3273 439 3318 inimo
457 3272 622 3332 recumberet,
642 3277 740 3317 etcum
759 3284 834 3330 saepe
857 3272 995 3318 subiectum
1025 3273 1049 3316 ei
1075 3286 1165 3318 nomen
1183 3270 1261 3320 Cestii

281 3361 431 3424 cecidisset,
450 3361 588 3406 novissime
606 3373 705 3414 servus,
726 3365 752 3404 ut
771 3361 857 3422 aliqua
876 3367 935 3405 nota
958 3363 1106 3406 memoriam
1136 3362 1191 3408 eius
1214 3359 1260 3420 so·

280 3457 347 3496 ceret
364 3449 505 3505 certiorem,
513 3450 684 3512 interroganti
690 3448 797 3517 domino,
812 3450 868 3509 quis
878 3450 921 3494 ilie
933 3456 1008 3504 esset,
1019 3451 1062 3508 qui
1070 3451 1150 3495 inimo
1164 3464 1263 3495 recum·

281 3539 357 3599 beret,
375 3540 426 3584 ait.
446 3535 494 3583 Hic
508 3543 546 3582 est
557 3535 664 3591 Cestius,
685 3539 728 3595 qui
743 3543 844 3594 patrem
862 3543 931 3580 tuum
943 3535 1053 3594 negabat
1066 3537 1156 3579 literas
1169 3537 1261 3583 scisse.

208 3665 210 3670 ,
283 3624 378 3686 Afferri
399 3625 516 3681 protinus
541 3623 631 3685 flagra
650 3623 740 3675 iussit,
761 3627 785 3666 et
802 3619 932 3674 Ciceroni,
953 3626 980 3664 ut
1001 3621 1123 3676 oportuit,
1144 3619 1174 3665 de
1193 3623 1263 3667 corio

288 3707 385 3754 Cestius
404 3706 540 3766 satisfecit.
565 3709 617 3764 Quo
636 3709 660 3750 id
680 3720 742 3749 enno
761 3707 884 3759 acciderit,
904 3708 1027 3763 ignotum·
1047 3720 1102 3751 nam
1121 3710 1261 3766 quendem.

284 3795 379 3839 Tullius
397 3795 485 3838 Cicero
503 3791 566 3858 filius
584 3794 667 3836 Asiam
685 3791 817 3836 obtinuerit
835 3791 998 3854 provinciam,
1018 3797 1115 3840 nescio:
1141 3797 1262 3852 Appianas

287 3883 351 3926 enirn
369 3883 386 3926 Ι.
408 3877 432 3934 4,
453 3875 495 3926 51.
516 3881 609 3934 scribit,
630 3879 785 3925 Octavianam
803 3879 946 3926 Ciceronem
963 3879 1038 3926 fitium
1057 3897 1103 3926 nou
1122 3883 1204 3936 Asiae,
1220 3886 1261 3928 sed

287 3970 369 4022 Syriae
389 3967 681 4023 proconsularium,
702 3981 802 4026 eumque
832 3971 996 4028 magistratum
1024 3974 1078 4023 post
1103 3969 1260 4025 consulatum,

285 4069 355 4113 quem
373 4069 397 4100 s.
418 4051 468 4099 tte
487 4050 543 4111 (3⁰)
569 4058 657 4114 gessit,
689 4056 832 4102 obtinuisse.
882 4057 998 4100 Senecam
1026 4055 1143 4098 memoris
1169 4057 1261 4110 tapsum

287 4145 417 4191 verisimile
442 4148 494 4202 eet,
515 4155 569 4187 nem
586 4143 729 4188 Giesronem
750 4147 773 4189 iu
800 4141 900 4195 itinere,
929 4154 983 4186 eum
1002 4143 1128 4196 Smyrnam
1150 4144 1261 4200 venisset,

288 4238 378 4288 petrem
398 4233 473 4280 sitnm
492 4231 607 4277 arbitror.

281 4337 402 4400 Seneca
426 4332 589 4400 Controv.
613 4332 636 4396 l.
661 4332 693 4397 3.
718 4353 751 4414 p.
777 4331 851 4397 237.
898 4330 998 4396 Soleo
1021 4330 1132 4397 eiicere
1154 4331 1260 4412 uobis,
