2992 4840
253 359 314 422 190

252 518 372 580 ducem
404 515 524 598 populi
555 513 713 588 romani,
749 533 817 575 non
848 513 1006 576 comitem
1037 515 1182 577 diceres.
1229 518 1297 580 Sed

252 617 408 706 affuistis
429 630 463 680 et
483 630 534 681 est
558 617 594 680 in
618 617 774 680 mnibus
800 617 926 679 oratio.
965 621 1085 700 Itaque
1108 620 1168 680 lex
1187 639 1297 702 popu·

255 723 341 826 laris⁸
364 719 551 808 suffragiis
572 719 696 802 populi
717 719 900 801 repudiata
924 732 987 782 est.

317 896 461 960 Velleius
488 895 546 962 lib.
573 899 609 972 2,
637 899 669 959 lt.
714 899 753 959 P.
782 895 920 977 Scipio,
953 918 1030 958 eum
1061 896 1299 980 interrogante

253 1000 392 1064 tribuno
415 999 588 1073 Carbone,
614 999 697 1083 quid
714 998 756 1061 de
772 999 831 1061 Ti.
847 998 995 1062 Gracchi
1018 1000 1120 1061 caede
1142 1000 1296 1072 sentiret,

255 1102 450 1185 respondit,
475 1102 506 1164 si
532 1102 562 1164 is
589 1101 807 1183 occupandae
834 1100 1038 1182 reipublicae
1062 1101 1217 1164 animam
1239 1104 1300 1164 lta·

255 1205 402 1282 buisset‚
425 1205 500 1266 iure
524 1225 673 1266 caesum.
718 1206 766 1266 Et
794 1224 872 1264 cum
901 1204 1011 1268 omnis
1037 1205 1155 1266 concio
1184 1205 1299 1266 adcla-

255 1317 397 1382 masset,
422 1305 604 1382 Hostium,
628 1305 760 1388 inquit,
784 1317 1004 1368 armatorum
1025 1307 1127 1369 toties
1150 1309 1299 1369 clamore

254 1429 323 1472 non
353 1408 522 1482 territus,
557 1409 616 1491 qui
640 1429 784 1491 possum
817 1419 930 1471 vestro
967 1409 1117 1483 moveri,
1153 1431 1300 1492 quorum

258 1532 404 1574 noverca
432 1522 483 1573 est
505 1511 629 1574 Italia!

321 1687 437 1749 Valet.
454 1687 550 1750 Max.
574 1687 604 1760 6,
622 1687 652 1760 2,
667 1685 698 1748 3.
728 1689 766 1750 0.
784 1686 914 1759 Carbo,
932 1685 1091 1748 tribunus
1102 1690 1174 1768 pl.,
1191 1707 1302 1768 nuper

259 1792 415 1872 sepultae
432 1769 662 1851 'Gracchanae
689 1787 867 1850 seditionis
892 1787 1206 1850 turbulentissimus
1229 1790 1301 1850 vin·

258 1893 328 1955 deoc
348 1927 389 1938 —
412 1894 451 1954 P.
477 1889 712 1981 Africanum,
743 1911 767 1952 a
787 1891 1001 1954 Numantiae
1029 1891 1141 1953 ruinis
1166 1911 1301 1953 summo

257 2017 334 2057 cum
356 1993 490 2076 gloriae
503 1991 660 2084 fulgore
687 1993 892 2068 venientem,
917 1994 960 2061 ab
987 1994 1064 2074 ipsa
1088 2014 1175 2075 pene
1196 2005 1303 2074 porta

256 2101 292 2160 in
318 2108 436 2159 rostra
464 2095 693 2178 perductum,
732 2095 817 2179 quid
844 2095 885 2156 de
913 2095 969 2159 Ti.
997 2096 1144 2158 Gracchi
1174 2108 1300 2169 morte,

257 2200 356 2262 cuius
380 2219 536 2262 sororem
558 2197 594 2260 in
620 2198 843 2261 matrimonio
867 2198 1031 2272 habebat,
1062 2199 1224 2274 sentiret,
1249 2199 1320 2259 int

257 2300 461 2383 terrogavit.
490 2335 528 2347 —
553 2313 590 2362 at
614 2301 645 2362 is
671 2299 747 2362 iure
769 2321 848 2362 eum
873 2321 1011 2362 caesum
1031 2301 1139 2363 uideri
1162 2322 1302 2382 respon-

260 2405 323 2467 dit.
369 2403 433 2467 Cui
464 2403 557 2467 dicto
591 2424 669 2465 cum
693 2402 834 2478 conci0,
872 2403 1057 2466 tribunicio
1079 2402 1220 2493 furore
1250 2404 1301 2464 in·

258 2507 404 2581 stincta,
440 2506 605 2568 violenter
642 2507 906 2579 succlamasset,
946 2510 1123 2580 Taceant,
1166 2506 1298 2589 inquit,

258 2610 380 2694 quihus
408 2610 514 2673 Italia
543 2629 689 2671 noverca
721 2619 784 2670 est.
830 2609 919 2671 Orto
949 2608 1071 2670 deinde
1105 2629 1301 2680 murmure,

262 2715 343 2776 Non
367 2709 551 2796 efficietis,
575 2711 651 2785 ait,
680 2723 719 2772 ut
745 2712 878 2773 solutos
904 2732 1047 2784 verear,
1071 2732 1157 2794 quos
1180 2711 1304 2793 alliga·

261 2827 315 2875 tos
341 2813 489 2874 adduxi.

323 2996 476 3060 Aurelius
501 2997 621 3062 Victor
649 3003 687 3061 de
710 2997 789 3060 viris
811 2997 910 3060 illust.
939 3020 969 3059 c.
992 2995 1045 3059 58.
1089 2995 1141 3060 Ob
1166 3017 1222 3058 res
1244 3018 1304 3078 ge-

260 3113 330 3164 stas
351 3099 519 3182 superbus
543 3104 737 3163 Gracchum
767 3102 842 3162 iure
868 3122 1006 3162 caesum
1028 3098 1137 3162 videri
1163 3120 1304 3181 respon-

261 3203 312 3265 dit
325 3201 482 3283 (Scipio),
507 3205 721 3285 obstrepente
736 3205 879 3284 populo,
905 3206 1063 3275 Taccant,
1082 3201 1204 3284 inquit,
1229 3202 1303 3282 qui·

261 3306 324 3367 lrus
345 3306 449 3370 Italia
471 3327 635 3381 nouerca,
661 3327 730 3367 non
756 3316 866 3366 mater
890 3316 959 3374 est;
988 3315 1021 3365 et
1041 3303 1198 3366 addidit:
1219 3323 1304 3385 quos

262 3428 327 3490 ego
349 3408 412 3470 sub
430 3425 560 3471 corona
581 3407 736 3470 vendidi!

325 3584 518 3648 Plutarchus
531 3585 817 3666 Apophthegmata
834 3585 876 3646 T.
889 3565 988 3646 VIII.
1006 3585 1058 3646 ed.
1071 3585 1165 3645 Hutt.
1182 3603 1216 3661 p.
1233 3582 1305 3642 155.

260 3687 326 3750 ἐπεὶ
345 3688 380 3750 ct
401 3682 459 3765 τὴν
478 3688 673 3771 Νομαντίαν
698 3682 776 3751 ἑλὼν
802 3690 857 3749 καὶ
880 3680 1116 3770 θριαμβεύσας
1138 3678 1176 3746 τὸ
1200 3677 1307 3746 δεύτε-

262 3811 336 3874 ρον,
363 3783 447 3875 πρὸς
467 3782 571 3854 Γάϊον
592 3783 745 3873 Γράκχον
769 3781 850 3871 ὑπέρ
877 3810 912 3851 τε
935 3787 992 3866 τῆς
1011 3785 1134 3869 βουλῆς
1160 3789 1216 3848 καὶ
1244 3783 1308 3848 τῶν

261 3884 440 3975 συμμάχων
469 3893 609 3969 κατέστη
640 3884 806 3978 διαφορὰ,
836 3893 892 3952 καὶ
922 3883 1125 3967 λυπούμενος
1155 3882 1173 3951 ὁ
1206 3887 1309 3970 δῆμος

262 3987 469 4080 ἐθορύβησεν
483 3988 586 4058 αὐτὸν
601 3993 653 4056 ἐπὶ
668 3992 726 4056 τόν
744 3984 903 4075 βήματος.
928 3985 1005 4073 Ἐμὲ
1024 3992 1137 4069 (liner)
1154 3985 1309 4055 οὐδέποτε

263 4097 493 4182 στρατοπέδων
517 4089 711 4178 ἀλαλαγμὸς
740 4087 965 4180 ἐθορύβησεν,
988 4086 1096 4175 dictys
1121 4084 1309 4174 συγκλύδων

264 4188 472 4284 ἀνθρώπων,
507 4184 551 4261 ὧν
576 4191 615 4261 ὃν
638 4197 765 4284 μητέρα
789 4190 847 4273 τὴν
866 4190 1011 4260 Ἰταλίαν
1036 4188 1124 4256 ἄλλα
1146 4182 1310 4275 μητρυιὰν

265 4291 369 4360 ὀῦοαν
384 4297 571 4379 ἐπίσταμαι.
605 4297 678 4362 Τῶν
692 4298 728 4361 δὲ
742 4300 814 4377 περὶ
833 4291 892 4362 τὸν
902 4289 1005 4362 Γάϊον
1019 4289 1172 4376 βοώντων
1186 4293 1310 4356 κτεῖναι

1478 4100 1480 4189 l
