2992 4840
1177 363 1238 428 703

266 521 310 568 nte
324 521 435 580 Religion
456 522 498 566 der
515 520 606 566 lldmer
630 525 646 566 t.
665 521 674 565 l
691 535 715 578 p.
733 516 779 565 166
793 537 843 582 sqq.
884 526 982 584 Pighius
997 529 1013 569 l.
1029 527 1045 570 1.
1071 525 1141 570 dicit:
1167 524 1246 585 Atque

268 610 388 666 inprimis
410 614 465 652 erut
489 607 580 653 urbani
596 610 743 668 praetoris,
763 613 959 671 surrepetur«
979 613 1006 658 in
1028 613 1088 657 urdo
1108 615 1245 673 uceuppli·

269 697 397 750 cultores,
420 710 484 755 quoe
505 695 544 740 tte
566 711 593 742 eo
615 711 681 742 anno
699 704 758 744 eunt
777 699 903 762 ludicrae,
922 715 1025 750 curare.

235 829 261 869 ut
277 819 379 882 debilis]
416 824 509 868 romani
533 823 599 868 nefas
624 824 757 879 habebant,
777 839 934 886 numnquam,
961 840 1063 884 corpore
1085 828 1244 882 debilitatum,

269 924 337 956 sacre
354 909 449 966 publica
472 911 516 954 diis
539 910 629 956 lacere.
668 912 775 972 Hartung
799 919 816 957 t.
839 912 862 958 1.
883 928 906 968 p.
923 911 980 959 181.

585 1141 676 1198 XXV.
710 1141 738 1200 C.
762 1142 859 1201 Titius.

264 1287 383 1354 Cicero
403 1285 517 1352 scribit
536 1287 568 1352 in
582 1289 687 1353 Bruto
706 1313 736 1352 c.
754 1292 812 1366 15,
834 1293 906 1365 167,
942 1289 983 1356 C.
1002 1291 1121 1355 Titium
1137 1297 1245 1360 eadem

202 1389 321 1455 vixisse
346 1398 463 1466 aetate,
487 1412 550 1477 qua
577 1391 753 1454 Antonium
783 1405 814 1457 et
839 1391 1011 1470 Crassum,
1038 1395 1093 1481 qui
1115 1395 1186 1461 inde
1206 1401 1246 1461 alr

202 1515 231 1556 a.
249 1493 311 1556 606
338 1491 427 1574 (118)
447 1516 546 1579 usque
570 1497 610 1558 ad
634 1515 663 1556 a.
682 1493 740 1556 667
767 1496 835 1574 (87)
863 1494 1029 1573 vixerunt,
1054 1501 1247 1586 eundemque

204 1595 368 1660 orationes
394 1594 575 1681 reliquisse.
620 1595 692 1659 Nec
713 1595 873 1678 discrepat
894 1620 912 1660 a
934 1597 1092 1664 Cicerone
1112 1603 1248 1666 Macro·

202 1697 291 1777 bius,
316 1695 372 1783 qui
391 1697 424 1761 in
440 1697 652 1763 Saturnalium
667 1697 725 1761 lib.
743 1699 848 1772 9,12.
882 1699 1002 1763 Titium
1017 1701 1130 1764 virum
1150 1715 1245 1766 aeta·

203 1800 248 1864 tis
273 1801 474 1865 Lucilianae
498 1801 660 1885 appellat:
692 1799 852 1864 Lucilium
882 1813 983 1866 autem
1015 1824 1045 1866 a.
1070 1805 1132 1867 606
1159 1805 1249 1886 (118)

204 1915 330 1980 natum,
354 1925 372 1967 e
395 1905 462 1967 vita
491 1904 667 1968 excessisse
692 1914 817 1967 constat
837 1925 868 1968 a.
892 1906 950 1968 651
977 1905 1078 1986 (103).

269 2060 351 2125 Cum
379 2073 481 2125 autem
514 2061 556 2127 C.
582 2061 688 2126 Titius
721 2065 825 2146 legem
857 2061 1011 2125 Fanniam
1046 2064 1248 2127 sumtuariam

207 2163 357 2240 suaserit,
381 2186 461 2248 quae
488 2186 519 2226 a.
542 2163 603 2227 593
631 2164 721 2244 (161)
740 2164 800 2226 lata
826 2175 888 2240 est,
915 2186 1048 2250 eamque
1074 2166 1250 2230 orationem

209 2265 601 2350 memoriae'prodiderit,
625 2266 737 2351 quaeri
758 2277 880 2348 potest,
903 2279 1008 2330 utrum
1021 2267 1136 2342 Titius,
1163 2269 1251 2332 cuius

207 2372 290 2451 apud
314 2367 506 2434 Ciceronem
533 2368 619 2432 lacta
641 2379 688 2432 est
715 2365 852 2441 mentio,
876 2367 917 2430 sit
942 2367 1187 2450 intelligendus,
1212 2391 1251 2433 au

208 2470 313 2533 Titius
337 2469 457 2533 senior.
494 2471 559 2533 Sed
585 2467 757 2532 verisimile
781 2481 842 2543 est,
867 2489 962 2532 unum
988 2482 1105 2531 tantum
1131 2470 1252 2534 'l'itium

209 2585 371 2636 oratorem
386 2569 505 2649 fuisse,
529 2573 726 2654 eundemque
741 2570 973 2632 adolescentem
990 2592 1072 2634 anno
1088 2571 1148 2634 593
1165 2572 1253 2652 (161)

207 2675 309 2760 legem
333 2671 484 2736 Fanniam
508 2665 642 2738 suasisse'
665 2685 695 2735 et
718 2683 820 2734 tamen
847 2671 939 2733 aetati
961 2671 1147 2736 Lucilianae
1171 2673 1253 2738 inse·

207 2779 339 2840 rendum
371 2796 453 2837 esse.
504 2774 641 2859 Pighius
670 2774 818 2848 coniicit,
851 2773 972 2836 Titium
1002 2795 1031 2837 a.
1060 2777 1121 2839 593
1151 2777 1252 2857 (161)

208 2889 432 2966 quaestorem,
457 2899 483 2947 a.
507 2877 567 2942 599
588 2878 676 2958 (155)
698 2877 859 2940 tribunum
880 2875 1003 2957 plebis,
1028 2899 1058 2940 a.
1080 2879 1138 2939 601
1162 2881 1254 2959 (153)

209 2979 361 3058 aedilem,
392 3002 421 3044 a.
446 2981 507 3043 601
533 2981 622 3059 (150)
650 2993 831 3061 praetorem
858 2975 965 3048 fuisse.
1009 2977 1145 3042 Fischer
1170 3002 1253 3065 quo·

210 3106 271 3171 que
293 3081 685 3160 (RdmischeZeittafeln)
708 3079 837 3155 scribit,
859 3079 974 3144 Titium
1003 3101 1032 3143 a.
1061 3081 1122 3146 593
1149 3083 1254 3167 legem

209 3185 363 3250 Fanniam
393 3184 540 3248 suasisse.

223 3389 225 3395 ,
273 3327 537 3389 Westermannus
559 3335 661 3388 autem
691 3348 724 3408 p.
751 3325 811 3386 191
836 3335 940 3406 putat,
970 3323 1108 3400 Titium,
1138 3346 1253 3410 aequa·

210 3428 271 3491 lem
298 3427 437 3492 Antonii
462 3439 494 3491 et
522 3427 701 3502 Herennii,
736 3449 799 3490 uon
829 3449 859 3489 a.
882 3427 944 3490 593
975 3425 1078 3509 legem
1104 3426 1256 3492 Fanniam

211 3533 344 3594 suadere
368 3529 529 3612 potuisse,
553 3532 610 3591 sed
632 3529 739 3592 multis
762 3527 850 3592 annis
874 3541 1000 3612 postea.
1039 3532 1104 3591 Sed
1129 3531 1256 3613 quando

211 3631 245 3696 id
258 3631 393 3710 iecerit,
419 3652 522 3717 quave
547 3631 717 3696 occasione
738 3630 852 3692 iterum
876 3632 913 3692 de
937 3630 1008 3714 lege
1032 3629 1154 3694 Fannia
1180 3651 1256 3713 age-

211 3745 302 3798 retur
333 3739 421 3812 (eam
452 3733 535 3798 euim
566 3755 596 3796 a.
621 3733 682 3797 593
715 3733 808 3794 latam
838 3753 927 3808 esse,
965 3731 1104 3796 dubitari
1135 3731 1256 3814 nequit.

212 3836 301 3900 cous.
323 3836 448 3902 Baiteri
472 3837 573 3902 Index
596 3836 723 3920 Legum
750 3834 904 3899 Ciceron.
930 3856 965 3916 p.
988 3836 1094 3914 973),
1123 3852 1257 3913 prorsus

212 3936 368 4002 incertum
393 3950 453 4002 est.

278 4077 371 4140 Alius
392 4077 489 4152 Titii,
520 4098 582 4141 non
610 4078 765 4152 ciusdem,
798 4077 833 4137 fir
859 4074 978 4138 mentio
1009 4074 1093 4155 apud
1120 4068 1259 4133 Dionem

216 4178 362 4244 Cassium
400 4181 586 4263 Fragment.
620 4201 652 4241 n.
681 4181 753 4240 111.
789 4182 845 4257 (n.
871 4175 932 4238 243
962 4173 994 4236 in
1024 4169 1171 4236 versione
1195 4175 1260 4238 Ta.

215 4279 330 4361 felii):
369 4277 473 4356 Γάϊος
500 4282 628 4362 Τίτιος,
657 4276 740 4368 ἀνὴρ
773 4275 933 4364 ἀγοραῖος
958 4279 1015 4341 καὶ
1043 4275 1077 4341 ἐκ
1108 4273 1264 4358 δικαστη-
