2992 4840
1170 377 1229 440 tot

180 543 230 594 tra
265 526 321 590 Ti.
351 527 535 590 Gracchum
569 525 722 604 dixisset,
758 539 940 609 praeturam
974 551 1003 592 s.
1030 531 1088 592 691
1119 533 1228 610 (133),

180 631 379 698 consulatum
405 650 435 692 a.
464 628 525 691 696
547 631 638 710 (198)
662 629 852 694 obtinuisse.
897 630 1013 694 Livius
1035 633 1118 696 cuim
1140 636 1229 702 testie

181 746 251 809 est,
278 732 417 797 Aonium
446 730 508 794 iarn
536 731 737 795 consularem
763 731 861 797 fuisse
883 754 914 796 a.
938 735 999 796 691
1022 735 1136 814 (tuom
1164 737 1228 822 igi·

180 849 235 900 tur
256 833 381 899 Annius
402 834 516 898 consul
539 855 570 898 a.
594 835 656 897 696
679 834 759 900 alius
783 847 843 899 cst.
888 833 989 900 Conl.
1011 837 1231 926 Drakenborg

180 943 220 1002 ad
246 937 337 1001 Livii
363 935 453 1018 Epit.
482 936 536 1000 58.
608 979 613 984 -

243 1040 360 1106 Livius
385 1037 479 1121 Epit.
508 1038 566 1102 lib.
593 1040 647 1104 58.
707 1040 765 1104 Ti.
797 1041 1023 1123 Sempronius
1052 1047 1228 1110 Gracchus

180 1144 343 1208 tribunus
359 1141 471 1226 plebis
491 1147 571 1204 edm
592 1145 704 1226 legem
721 1143 904 1226 agrariam
916 1140 1043 1233 ferret
1060 1147 1228 1212 adversm

180 1249 392 1310 voluntatem
417 1257 559 1308 senatus
586 1256 621 1307 et
646 1244 817 1329 eqttestris
840 1245 988 1324 ordinis,
1013 1267 1056 1310 ne
1078 1251 1156 1333 quis
1180 1273 1228 1314 eac

176 1349 317 1432 publico
335 1369 426 1432 agro
441 1349 524 1430 plus
546 1367 650 1431 quam
668 1346 858 1431 octingenta
876 1348 1003 1432 iugera
1017 1351 1225 1432 possideret,

178 1449 215 1514 in
243 1471 323 1513 eum
339 1448 516 1541 furorem
546 1448 706 1526 exarsit,
750 1461 789 1512 ut
819 1453 875 1514 Μ.
902 1450 1047 1516 Octauio
1075 1456 1227 1537 collegae

180 1573 324 1616 causam
352 1553 510 1616 diuersae
538 1552 652 1634 partis
685 1548 889 1642 defendenti
917 1565 1125 1635 potestatem
1152 1559 1229 1640 lege

179 1657 252 1718 lota
287 1655 478 1737 abrogaret
509 1675 611 1738 seque
647 1665 681 1717 et
716 1657 754 1718 0.
785 1657 979 1718 Gracchum
998 1654 1165 1747 fratrem
1194 1673 1229 1724 et

179 1761 250 1840 Ap.
278 1756 463 1822 Claudium
495 1778 654 1820 socerum
688 1755 888 1820 triumuiros
923 1758 970 1820 ad
1006 1759 1227 1826 diuidendum

178 1879 307 1942 ugrum
331 1870 480 1924 crearet.
524 1859 767 1942 Promutgauit
796 1871 831 1922 et
850 1858 959 1924 oliam
985 1863 1096 1945 legem
1118 1883 1225 1948 agra·

178 1962 290 2038 riam,
315 1959 475 2045 quesibi
501 1961 606 2024 latius
631 1981 760 2043 agrum
782 1958 1026 2051 patefaceret„
1060 1976 1100 2028 ut
1121 1965 1226 2034 iidem

177 2063 355 2128 triumuiri
377 2063 586 2139 iudicarent,
613 2083 683 2147 qua
702 2064 861 2146 publicus
886 2085 986 2147 ager,
1017 2087 1087 2150 qua
1107 2069 1227 2150 priva·

177 2179 236 2232 tus
254 2177 358 2230 esset.
402 2165 539 2230 Deinde
561 2187 639 2230 cum
663 2167 776 2229 minus
797 2168 879 2250 agri
898 2181 988 2232 esset
1009 2191 1114 2253 quam
1136 2175 1229 2255 quod

181 2269 291 2332 dividi
313 2280 434 2351 posset
454 2267 528 2332 sine
552 2265 691 2356 offensa
710 2269 816 2332 etiam
838 2271 956 2352 plebis,
984 2273 1147 2354 quoniam
1169 2297 1228 2340 eos

181 2372 229 2434 ad
249 2371 473 2455 cupiditatem
493 2374 647 2453 amplum
667 2373 806 2434 modum
822 2372 987 2453 sperandi
1001 2373 1226 2450 incitaverat,

180 2477 292 2556 legem
312 2496 349 2536 se
370 2477 680 2558 promulgaturum
701 2473 870 2549 Ostendit,
897 2486 934 2536 ut
957 2473 1020 2548 iis,
1050 2475 1109 2557 qui
1131 2479 1228 2539 Sem-¹

174 2577 306 2660 pronia
331 2579 406 2659 lege
431 2597 560 2658 agrum
580 2577 736 2658 occipere
757 2575 930 2652 deberent,
956 2576 1115 2658 pecunia,
1139 2599 1226 2661 quae

178 2679 273 2762 regis
302 2680 417 2743 Attali
437 2677 603 2769 fuisset,
639 2678 864 2742 diuideretur.
916 2677 1089 2742 Heredem
1109 2691 1227 2742 autem

168 2785 345 2866 ,populum
368 2801 554 2846 romanum
576 2781 763 2865 reliquerat
784 2783 937 2856 Attalus,
964 2802 1031 2844 rex
1049 2782 1225 2864 Pergami,

177 2883 345 2950 Eumenis
359 2883 481 2962 filius.
528 2887 597 2948 Tot
623 2883 892 2966 indignitatibus
922 2895 1113 2946 <commotus
1143 2906 1227 2967 gra·

60 3046 62 3050 .
178 2989 266 3050 viter
286 2998 440 3063 sendus,
462 2998 543 3050 ante
564 3007 683 3061 omnes
709 2990 753 3050 Τ.
772 2985 941 3050 Annius
962 2987 1224 3062 consularis,

180 3090 342 3173 quicum
371 3089 407 3152 in
431 3101 554 3152 senatu
578 3090 613 3152 in
639 3090 833 3153 Gracchum
856 3100 1080 3170 perorasset,
1104 3101 1228 3172 ruptus

178 3192 222 3254 ab
246 3212 289 3256 eo
310 3191 359 3254 ad
379 3193 548 3275 populum
574 3191 776 3274 delatusque
797 3191 910 3274 plebi,
941 3213 1065 3256 rursus
1090 3192 1126 3254 in
1149 3215 1228 3254 eum

175 3315 245 3377 pro
270 3294 398 3358 rostris
421 3295 642 3358 contionatus
662 3305 727 3358 est.

242 3396 331 3461 Plut.
357 3395 435 3460 Tib.
465 3398 674 3462 Gracchoc.
700 3399 753 3462 tt.
796 3399 897 3474 Τίτος
914 3393 1059 3478 Ἄννιος,
1081 3393 1140 3464 οὐκ
1159 3397 1228 3464 ἐντι-

179 3495 266 3579 εικὴς
286 3505 347 3584 pir
340 3495 442 3565 οὐδὲ
461 3494 609 3618 adspectu
631 3498 866 3620 isdemnec,
851 3524 884 3566 su
909 3502 943 3565 δὲ
930 3495 1053 3590 stipo
1077 3505 1151 3589 περὶ
1168 3497 1229 3581 τὰς

178 3595 351 3690 ἐρωτήσεις
373 3608 429 3668 καὶ
449 3597 640 3690 ἀποκρίσεις
661 3599 791 3689 ἄμαχος
811 3599 898 3668 ὲιναι
924 3601 1046 3682 δοκιον,
1075 3625 1120 3682 τις
1135 3596 1228 3689 ὁρισ·

123 3702 139 3720 “
177 3699 242 3787 μόν
272 3728 348 3770 τινα
375 3701 593 3795 προύκαλεῖτο
618 3703 676 3771 τὸν
705 3701 908 3792 Τιβέριον,
894 3729 913 3784 η
938 3699 1005 3790 μὴν
1033 3700 1122 3794 ἱερὸν
1143 3700 1227 3770 ὅντα

178 3811 235 3872 καὶ
258 3802 448 3874 decursu
474 3809 539 3874 τῶν
565 3803 675 3893 νόμων
702 3803 899 3894 ἠτιμωκέναι
924 3802 983 3872 τὸν
1010 3801 1227 3894 συνάρχοντα.

183 3904 423 3998 (θορυβούντων
453 3912 489 3976 δὲ
519 3911 744 3977 calmetam
742 3905 905 3993 δνσας
890 3933 908 3975 ο
936 3910 1089 4023 Τιβέριος
1111 3903 1169 3970 τὸν
1195 3929 1229 3970 τε

179 4011 284 4096 δῆμον
305 4009 476 4080 συνεκάλει
499 4017 556 4081 καὶ
574 4010 631 4079 τὸν
641 4009 775 4078 ’Ἄννιον
795 4008 945 4099 ἀχθῆναι
964 4002 1119 4084 κελεύοοις
1135 4001 1230 4092 idei·

179 4115 254 4180 λττο
278 4121 482 4205 κατηγορεῖν.
523 4111 560 4182 ‘0
585 4119 621 4182 δὲ
643 4115 766 4206 καὶτῷ
788 4111 875 4206 λόγῳ
900 4115 956 4176 καὶ
979 4111 1017 4203 τῇ
1043 4103 1121 4200 ὸόξῃ
1143 4106 1227 4174 πολι)

180 4211 370 4304 λειπόμενος
392 4215 438 4296 εἰς
460 4215 520 4300 τὴν
540 4217 661 4284 ἑαυτοῦ
680 4212 852 4296 δεινότητα
873 4206 1048 4280 κατεδύετο
1070 4214 1125 4275 καλ
1142 4235 1228 4302 παρ.

179 4313 286 4386 mdiu
315 4317 418 4411 μικροὶ
443 4317 507 4411 πρὸ
533 4321 597 4384 τῶν
621 4313 726 4402 λόγων
759 4314 1012 4408 ἀποκρίνασθαι
1042 4309 1100 4381 τὸν
1131 4315 1228 4406 'liris'-
