2958 4840
238 369 299 431 bot

238 545 293 586 res
321 545 400 586 cum
429 525 636 588 Germanico
664 535 796 608 gestas.
842 529 978 590 Nomen
1006 528 1120 610 patris
1148 533 1287 612 patriae

235 625 406 700 Tiberius,
429 646 452 687 a
471 629 602 708 populo
622 627 761 708 saepius
783 627 969 710 ingestum,
994 630 1201 711 repudiavit,
1226 653 1285 695 ne-

235 749 300 812 que
328 727 364 790 in
393 739 471 790 acta
503 749 570 790 sua
599 728 713 791 iurari
748 749 955 813 quamquam
985 743 1140 794 censente
1162 746 1286 798 senatu

231 829 401 910 permisit,
426 840 549 890 cuncta
571 830 769 892 mortalium
798 831 949 904 incerta,
981 844 1176 916 quantoque
1202 837 1285 916 plus

232 931 378 1012 adeptus
388 928 509 1021 foret,
533 943 631 993 tanto
652 952 688 992 se
712 932 824 1016 mogis
845 933 881 993 in
903 932 1034 994 lubrico
1057 933 1231 996 dictitans.

548 1123 577 1180 t.
598 1123 695 1182 Oratio
714 1126 751 1184 do
768 1125 957 1192 Maroboduo.

297 1253 377 1316 Eam
401 1251 483 1315 dixit
499 1250 650 1316 Tiberius
673 1276 703 1317 a.
728 1257 789 1316 772
811 1257 864 1332 (19
887 1277 918 1336 p.
943 1254 1037 1334 ch).
1063 1255 1194 1318 Tacitus
1212 1258 1278 1319 An·

235 1355 298 1418 nal.
323 1357 355 1419 2.
388 1355 442 1417 63.
486 1356 707 1419 Maroboduo
739 1357 888 1440 undique
915 1357 1050 1419 deserto
1080 1378 1148 1418 non
1183 1359 1283 1420 aliud

232 1457 423 1520 subsidium
452 1479 554 1540 quam
583 1458 821 1520 misericordia
853 1460 1013 1522 Caesaris
1034 1457 1132 1546 fuit.
1165 1473 1279 1522 trans-

229 1579 372 1640 gressus
394 1559 610 1634 Danubium,
643 1581 712 1643 qua
733 1561 901 1624 Noricam
929 1561 1143 1642 provinciam
1175 1584 1277 1644 prae-

220 1661 328 1751 fluit,
354 1661 495 1743 scripsit
517 1662 656 1724 Tiberio
678 1683 746 1724 non
768 1674 805 1722 ut
818 1661 1000 1752 profugus
1021 1675 1082 1724 aut
1109 1667 1275 1746 supplex,

231 1763 293 1824 sed
314 1786 360 1824 ex
382 1764 550 1824 memoria
569 1764 700 1843 prioris
709 1761 902 1852 fortunae.
925 1785 1007 1826 nam
1029 1765 1144 1827 multis
1165 1767 1276 1829 natio-

230 1863 330 1925 nibus
357 1863 587 1925 clarissimum
608 1864 782 1947 quondam
803 1888 921 1948 regem
945 1867 993 1928 ad
1017 1889 1053 1928 se
1081 1867 1277 1930 vocantibus

230 1985 411 2027 romanam
444 1964 633 2027 amicitiam
660 1967 880 2046 praetulisse.
912 1989 1114 2049 responsum
1146 1973 1276 2042 allae·

233 2088 312 2129 sare
334 2079 446 2128 tutam
467 2067 499 2128 ei
520 2069 792 2150 honoratamque
813 2069 926 2131 sedern
949 2071 984 2131 in
1007 2071 1112 2135 ltalia
1124 2068 1229 2159 fore,
1243 2074 1274 2132 si

232 2184 403 2235 maneret:
425 2170 479 2232 sin
509 2169 609 2232 rebus
632 2170 706 2232 eius
736 2171 833 2232 aliud
859 2172 1073 2247 conduceret,
1099 2173 1273 2236 abiturum

220 2271 302 2349 fide
322 2292 391 2355 qua
411 2271 570 2333 venisset.
615 2275 774 2335 Ceterum
795 2273 890 2358 apud
911 2285 1069 2338 senatum
1096 2274 1271 2347 disseruit,

227 2393 296 2435 nou
317 2373 512 2454 Philippum
535 2373 809 2446 Atheniensibus,
829 2394 896 2435 non
920 2378 1096 2460 Pyrrhum
1116 2387 1178 2437 aut
1199 2377 1271 2440 An·

228 2476 380 2538 tiochum
402 2477 534 2557 populo
562 2495 708 2536 romano
735 2475 880 2556 perinde
910 2476 1110 2538 metuendos
1132 2475 1270 2565 fuisse.

228 2579 363 2640 Extat
386 2576 546 2652 oratio,
569 2597 651 2659 qua
671 2577 1023 2660 magnitudinem
1051 2578 1151 2654 oiri,
1183 2580 1271 2641 vio·

224 2679 1271 2763 lentiamsubiectarumeigentium,etquompro·

221 2781 1271 2865 pinquusltaliaehostis,suaqueindestruendo

225 2905 274 2946 eo
296 2883 486 2946 consilia
508 2883 687 2945 extulit.
716 2886 763 2946 Et
786 2884 1025 2948 Maroboduus
1046 2885 1181 2968 quidem
1196 2889 1268 2948 Ra·

223 3007 350 3048 vennae
371 2986 517 3061 habitus,
541 2986 572 3046 si
592 2984 730 3069 quando
753 2984 995 3048 insolescerent
1017 2988 1136 3060 Saevi,
1168 2989 1271 3069 quasi

223 3086 399 3148 rediturus
420 3086 456 3148 in
479 3107 625 3168 regnum
647 3089 896 3150 ostentabatur.
942 3089 1010 3152 Sed
1031 3109 1099 3150 non
1122 3091 1269 3152 excessit

222 3188 327 3250 ltalia
344 3209 409 3268 per
430 3189 558 3251 XVIII
575 3208 697 3252 annos.

284 3289 371 3353 Suet.
394 3287 468 3350 Tib.
492 3289 543 3354 37.
586 3292 763 3372 Quosdam
783 3313 847 3373 per
867 3292 1052 3354 blanditias
1067 3305 1168 3376 atque
1182 3315 1265 3374 pro·

222 3388 329 3450 missa
349 3399 527 3454 extractos
548 3392 596 3453 ad
616 3414 653 3454 se
674 3412 742 3454 non
765 3393 917 3467 remisit,
942 3406 981 3456 ut
1005 3396 1267 3459 Maroboduum

221 3493 445 3556 Germanum.

463 3633 492 3688 5.
532 3632 672 3688 Laudatio
692 3633 820 3690 funebris
839 3635 923 3690 Drusi
944 3635 1006 3696 filii.

281 3762 329 3822 Ea
351 3773 399 3824 est
420 3760 527 3828 habita
556 3785 584 3828 a.
609 3765 668 3826 776
696 3765 777 3844 (23).
822 3767 942 3832 Seneca
970 3769 1009 3834 de
1034 3765 1266 3836 Consolatione

216 3866 257 3928 ad
278 3861 438 3931 Marciam
463 3886 495 3929 c.
520 3866 571 3931 15.
617 3866 776 3932 Tiberius
798 3870 927 3934 Caesar
955 3881 989 3934 et
1015 3891 1115 3952 quem
1136 3891 1265 3953 genue-

216 3977 272 4030 rat
293 3977 327 4032 et
348 3988 448 4049 quem
469 3967 707 4048 adoptaverat,
731 3968 860 4047 amisit,
884 3969 957 4050 ipse
979 3980 1094 4035 tamen
1115 3993 1183 4054 pro
1208 3994 1265 4038 ro·

214 4067 298 4129 stris
314 4068 467 4130 laudavit
483 4068 616 4144 filium,
634 4068 793 4151 stetitque
805 4071 840 4132 in
855 4083 1034 4152 conspectu
1053 4073 1170 4154 posito
1185 4095 1263 4138 cor·

208 4189 296 4248 pore
317 4167 498 4236 interiecto
519 4170 757 4242 tantummodo
779 4175 980 4251 velamento,
1003 4174 1096 4256 quod
1113 4174 1263 4256 pontifi-

209 4267 259 4336 cis
281 4272 398 4336 oculos
418 4291 441 4332 a
450 4267 589 4356 funere
610 4283 755 4350 arceret,
779 4273 942 4364 etflcnte
962 4278 1092 4358 populo
1112 4295 1260 4343 romano
