2958 4840
256 341 316 406 6³6

259 500 389 564 minum
421 507 580 562 nostrum
605 493 796 560 Arecatwn
831 459 971 560 messian
1001 497 1158 578 publicos
1191 498 1309 580 egisse

257 599 471 668 concordiae.
519 601 616 664 Vale.

296 741 342 799 16.
383 740 482 796 Oratto
501 755 553 810 pru
573 737 689 794 Valerio
709 737 879 802 Fortunato,
903 743 1075 810 quaesturae
1094 739 1261 795 candidato.

322 851 443 936 Agitur
468 851 499 912 iu
524 849 616 912 huius
645 849 799 913 orationis
821 851 1002 932 fragmento
1031 851 1069 912 dc
1097 851 1225 914 homine
1244 875 1304 915 uo·

257 953 332 1030 bili,
371 964 535 1017 matronae
566 952 671 1033 inopis
698 951 784 1026 filio,
811 952 882 1035 -qui
913 952 1061 1034 impensis
1098 952 1304 1036 magistratus

259 1055 402 1121 serendis
422 1056 601 1119 laborabat.
640 1054 694 1116 Sic
711 1053 832 1128 Maius,
852 1054 908 1138 qui
927 1053 1063 1136 primum
1083 1055 1116 1117 iu
1136 1055 1212 1118 edit.
1234 1057 1305 1120 Ro·

256 1180 346 1222 mana
372 1179 401 1222 a.
426 1155 519 1220 1823.
539 1156 650 1220 edidit.
697 1156 785 1218 ldem
812 1156 963 1219 Valerius
989 1156 1228 1240 intelligendus,
1251 1162 1303 1219 ad

256 1283 350 1348 quem
373 1261 580 1340 Symmachus
603 1257 769 1339 epistolam
790 1257 874 1321 dedit
896 1259 918 1321 l.
939 1259 973 1332 8,
1001 1261 1053 1322 57.
1277 1261 1281 1268 '

526 1398 572 1456 17.
613 1397 712 1453 Oratio
732 1398 768 1453 dc
795 1412 846 1454 ara
865 1399 1019 1454 Victoriae.

318 1513 367 1574 Ea
392 1509 497 1575 oratio
518 1531 582 1574 nou
609 1513 692 1590 apud
714 1509 940 1591 imperatorem
966 1510 1090 1584 habita,
1124 1516 1233 1572 verum
1262 1516 1304 1573 ad
1431 1509 1435 1516 ’

256 1636 325 1678 eum
351 1613 445 1676 missa
471 1624 535 1688 est,
573 1623 666 1696 atque
695 1622 782 1674 extat
810 1612 891 1674 iuter
921 1611 1086 1694 Epistulas
1114 1613 1298 1692 Symmachi

253 1717 277 1778 l.
303 1719 344 1779 to
369 1717 422 1778 bl.
468 1715 675 1794 Symmachus
703 1714 872 1777 Prelectus
901 1714 974 1776 urbi
1002 1727 1140 1778 veterem
1165 1717 1299 1778 deorum

253 1818 369 1883 cultum
392 1816 615 1879 instaurasset
633 1835 717 1876 aram
738 1815 925 1888 Victoriae,
947 1838 1029 1899 quae
1051 1817 1083 1881 iu
1106 1817 1184 1880 Iulia
1208 1817 1298 1881 curia

254 1921 408 2002 usquead
426 1916 572 1980 Gratiani
590 1929 736 1999 tempora
754 1917 925 1995 collocata,
948 1921 988 1982 ab
1008 1922 1072 1983 hoc
1089 1918 1296 2001 imperatore,

251 2019 404 2104 precihus
419 2020 602 2104 indulgente
625 2017 902 2098 Christianorum,
926 2034 1047 2085 remota
1061 2021 1184 2098 fuerat,
1205 2021 1302 2084 resti·

252 2136 342 2187 tuere
357 2136 490 2187 conatus
509 2134 574 2198 est,
602 2125 704 2206 deque
724 2143 760 2185 ea
779 2144 814 2185 re
830 2123 1046 2187 consentiente
1062 2135 1185 2188 senatus
1206 2135 1301 2206 parte

252 2225 375 2290 maiore
388 2227 428 2288 ad
445 2222 701 2288 Valentinianum
722 2223 879 2290 iuniorem
901 2225 1009 2289 retulit
1025 2247 1055 2288 a.
1078 2227 1140 2290 384
1158 2249 1192 2307 p.
1214 2225 1300 2290 Chr.

254 2328 447 2391 Ambrosius
472 2349 570 2402 vero,
592 2325 762 2408 episcopus
776 2325 1047 2401 Mediolanensis‚
1073 2339 1185 2391 contra
1209 2330 1303 2408 Sym-

255 2429 357 2494 machi
386 2428 574 2493 relatiouem
596 2451 623 2492 s.
651 2428 826 2492 orationem
851 2428 981 2510 scripsit
1011 2429 1154 2514 vicitque
1186 2433 1302 2493 adver-

254 2533 388 2609 sarium,
406 2544 439 2593 ut
460 2553 501 2594 ex
523 2533 643 2594 duabus
663 2529 830 2595 Ambrosii
859 2530 1136 2614 Epistolis·-(quac
1162 2532 1194 2595 in
1224 2534 1302 2596 edit.

254 2635 354 2698 Iureti
366 2635 474 2715 Epist.
496 2633 678 2713 Symmachi
702 2633 843 2696 adiectae
867 2645 956 2707 sunt,
984 2645 1049 2695 tum
1079 2633 1110 2696 in
1134 2635 1304 2698 Ambrosii

256 2737 347 2818 Opp.
375 2737 456 2799 Vol.
481 2737 512 2799 2.
537 2758 564 2804 c.
586 2735 647 2799 826
675 2737 838 2819 leguntur)
865 2734 972 2799 videre
995 2737 1083 2799 licet.
1110 2737 1304 2800 Prudentius

253 2859 381 2922 quoque
400 2837 502 2900 libros
518 2840 598 2900 duos
618 2849 728 2901 contra
750 2837 933 2916 Symmachi
951 2837 1130 2901 orationem
1155 2839 1302 2902 versibus

253 2938 448 3002 hexametris
473 2939 614 3022 scripsit.
659 2937 757 3013 conf,
782 2939 951 3002 Schlosscr
972 2939 1072 3003 Univ.
1100 2942 1238 3005 Uebers.
1267 2945 1303 3006 d.

253 3044 334 3105 alten
361 3045 450 3105 Welt
469 3043 530 3112 111.
555 3044 588 3106 8.
614 3065 646 3124 p.
669 3043 728 3104 321
751 3064 842 3126 seqq.
890 3042 1016 3106 Bunsen
1043 3043 1234 3107 Bcschreib.
1265 3067 1301 3109 ν.

253 3147 352 3208 Rom.
375 3147 437 3210 lll.
460 3147 491 3209 2.
537 3147 640 3210 Roms
661 3146 769 3209 Foreu
789 3166 820 3225 p.
851 3144 925 3206 108.
