2966 4842
266 345 326 404 tit

330 501 473 564 Velleius
497 504 531 574 2,
557 504 609 565 36.
655 502 740 584 Quis
758 501 848 564 enim
865 503 1024 583 ignorat,
1047 503 1213 564 diremtos
1235 527 1322 586 gro-

268 604 367 666 dilms
389 605 514 666 aetatis
525 603 705 696 floruisse
727 605 790 666 hoe
810 615 962 682 tempore
985 605 1202 678 Ciceronem,
1227 610 1322 670 Hor-

270 707 429 780 tensium,
447 727 594 789 saneque
607 709 782 780 Crassum,
799 709 975 776 Catonem,
993 706 1194 787 Sulpicium,
1220 730 1323 770 moec-

271 829 334 889 que
352 811 516 876 Brutum,
535 807 723 882 Calidium,
746 807 917 880 Coelium,
943 809 1122 871 Calvum
1143 821 1176 870 et
1196 811 1323 890 proxi-

271 931 362 972 mum
393 910 550 972 Ciceroni
579 913 781 982 Caesarem,
816 932 1003 992 eorumque
1032 911 1134 972 ueluti
1162 914 1324 974 alumnos

271 1013 455 1077 Coruinum
476 1033 517 1074 ae
540 1012 728 1075 Pollionem
752 1011 923 1074 Asinium.

335 1111 511 1176 Columella
535 1117 572 1175 de
596 1135 630 1177 re
654 1112 771 1176 rustica
794 1112 850 1176 lib.
878 1116 907 1172 1.
935 1111 1078 1176 Praesit.
1104 1117 1136 1186 §.
1153 1116 1204 1182 30.
1249 1119 1326 1180 Nee

273 1219 418 1278 Brutum
456 1228 516 1277 aut
553 1216 704 1280 Coelium
734 1215 961 1278 Pollionemve
996 1237 1074 1276 eum
1104 1219 1262 1279 Messala
1290 1229 1326 1278 et

270 1321 395 1382 Caluo
430 1317 629 1380 deterruere
651 1316 693 1379 ab
718 1317 930 1399 eloquentiae
951 1317 1068 1380 studio
1080 1316 1246 1406 fulmina
1262 1319 1326 1380 illa

272 1419 458 1484 Ciceronis.

336 1520 460 1584 Plinius
484 1522 627 1602 Epistol.
655 1528 691 1595 1,
716 1524 748 1584 2.
795 1524 940 1586 Tentaoi
966 1523 1099 1584 imitari
1121 1525 1325 1586 Demosthe·

271 1609 347 1684 nem
367 1645 501 1704 semper
516 1637 625 1696 tuum,
646 1627 799 1696 Caluum,
822 1646 930 1705 nuper
948 1646 1059 1686 meum
1067 1623 1208 1705 figuris
1226 1625 1326 1686 dum-

271 1737 373 1785 taxat
395 1725 578 1787 orationis.
624 1726 718 1789 Nam
743 1727 810 1787 vim
832 1738 1010 1788 tantorum
1029 1727 1183 1788 uirorum
1200 1729 1323 1808 pauci,

270 1848 356 1907 quos
377 1847 508 1907 aequus
533 1827 680 1898 amavit,
715 1827 853 1910 assequi
873 1841 1033 1908 possunt.
1079 1830 1163 1892 Nee·
1177 1831 1328 1891 materia

271 1929 349 2006 ipsa
370 1928 447 1990 huie
473 1929 697 1992 aemulationi
713 1921 941 2011 repugnavit:
965 1951 1032 1991 non
1052 1941 1166 1992 tamen
1185 1931 1328 1993 omnino

274 2029 393 2092 Marri
414 2029 527 2093 nostri
547 2024 720 2110 ληκύθους
730 2028 917 2120 fugimus.

308 2152 419 2213 Caluum]
449 2157 501 2200 vide
521 2159 549 2200 de
568 2157 613 2200 hoe
632 2159 686 2200 loro
708 2159 823 2214 Spalding
846 2159 869 2200 iu
892 2159 991 2212 Quintil.
1012 2153 1058 2208 to,
1092 2160 1122 2217 1,
1147 2158 1203 2203 115.
1244 2158 1327 2202 Osann

343 2249 370 2288 od
390 2245 516 2298 Apuleium
541 2260 563 2298 p.
588 2243 627 2288 l8.

336 2345 456 2406 Seneca
478 2344 786 2409 Controuersiarum
809 2347 866 2408 lib.
892 2347 929 2418 3,
956 2349 1007 2408 19.
1031 2367 1064 2426 p.
1084 2349 1156 2410 256.
1181 2351 1328 2410 Caluus

276 2447 337 2508 diu
363 2469 439 2508 erim
463 2448 625 2512 Cieernne
655 2448 906 2531 iniquissimam
936 2449 1030 2510 litem
1066 2450 1107 2510 de
1129 2441 1328 2530 principatu

276 2550 489 2632 eloquentiae
510 2550 647 2623 habuit,
678 2551 846 2612 violentus
868 2564 1051 2613 aireusator
1082 2565 1114 2612 et
1137 2553 1327 2613 concitatus

265 2649 363 2740 fuit,
427 2653 562 2714 Solebat
589 2663 774 2731 praeterea
800 2653 965 2715 excedere
994 2655 1154 2720 subsellia
1184 2677 1263 2724 stro,
1295 2668 1328 2714 et

277 2754 406 2832 impetu
436 2756 546 2814 elatus
577 2774 684 2836 usque
707 2755 743 2816 in
769 2756 1049 2818 aduersariorum
1071 2769 1189 2837 partes
1211 2770 1327 2818 trans-

277 2877 430 2917 currere.
475 2858 521 2918 Et
555 2857 711 2919 earmina
741 2879 872 2941 quoque
899 2858 993 2931 eius,
1026 2860 1181 2942 quamuis
1210 2861 1329 2922 iocoso

278 2958 363 3030 sint,
398 2960 499 3031 plena
527 2972 607 3020 sunt
627 2960 776 3041 ingentis
799 2961 919 3023 animi.
964 2962 1175 3043 Compositio
1196 2983 1329 3044 quoque

279 3060 352 3120 eius
382 3061 417 3119 in
447 3061 639 3123 actionibus
666 3062 713 3123 od
734 3065 928 3145 exemplum
957 3065 1195 3127 Demosthenis
1218 3063 1327 3144 riget,

284 3162 368 3220 nint!
391 3162 426 3221 in
450 3163 511 3223 illa
531 3165 724 3244 placidum,
749 3166 834 3226 nilril
846 3167 919 3226 leue
941 3177 1009 3238 est,
1033 3166 1149 3227 omnia
1171 3177 1203 3226 et
1223 3166 1331 3226 citata

280 3275 313 3322 et
336 3263 573 3336 fluctuantia.-

241 3401 247 3408 ·
310 3389 353 3433 diu
381 3405 437 3434 curn
459 3388 588 3451 Cicerone]
626 3393 715 3436 Calvus
741 3393 866 3436 Ciceronis
888 3394 1015 3449 aemulus,
1046 3394 1098 3434 iude
1128 3395 1156 3434 eb
1189 3407 1250 3436 surio
1279 3397 1331 3438 fere

347 3473 395 3523 696
419 3493 492 3538 usque
515 3483 543 3524 ed
563 3495 586 3524 a.
612 3454 669 3524 llll.
696 3479 762 3521 uultu
787 3479 847 3520 enim
871 3477 968 3519 Cetium
984 3481 1095 3522 Ciceroni
1120 3479 1243 3532 praeferre
1267 3485 1331 3525 sole·

347 3569 417 3620 huut,
441 3574 466 3612 ut
486 3581 514 3612 ex
534 3567 681 3622 Quintiliano
705 3567 790 3609 elucet.

342 3667 529 3748 Quintilian.
554 3669 610 3741 10,
634 3669 666 3735 1,
694 3667 765 3725 115.
790 3665 908 3729 Inveni
930 3667 988 3748 qui
1004 3669 1143 3729 Caluum
1165 3668 1331 3755 praefer-

280 3781 355 3830 rent
379 3769 550 3838 omnibus,
577 3767 688 3828 inueni
706 3768 764 3849 qui
784 3768 938 3829 Ciceroni
959 3770 1254 3843 crederent,‘eurn
1279 3772 1331 3832 ni-

279 3872 349 3934 mia
369 3881 491 3931 eontra
510 3889 545 3927 se
565 3871 738 3947 calumnia
759 3892 875 3932 uerum
892 3871 1099 3952 sanguinem
1116 3871 1330 3952 perdidisse,

278 3975 339 4038 sed
371 3983 420 4035 est
450 3982 483 4033 et
518 3984 639 4034 saneta
666 3985 700 4034 et
732 3973 851 4054 grauis
886 3975 1001 4037 oratio
1031 3985 1065 4036 et
1096 3975 1271 4036 custodita
1298 3987 1332 4035 et

218 4097 220 4102 ·
269 4076 485 4162 frequenter
518 4077 694 4138 vehemens
733 4097 877 4159 quoque.
938 4077 1100 4139 Imitatur
1134 4087 1250 4138 autem
1281 4090 1332 4137 est

280 4179 477 4240 Atticorum
490 4222 498 4252 ‚
507 4174 671 4266 fecitque
693 4178 745 4241 illi
762 4189 954 4260 properata
975 4198 1069 4240 mors
1096 4177 1278 4250 iniuriam,
1302 4179 1333 4238 si

279 4279 361 4358 quid
383 4281 581 4342 adiecturus
607 4281 692 4353 sibi,
718 4302 786 4342 non
809 4281 840 4342 si
865 4280 949 4363 quid
968 4280 1188 4341 detracturus
1202 4278 1299 4367 fuit.
