<?xml version="1.0" encoding="UTF-8"?>
<!DOCTYPE html PUBLIC "-//W3C//DTD XHTML 1.0 Transitional//EN"
    "http://www.w3.org/TR/xhtml1/DTD/xhtml1-transitional.dtd">
<html xmlns="http://www.w3.org/1999/xhtml" xml:lang="en" lang="en">
 <head>
  <title>
</title>
<meta http-equiv="Content-Type" content="text/html;charset=utf-8" />
  <meta name='ocr-system' content='tesseract 3.04.00' />
  <meta name='ocr-capabilities' content='ocr_page ocr_carea ocr_par ocr_line ocrx_word'/>
</head>
<body>
  <div class='ocr_page' id='page_1' title='image "./oratorumromanor02meyegoog_0199.png"; bbox 0 0 2992 4840; ppageno 0'>
   <div class='ocr_carea' id='block_1_1' title="bbox 1150 373 1207 434">
    <p class='ocr_par' dir='ltr' id='par_1_1' title="bbox 1150 373 1207 434">
     <span class='ocr_line' id='line_1_1' title="bbox 1150 373 1207 434; baseline 0.035 -2"><span class='ocrx_word' id='word_1_1' title='bbox 1150 373 1207 434; x_wconf 83' lang='lat' dir='ltr'><strong><em>llll</em></strong></span> 
     </span>
    </p>
   </div>
   <div class='ocr_carea' id='block_1_2' title="bbox 156 523 1208 895">
    <p class='ocr_par' dir='ltr' id='par_1_2' title="bbox 156 523 1208 895">
     <span class='ocr_line' id='line_1_2' title="bbox 220 523 1206 610; baseline 0.002 -22"><span class='ocrx_word' id='word_1_2' title='bbox 220 524 372 588; x_wconf 74' lang='lat' dir='ltr'><strong>Aurelius</strong></span> <span class='ocrx_word' id='word_1_3' title='bbox 393 523 513 588; x_wconf 78' lang='lat' dir='ltr'>Victor</span> <span class='ocrx_word' id='word_1_4' title='bbox 540 527 578 588; x_wconf 89' lang='lat' dir='ltr'><strong><em>de</em></strong></span> <span class='ocrx_word' id='word_1_5' title='bbox 608 525 685 588; x_wconf 88' lang='lat' dir='ltr'><strong><em>viris</em></strong></span> <span class='ocrx_word' id='word_1_6' title='bbox 716 525 764 587; x_wconf 87' lang='lat' dir='ltr'><strong><em>ill.</em></strong></span> <span class='ocrx_word' id='word_1_7' title='bbox 791 528 843 588; x_wconf 78' lang='lat'><strong><em>58.</em></strong></span> <span class='ocrx_word' id='word_1_8' title='bbox 898 529 1014 610; x_wconf 84' lang='lat' dir='ltr'><em>Scipio</em></span> <span class='ocrx_word' id='word_1_9' title='bbox 1039 531 1206 592; x_wconf 80' lang='lat' dir='ltr'><strong><em>Aemilia·</em></strong></span> 
     </span>
     <span class='ocr_line' id='line_1_3' title="bbox 156 628 1205 712; baseline 0.005 -23"><span class='ocrx_word' id='word_1_10' title='bbox 156 649 223 689; x_wconf 92' lang='lat' dir='ltr'><strong><em>nus</em></strong></span> <span class='ocrx_word' id='word_1_11' title='bbox 250 647 375 690; x_wconf 88' lang='lat' dir='ltr'><strong><em>censor</em></strong></span> <span class='ocrx_word' id='word_1_12' title='bbox 397 628 573 692; x_wconf 87' lang='lat' dir='ltr'><strong><em>Mummio</em></strong></span> <span class='ocrx_word' id='word_1_13' title='bbox 595 631 728 711; x_wconf 77' lang='lat' dir='ltr'><em>collega</em></span> <span class='ocrx_word' id='word_1_14' title='bbox 752 629 913 712; x_wconf 78' lang='lat' dir='ltr'><strong><em>segniore</em></strong></span> <span class='ocrx_word' id='word_1_15' title='bbox 936 630 970 691; x_wconf 89' lang='lat' dir='ltr'><strong><em>in</em></strong></span> <span class='ocrx_word' id='word_1_16' title='bbox 993 643 1117 693; x_wconf 88' lang='lat' dir='ltr'><strong><em>senatu</em></strong></span> <span class='ocrx_word' id='word_1_17' title='bbox 1133 633 1205 694; x_wconf 84' lang='lat' dir='ltr'><strong><em>ait:</em></strong></span> 
     </span>
     <span class='ocr_line' id='line_1_4' title="bbox 158 729 1208 813; baseline 0.003 -20"><span class='ocrx_word' id='word_1_18' title='bbox 158 731 297 793; x_wconf 91' lang='lat' dir='ltr'><strong><em>utinam</em></strong></span> <span class='ocrx_word' id='word_1_19' title='bbox 324 729 409 792; x_wconf 88' lang='lat' dir='ltr'><strong><em>mihi</em></strong></span> <span class='ocrx_word' id='word_1_20' title='bbox 433 731 600 813; x_wconf 81' lang='lat' dir='ltr'><em>collegam</em></span> <span class='ocrx_word' id='word_1_21' title='bbox 624 743 686 794; x_wconf 89' lang='lat' dir='ltr'><strong><em>aut</em></strong></span> <span class='ocrx_word' id='word_1_22' title='bbox 712 732 894 794; x_wconf 74' lang='lat' dir='ltr'><strong><em>dedissetis</em></strong></span> <span class='ocrx_word' id='word_1_23' title='bbox 921 746 982 795; x_wconf 89' lang='lat' dir='ltr'><strong><em>aut</em></strong></span> <span class='ocrx_word' id='word_1_24' title='bbox 1006 755 1074 795; x_wconf 92' lang='lat' dir='ltr'><strong><em>non</em></strong></span> <span class='ocrx_word' id='word_1_25' title='bbox 1097 735 1208 796; x_wconf 88' lang='lat' dir='ltr'><strong><em>dedis-</em></strong></span> 
     </span>
     <span class='ocr_line' id='line_1_5' title="bbox 157 833 264 895; baseline -0.009 0"><span class='ocrx_word' id='word_1_26' title='bbox 157 833 264 895; x_wconf 82' lang='lat' dir='ltr'><strong><em>setis!</em></strong></span> 
     </span>
    </p>
   </div>
   <div class='ocr_carea' id='block_1_3' title="bbox 159 1130 1206 1296">
    <p class='ocr_par' dir='ltr' id='par_1_3' title="bbox 159 1130 1206 1296">
     <span class='ocr_line' id='line_1_6' title="bbox 159 1130 1206 1202; baseline 0.001 -14"><span class='ocrx_word' id='word_1_27' title='bbox 159 1133 189 1188; x_wconf 80' lang='lat'><strong><em>3.</em></strong></span> <span class='ocrx_word' id='word_1_28' title='bbox 222 1130 338 1198; x_wconf 76' lang='lat' dir='ltr'><strong><em>Oratio,</em></strong></span> <span class='ocrx_word' id='word_1_29' title='bbox 369 1147 454 1201; x_wconf 82' lang='lat' dir='ltr'><strong><em>quom</em></strong></span> <span class='ocrx_word' id='word_1_30' title='bbox 480 1133 552 1187; x_wconf 86' lang='lat' dir='ltr'><strong><em>dixit</em></strong></span> <span class='ocrx_word' id='word_1_31' title='bbox 576 1134 605 1186; x_wconf 90' lang='lat' dir='ltr'><strong><em>in</em></strong></span> <span class='ocrx_word' id='word_1_32' title='bbox 630 1149 773 1202; x_wconf 85' lang='lat' dir='ltr'><strong><em>censura,</em></strong></span> <span class='ocrx_word' id='word_1_33' title='bbox 799 1149 862 1189; x_wconf 86' lang='lat' dir='ltr'><strong><em>sum</em></strong></span> <span class='ocrx_word' id='word_1_34' title='bbox 887 1135 922 1188; x_wconf 84' lang='lat' dir='ltr'><strong><em>ad</em></strong></span> <span class='ocrx_word' id='word_1_35' title='bbox 947 1137 1085 1190; x_wconf 84' lang='lat' dir='ltr'><strong><em>maiorum</em></strong></span> <span class='ocrx_word' id='word_1_36' title='bbox 1113 1151 1206 1191; x_wconf 87' lang='lat' dir='ltr'><strong><em>mores</em></strong></span> 
     </span>
     <span class='ocr_line' id='line_1_7' title="bbox 519 1227 848 1296; baseline 0.003 -16"><span class='ocrx_word' id='word_1_37' title='bbox 519 1228 655 1296; x_wconf 87' lang='lat' dir='ltr'><strong><em>populum</em></strong></span> <span class='ocrx_word' id='word_1_38' title='bbox 677 1227 848 1282; x_wconf 74' lang='lat' dir='ltr'><strong>hortaretur.</strong></span> 
     </span>
    </p>
   </div>
   <div class='ocr_carea' id='block_1_4' title="bbox 162 1383 1269 4024">
    <p class='ocr_par' dir='ltr' id='par_1_4' title="bbox 227 1383 765 1464">
     <span class='ocr_line' id='line_1_8' title="bbox 227 1383 765 1464; baseline -0.004 -16"><span class='ocrx_word' id='word_1_39' title='bbox 227 1383 342 1448; x_wconf 82' lang='lat' dir='ltr'><strong>Oratio</strong></span> <span class='ocrx_word' id='word_1_40' title='bbox 365 1403 446 1446; x_wconf 85' lang='lat' dir='ltr'><strong><em>anno</em></strong></span> <span class='ocrx_word' id='word_1_41' title='bbox 470 1385 531 1444; x_wconf 72' lang='lat' dir='ltr'><strong><em>bil</em></strong></span> <span class='ocrx_word' id='word_1_42' title='bbox 555 1384 646 1464; x_wconf 78' lang='lat' dir='ltr'><strong><em>(tlt)</em></strong></span> <span class='ocrx_word' id='word_1_43' title='bbox 669 1383 765 1446; x_wconf 80' lang='lat' dir='ltr'><strong><em>dicta.</em></strong></span> 
     </span>
    </p>

    <p class='ocr_par' dir='ltr' id='par_1_5' title="bbox 162 1486 1269 4024">
     <span class='ocr_line' id='line_1_9' title="bbox 226 1486 1269 1560; baseline 0 -12"><span class='ocrx_word' id='word_1_44' title='bbox 226 1486 349 1550; x_wconf 87' lang='lat' dir='ltr'><strong><em>Gellius</em></strong></span> <span class='ocrx_word' id='word_1_45' title='bbox 363 1488 392 1560; x_wconf 82' lang='lat' dir='ltr'><strong><em>l,</em></strong></span> <span class='ocrx_word' id='word_1_46' title='bbox 408 1488 460 1547; x_wconf 75' lang='lat'><strong><em>20.</em></strong></span> <span class='ocrx_word' id='word_1_47' title='bbox 500 1491 595 1550; x_wconf 89' lang='lat' dir='ltr'><strong><em>Inter</em></strong></span> <span class='ocrx_word' id='word_1_48' title='bbox 614 1508 797 1550; x_wconf 91' lang='lat' dir='ltr'><strong><em>censorum</em></strong></span> <span class='ocrx_word' id='word_1_49' title='bbox 818 1488 1018 1550; x_wconf 80' lang='lat' dir='ltr'><strong><em>severitates</em></strong></span> <span class='ocrx_word' id='word_1_50' title='bbox 1039 1489 1109 1550; x_wconf 91' lang='lat' dir='ltr'><strong><em>tria</em></strong></span> <span class='ocrx_word' id='word_1_51' title='bbox 1125 1490 1207 1550; x_wconf 83' lang='lat' dir='ltr'><strong><em>haee</em></strong></span> <span class='ocrx_word' id='word_1_52' title='bbox 1241 1502 1269 1516; x_wconf 66' lang='lat'><em>”</em></span> 
     </span>
     <span class='ocr_line' id='line_1_10' title="bbox 162 1590 1204 1672; baseline -0.001 -20"><span class='ocrx_word' id='word_1_53' title='bbox 162 1593 322 1670; x_wconf 81' lang='lat' dir='ltr'><strong><em>exempla</em></strong></span> <span class='ocrx_word' id='word_1_54' title='bbox 352 1590 387 1650; x_wconf 89' lang='lat' dir='ltr'><strong><em>in</em></strong></span> <span class='ocrx_word' id='word_1_55' title='bbox 415 1590 540 1652; x_wconf 89' lang='lat' dir='ltr'><strong><em>litteris</em></strong></span> <span class='ocrx_word' id='word_1_56' title='bbox 566 1601 647 1650; x_wconf 92' lang='lat' dir='ltr'><strong><em>sunt</em></strong></span> <span class='ocrx_word' id='word_1_57' title='bbox 676 1591 969 1672; x_wconf 82' lang='lat' dir='ltr'><strong><em>castigatissimae</em></strong></span> <span class='ocrx_word' id='word_1_58' title='bbox 991 1590 1204 1671; x_wconf 89' lang='lat' dir='ltr'><strong><em>disciplinae.</em></strong></span> 
     </span>
     <span class='ocr_line' id='line_1_11' title="bbox 165 1693 1209 1774; baseline -0.001 -20"><span class='ocrx_word' id='word_1_59' title='bbox 165 1695 281 1754; x_wconf 90' lang='lat' dir='ltr'><strong><em>Unum</em></strong></span> <span class='ocrx_word' id='word_1_60' title='bbox 308 1704 359 1754; x_wconf 91' lang='lat' dir='ltr'><strong><em>est</em></strong></span> <span class='ocrx_word' id='word_1_61' title='bbox 384 1693 635 1755; x_wconf 84' lang='lat' dir='ltr'><strong><em>huiuscemodi.</em></strong></span> <span class='ocrx_word' id='word_1_62' title='bbox 674 1696 803 1756; x_wconf 83' lang='lat' dir='ltr'><strong><em>Censor</em></strong></span> <span class='ocrx_word' id='word_1_63' title='bbox 829 1693 992 1774; x_wconf 80' lang='lat' dir='ltr'><strong><em>adigebat</em></strong></span> <span class='ocrx_word' id='word_1_64' title='bbox 1017 1694 1059 1754; x_wconf 88' lang='lat' dir='ltr'><strong><em>de</em></strong></span> <span class='ocrx_word' id='word_1_65' title='bbox 1085 1694 1209 1755; x_wconf 74' lang='lat' dir='ltr'><strong><em>testori-</em></strong></span> 
     </span>
     <span class='ocr_line' id='line_1_12' title="bbox 163 1795 1207 1876; baseline -0.002 -18"><span class='ocrx_word' id='word_1_66' title='bbox 163 1796 227 1858; x_wconf 91' lang='lat' dir='ltr'><strong><em>bus</em></strong></span> <span class='ocrx_word' id='word_1_67' title='bbox 246 1798 383 1858; x_wconf 84' lang='lat' dir='ltr'><strong><em>solenne</em></strong></span> <span class='ocrx_word' id='word_1_68' title='bbox 404 1795 659 1858; x_wconf 88' lang='lat' dir='ltr'><strong><em>iusiurandum.</em></strong></span> <span class='ocrx_word' id='word_1_69' title='bbox 709 1797 821 1860; x_wconf 85' lang='lat' dir='ltr'><strong><em>Verba</em></strong></span> <span class='ocrx_word' id='word_1_70' title='bbox 836 1807 936 1857; x_wconf 88' lang='lat' dir='ltr'><strong><em>erant</em></strong></span> <span class='ocrx_word' id='word_1_71' title='bbox 959 1795 1009 1856; x_wconf 88' lang='lat' dir='ltr'><strong><em>ita</em></strong></span> <span class='ocrx_word' id='word_1_72' title='bbox 1028 1807 1207 1876; x_wconf 85' lang='lat' dir='ltr'><strong><em>concepta:</em></strong></span> 
     </span>
     <span class='ocr_line' id='line_1_13' title="bbox 165 1897 1210 1980; baseline -0.001 -20"><span class='ocrx_word' id='word_1_73' title='bbox 165 1900 210 1960; x_wconf 90' lang='lat' dir='ltr'><strong><em>Ut</em></strong></span> <span class='ocrx_word' id='word_1_74' title='bbox 235 1909 274 1959; x_wconf 91' lang='lat' dir='ltr'><strong><em>tu</em></strong></span> <span class='ocrx_word' id='word_1_75' title='bbox 299 1921 345 1960; x_wconf 80' lang='lat' dir='ltr'><strong><em>ex</em></strong></span> <span class='ocrx_word' id='word_1_76' title='bbox 371 1899 480 1960; x_wconf 88' lang='lat' dir='ltr'><strong><em>animi</em></strong></span> <span class='ocrx_word' id='word_1_77' title='bbox 506 1898 559 1960; x_wconf 88' lang='lat' dir='ltr'><strong><em>tui</em></strong></span> <span class='ocrx_word' id='word_1_78' title='bbox 583 1898 754 1960; x_wconf 89' lang='lat' dir='ltr'><strong><em>sententia</em></strong></span> <span class='ocrx_word' id='word_1_79' title='bbox 782 1918 931 1960; x_wconf 82' lang='lat' dir='ltr'><strong><em>uxorem</em></strong></span> <span class='ocrx_word' id='word_1_80' title='bbox 964 1897 1098 1960; x_wconf 67' lang='lat' dir='ltr'><strong><em>habes?</em></strong></span> <span class='ocrx_word' id='word_1_81' title='bbox 1141 1897 1210 1980; x_wconf 84' lang='lat' dir='ltr'><strong><em>Qui</em></strong></span> 
     </span>
     <span class='ocr_line' id='line_1_14' title="bbox 164 1999 1209 2083; baseline 0 -21"><span class='ocrx_word' id='word_1_82' title='bbox 164 2001 322 2074; x_wconf 87' lang='lat' dir='ltr'><strong><em>iurabat,</em></strong></span> <span class='ocrx_word' id='word_1_83' title='bbox 347 2001 525 2063; x_wconf 88' lang='lat' dir='ltr'><strong><em>cavillator</em></strong></span> <span class='ocrx_word' id='word_1_84' title='bbox 547 2000 689 2083; x_wconf 90' lang='lat' dir='ltr'><strong><em>quidam</em></strong></span> <span class='ocrx_word' id='word_1_85' title='bbox 712 2012 744 2062; x_wconf 90' lang='lat' dir='ltr'><strong><em>et</em></strong></span> <span class='ocrx_word' id='word_1_86' title='bbox 765 2000 922 2062; x_wconf 90' lang='lat' dir='ltr'><strong><em>canicola</em></strong></span> <span class='ocrx_word' id='word_1_87' title='bbox 944 2011 977 2060; x_wconf 90' lang='lat' dir='ltr'><strong><em>et</em></strong></span> <span class='ocrx_word' id='word_1_88' title='bbox 1000 1999 1103 2061; x_wconf 90' lang='lat' dir='ltr'><strong><em>nimis</em></strong></span> <span class='ocrx_word' id='word_1_89' title='bbox 1125 1999 1209 2062; x_wconf 88' lang='lat' dir='ltr'><strong><em>ridi·</em></strong></span> 
     </span>
     <span class='ocr_line' id='line_1_15' title="bbox 163 2101 1207 2192; baseline -0.001 -28"><span class='ocrx_word' id='word_1_90' title='bbox 163 2102 320 2164; x_wconf 88' lang='lat' dir='ltr'><strong><em>cularius</em></strong></span> <span class='ocrx_word' id='word_1_91' title='bbox 330 2101 430 2192; x_wconf 88' lang='lat' dir='ltr'><strong><em>fuit.</em></strong></span> <span class='ocrx_word' id='word_1_92' title='bbox 461 2107 498 2168; x_wconf 91' lang='lat' dir='ltr'><strong><em>Is</em></strong></span> <span class='ocrx_word' id='word_1_93' title='bbox 520 2106 633 2165; x_wconf 89' lang='lat' dir='ltr'><strong><em>locum</em></strong></span> <span class='ocrx_word' id='word_1_94' title='bbox 656 2124 729 2164; x_wconf 88' lang='lat' dir='ltr'><strong><em>esse</em></strong></span> <span class='ocrx_word' id='word_1_95' title='bbox 753 2103 820 2164; x_wconf 89' lang='lat' dir='ltr'><strong><em>sibi</em></strong></span> <span class='ocrx_word' id='word_1_96' title='bbox 842 2103 908 2164; x_wconf 89' lang='lat' dir='ltr'><strong><em>ioci</em></strong></span> <span class='ocrx_word' id='word_1_97' title='bbox 931 2101 1071 2163; x_wconf 83' lang='lat' dir='ltr'><strong><em>dicandi</em></strong></span> <span class='ocrx_word' id='word_1_98' title='bbox 1097 2115 1207 2174; x_wconf 89' lang='lat' dir='ltr'><strong><em>ratus,</em></strong></span> 
     </span>
     <span class='ocr_line' id='line_1_16' title="bbox 165 2205 1210 2279; baseline 0 -13"><span class='ocrx_word' id='word_1_99' title='bbox 165 2227 244 2266; x_wconf 90' lang='lat' dir='ltr'><strong><em>cum</em></strong></span> <span class='ocrx_word' id='word_1_100' title='bbox 268 2205 338 2279; x_wconf 88' lang='lat' dir='ltr'><strong><em>ita,</em></strong></span> <span class='ocrx_word' id='word_1_101' title='bbox 369 2206 421 2266; x_wconf 91' lang='lat' dir='ltr'><strong><em>uti</em></strong></span> <span class='ocrx_word' id='word_1_102' title='bbox 449 2225 522 2267; x_wconf 92' lang='lat' dir='ltr'><strong><em>mos</em></strong></span> <span class='ocrx_word' id='word_1_103' title='bbox 549 2217 643 2276; x_wconf 91' lang='lat' dir='ltr'><strong><em>erat,</em></strong></span> <span class='ocrx_word' id='word_1_104' title='bbox 678 2226 800 2267; x_wconf 89' lang='lat' dir='ltr'><strong><em>censor</em></strong></span> <span class='ocrx_word' id='word_1_105' title='bbox 830 2205 997 2266; x_wconf 78' lang='lat' dir='ltr'><strong><em>dixisset:</em></strong></span> <span class='ocrx_word' id='word_1_106' title='bbox 1026 2215 1065 2266; x_wconf 90' lang='lat' dir='ltr'><strong><em>ut</em></strong></span> <span class='ocrx_word' id='word_1_107' title='bbox 1094 2217 1133 2265; x_wconf 90' lang='lat' dir='ltr'><strong><em>tu</em></strong></span> <span class='ocrx_word' id='word_1_108' title='bbox 1164 2227 1210 2266; x_wconf 78' lang='lat' dir='ltr'><strong><em>ex</em></strong></span> 
     </span>
     <span class='ocr_line' id='line_1_17' title="bbox 166 2305 1207 2388; baseline -0.002 -20"><span class='ocrx_word' id='word_1_109' title='bbox 166 2307 275 2368; x_wconf 87' lang='lat' dir='ltr'><strong><em>animi</em></strong></span> <span class='ocrx_word' id='word_1_110' title='bbox 296 2309 349 2369; x_wconf 87' lang='lat' dir='ltr'><strong><em>tui</em></strong></span> <span class='ocrx_word' id='word_1_111' title='bbox 374 2307 544 2370; x_wconf 86' lang='lat' dir='ltr'><strong><em>sententia</em></strong></span> <span class='ocrx_word' id='word_1_112' title='bbox 568 2328 716 2369; x_wconf 80' lang='lat' dir='ltr'><strong><em>uxorem</em></strong></span> <span class='ocrx_word' id='word_1_113' title='bbox 740 2307 869 2368; x_wconf 62' lang='lat' dir='ltr'><strong><em>habes?</em></strong></span> <span class='ocrx_word' id='word_1_114' title='bbox 900 2305 1019 2369; x_wconf 91' lang='lat' dir='ltr'><strong><em>Habeo</em></strong></span> <span class='ocrx_word' id='word_1_115' title='bbox 1040 2306 1207 2388; x_wconf 79' lang='lat' dir='ltr'><strong><em>equidem,</em></strong></span> 
     </span>
     <span class='ocr_line' id='line_1_18' title="bbox 166 2407 1209 2493; baseline -0.005 -21"><span class='ocrx_word' id='word_1_116' title='bbox 166 2409 302 2493; x_wconf 83' lang='lat' dir='ltr'><strong><em>inquit,</em></strong></span> <span class='ocrx_word' id='word_1_117' title='bbox 332 2433 499 2485; x_wconf 80' lang='lat' dir='ltr'><strong><em>uxorem,</em></strong></span> <span class='ocrx_word' id='word_1_118' title='bbox 525 2409 675 2472; x_wconf 88' lang='lat' dir='ltr'><strong><em>sednon</em></strong></span> <span class='ocrx_word' id='word_1_119' title='bbox 700 2410 811 2470; x_wconf 83' lang='lat' dir='ltr'><strong><em>lterele</em></strong></span> <span class='ocrx_word' id='word_1_120' title='bbox 841 2431 887 2469; x_wconf 86' lang='lat' dir='ltr'><strong><em>ex</em></strong></span> <span class='ocrx_word' id='word_1_121' title='bbox 912 2407 1022 2469; x_wconf 90' lang='lat' dir='ltr'><strong><em>animi</em></strong></span> <span class='ocrx_word' id='word_1_122' title='bbox 1048 2407 1115 2468; x_wconf 88' lang='lat' dir='ltr'><strong><em>mei</em></strong></span> <span class='ocrx_word' id='word_1_123' title='bbox 1134 2427 1209 2468; x_wconf 88' lang='lat' dir='ltr'><strong><em>sen·</em></strong></span> 
     </span>
     <span class='ocr_line' id='line_1_19' title="bbox 167 2493 1234 2592; baseline -0.005 -18"><span class='ocrx_word' id='word_1_124' title='bbox 167 2513 288 2576; x_wconf 89' lang='lat' dir='ltr'><strong><em>tentia.</em></strong></span> <span class='ocrx_word' id='word_1_125' title='bbox 329 2517 420 2576; x_wconf 85' lang='lat' dir='ltr'><strong><em>Tum</em></strong></span> <span class='ocrx_word' id='word_1_126' title='bbox 442 2533 563 2574; x_wconf 86' lang='lat' dir='ltr'><strong><em>censor</em></strong></span> <span class='ocrx_word' id='word_1_127' title='bbox 586 2532 682 2585; x_wconf 89' lang='lat' dir='ltr'><strong><em>eum,</em></strong></span> <span class='ocrx_word' id='word_1_128' title='bbox 707 2511 790 2592; x_wconf 88' lang='lat' dir='ltr'><strong><em>quia</em></strong></span> <span class='ocrx_word' id='word_1_129' title='bbox 804 2509 1038 2590; x_wconf 84' lang='lat' dir='ltr'><strong><em>intempestive</em></strong></span> <span class='ocrx_word' id='word_1_130' title='bbox 1054 2508 1207 2570; x_wconf 87' lang='lat' dir='ltr'><strong><em>lascivis·</em></strong></span> <span class='ocrx_word' id='word_1_131' title='bbox 1233 2493 1234 2498; x_wconf 8' lang='grc' dir='ltr'>ἵ</span> 
     </span>
     <span class='ocr_line' id='line_1_20' title="bbox 167 2611 1211 2694; baseline -0.007 -18"><span class='ocrx_word' id='word_1_132' title='bbox 167 2627 240 2689; x_wconf 87' lang='lat' dir='ltr'><strong><em>set,</em></strong></span> <span class='ocrx_word' id='word_1_133' title='bbox 264 2615 301 2676; x_wconf 89' lang='lat' dir='ltr'><strong><em>in</em></strong></span> <span class='ocrx_word' id='word_1_134' title='bbox 325 2614 485 2678; x_wconf 89' lang='lat' dir='ltr'><strong><em>aerarios</em></strong></span> <span class='ocrx_word' id='word_1_135' title='bbox 512 2612 648 2687; x_wconf 88' lang='lat' dir='ltr'><strong><em>retulit,</em></strong></span> <span class='ocrx_word' id='word_1_136' title='bbox 676 2633 883 2694; x_wconf 89' lang='lat' dir='ltr'><strong><em>causamque</em></strong></span> <span class='ocrx_word' id='word_1_137' title='bbox 909 2615 995 2672; x_wconf 86' lang='lat' dir='ltr'><strong><em>hanc</em></strong></span> <span class='ocrx_word' id='word_1_138' title='bbox 1022 2611 1090 2673; x_wconf 89' lang='lat' dir='ltr'><strong><em>ioci</em></strong></span> <span class='ocrx_word' id='word_1_139' title='bbox 1115 2631 1211 2671; x_wconf 88' lang='lat' dir='ltr'><strong><em>scur-</em></strong></span> 
     </span>
     <span class='ocr_line' id='line_1_21' title="bbox 168 2711 1212 2799; baseline -0.004 -21"><span class='ocrx_word' id='word_1_140' title='bbox 168 2717 245 2778; x_wconf 87' lang='lat' dir='ltr'><strong><em>rilis</em></strong></span> <span class='ocrx_word' id='word_1_141' title='bbox 285 2717 379 2799; x_wconf 89' lang='lat' dir='ltr'><strong><em>apud</em></strong></span> <span class='ocrx_word' id='word_1_142' title='bbox 415 2737 452 2779; x_wconf 87' lang='lat' dir='ltr'><strong><em>se</em></strong></span> <span class='ocrx_word' id='word_1_143' title='bbox 491 2716 574 2778; x_wconf 90' lang='lat' dir='ltr'><strong><em>dicti</em></strong></span> <span class='ocrx_word' id='word_1_144' title='bbox 615 2715 832 2797; x_wconf 83' lang='lat' dir='ltr'><strong><em>subscripsit.</em></strong></span> <span class='ocrx_word' id='word_1_145' title='bbox 889 2717 1012 2777; x_wconf 88' lang='lat' dir='ltr'><strong><em>Altera</em></strong></span> <span class='ocrx_word' id='word_1_146' title='bbox 1048 2711 1212 2776; x_wconf 86' lang='lat' dir='ltr'><strong><em>severitas</em></strong></span> 
     </span>
     <span class='ocr_line' id='line_1_22' title="bbox 168 2816 1210 2902; baseline -0.005 -21"><span class='ocrx_word' id='word_1_147' title='bbox 168 2820 323 2881; x_wconf 83' lang='lat' dir='ltr'><strong><em>eiusdem</em></strong></span> <span class='ocrx_word' id='word_1_148' title='bbox 351 2833 462 2882; x_wconf 89' lang='lat' dir='ltr'><strong><em>sectae</em></strong></span> <span class='ocrx_word' id='word_1_149' title='bbox 489 2819 755 2902; x_wconf 79' lang='lat' dir='ltr'><strong><em>disciplinaeque</em></strong></span> <span class='ocrx_word' id='word_1_150' title='bbox 786 2830 849 2880; x_wconf 87' lang='lat' dir='ltr'><strong><em>est.</em></strong></span> <span class='ocrx_word' id='word_1_151' title='bbox 896 2816 1134 2878; x_wconf 86' lang='lat' dir='ltr'><strong><em>Deliberatum</em></strong></span> <span class='ocrx_word' id='word_1_152' title='bbox 1160 2825 1210 2878; x_wconf 89' lang='lat' dir='ltr'><strong><em>est</em></strong></span> 
     </span>
     <span class='ocr_line' id='line_1_23' title="bbox 170 2919 1213 3006; baseline -0.006 -22"><span class='ocrx_word' id='word_1_153' title='bbox 170 2921 211 2984; x_wconf 91' lang='lat' dir='ltr'><strong><em>de</em></strong></span> <span class='ocrx_word' id='word_1_154' title='bbox 241 2934 324 2986; x_wconf 92' lang='lat' dir='ltr'><strong><em>nota</em></strong></span> <span class='ocrx_word' id='word_1_155' title='bbox 353 2923 450 2996; x_wconf 90' lang='lat' dir='ltr'><strong><em>eius,</em></strong></span> <span class='ocrx_word' id='word_1_156' title='bbox 484 2923 542 3006; x_wconf 88' lang='lat' dir='ltr'><strong><em>qui</em></strong></span> <span class='ocrx_word' id='word_1_157' title='bbox 568 2923 614 2982; x_wconf 89' lang='lat' dir='ltr'><strong><em>ad</em></strong></span> <span class='ocrx_word' id='word_1_158' title='bbox 640 2942 798 2985; x_wconf 84' lang='lat' dir='ltr'><strong><em>censores</em></strong></span> <span class='ocrx_word' id='word_1_159' title='bbox 823 2920 867 2982; x_wconf 93' lang='lat' dir='ltr'><strong><em>ab</em></strong></span> <span class='ocrx_word' id='word_1_160' title='bbox 889 2919 1001 2981; x_wconf 88' lang='lat' dir='ltr'><strong><em>amico</em></strong></span> <span class='ocrx_word' id='word_1_161' title='bbox 1026 2919 1213 2979; x_wconf 78' lang='lat' dir='ltr'><strong><em>acloocatus</em></strong></span> 
     </span>
     <span class='ocr_line' id='line_1_24' title="bbox 169 3019 1210 3100; baseline -0.007 -14"><span class='ocrx_word' id='word_1_162' title='bbox 169 3036 240 3098; x_wconf 89' lang='lat' dir='ltr'><strong><em>est,</em></strong></span> <span class='ocrx_word' id='word_1_163' title='bbox 264 3036 298 3086; x_wconf 89' lang='lat' dir='ltr'><strong><em>ct</em></strong></span> <span class='ocrx_word' id='word_1_164' title='bbox 320 3025 356 3087; x_wconf 89' lang='lat' dir='ltr'><strong><em>in</em></strong></span> <span class='ocrx_word' id='word_1_165' title='bbox 378 3026 454 3086; x_wconf 90' lang='lat' dir='ltr'><strong><em>iure</em></strong></span> <span class='ocrx_word' id='word_1_166' title='bbox 478 3037 575 3087; x_wconf 89' lang='lat' dir='ltr'><strong><em>stans</em></strong></span> <span class='ocrx_word' id='word_1_167' title='bbox 598 3027 690 3085; x_wconf 90' lang='lat' dir='ltr'><strong><em>clare</em></strong></span> <span class='ocrx_word' id='word_1_168' title='bbox 713 3022 816 3084; x_wconf 89' lang='lat' dir='ltr'><strong><em>nimis</em></strong></span> <span class='ocrx_word' id='word_1_169' title='bbox 836 3043 876 3082; x_wconf 89' lang='lat' dir='ltr'><strong><em>ac</em></strong></span> <span class='ocrx_word' id='word_1_170' title='bbox 898 3041 1021 3100; x_wconf 81' lang='lat' dir='ltr'><strong><em>sopore</em></strong></span> <span class='ocrx_word' id='word_1_171' title='bbox 1041 3019 1210 3091; x_wconf 84' lang='lat' dir='ltr'><strong><em>oscitavit,</em></strong></span> 
     </span>
     <span class='ocr_line' id='line_1_25' title="bbox 170 3119 1213 3213; baseline -0.007 -25"><span class='ocrx_word' id='word_1_172' title='bbox 170 3139 273 3210; x_wconf 89' lang='lat' dir='ltr'><strong><em>atque</em></strong></span> <span class='ocrx_word' id='word_1_173' title='bbox 294 3127 378 3190; x_wconf 88' lang='lat' dir='ltr'><strong><em>inibi</em></strong></span> <span class='ocrx_word' id='word_1_174' title='bbox 401 3140 438 3188; x_wconf 92' lang='lat' dir='ltr'><strong><em>ut</em></strong></span> <span class='ocrx_word' id='word_1_175' title='bbox 458 3129 668 3208; x_wconf 86' lang='lat' dir='ltr'><strong><em>plecteretur</em></strong></span> <span class='ocrx_word' id='word_1_176' title='bbox 684 3123 791 3213; x_wconf 84' lang='lat' dir='ltr'><strong><em>fuit,</em></strong></span> <span class='ocrx_word' id='word_1_177' title='bbox 815 3119 993 3206; x_wconf 86' lang='lat' dir='ltr'><strong><em>tamquam</em></strong></span> <span class='ocrx_word' id='word_1_178' title='bbox 1015 3121 1101 3184; x_wconf 82' lang='lat' dir='ltr'><strong><em>illud</em></strong></span> <span class='ocrx_word' id='word_1_179' title='bbox 1124 3121 1213 3182; x_wconf 88' lang='lat' dir='ltr'><strong><em>indi·</em></strong></span> 
     </span>
     <span class='ocr_line' id='line_1_26' title="bbox 171 3225 1214 3314; baseline -0.007 -24"><span class='ocrx_word' id='word_1_180' title='bbox 171 3230 263 3290; x_wconf 92' lang='lat' dir='ltr'><strong><em>cium</em></strong></span> <span class='ocrx_word' id='word_1_181' title='bbox 285 3241 374 3292; x_wconf 89' lang='lat' dir='ltr'><strong><em>esset</em></strong></span> <span class='ocrx_word' id='word_1_182' title='bbox 400 3229 481 3312; x_wconf 85' lang='lat' dir='ltr'><strong><em>vagi</em></strong></span> <span class='ocrx_word' id='word_1_183' title='bbox 503 3228 612 3291; x_wconf 89' lang='lat' dir='ltr'><strong><em>animi</em></strong></span> <span class='ocrx_word' id='word_1_184' title='bbox 631 3241 664 3290; x_wconf 91' lang='lat' dir='ltr'><strong><em>et</em></strong></span> <span class='ocrx_word' id='word_1_185' title='bbox 685 3225 893 3290; x_wconf 86' lang='lat' dir='ltr'><strong><em>alucinantis</em></strong></span> <span class='ocrx_word' id='word_1_186' title='bbox 918 3238 950 3286; x_wconf 87' lang='lat' dir='ltr'><strong><em>et</em></strong></span> <span class='ocrx_word' id='word_1_187' title='bbox 959 3301 965 3314; x_wconf 44' lang='lat'><strong>·</strong></span> <span class='ocrx_word' id='word_1_188' title='bbox 966 3225 1097 3312; x_wconf 76' lang='lat' dir='ltr'><strong><em>fluxae</em></strong></span> <span class='ocrx_word' id='word_1_189' title='bbox 1111 3235 1214 3304; x_wconf 89' lang='lat' dir='ltr'><strong><em>atque</em></strong></span> 
     </span>
     <span class='ocr_line' id='line_1_27' title="bbox 171 3324 1215 3412; baseline -0.01 -18"><span class='ocrx_word' id='word_1_190' title='bbox 171 3342 314 3412; x_wconf 85' lang='lat' dir='ltr'><strong><em>apertae</em></strong></span> <span class='ocrx_word' id='word_1_191' title='bbox 346 3331 557 3394; x_wconf 86' lang='lat' dir='ltr'><strong><em>securitatis.</em></strong></span> <span class='ocrx_word' id='word_1_192' title='bbox 604 3331 670 3396; x_wconf 79' lang='lat' dir='ltr'><strong><em>sed</em></strong></span> <span class='ocrx_word' id='word_1_193' title='bbox 690 3352 768 3392; x_wconf 92' lang='lat' dir='ltr'><strong><em>cum</em></strong></span> <span class='ocrx_word' id='word_1_194' title='bbox 795 3331 849 3390; x_wconf 88' lang='lat' dir='ltr'><strong><em>ille</em></strong></span> <span class='ocrx_word' id='word_1_195' title='bbox 882 3328 1097 3401; x_wconf 84' lang='lat' dir='ltr'><strong><em>deiurasset,</em></strong></span> <span class='ocrx_word' id='word_1_196' title='bbox 1129 3324 1215 3386; x_wconf 85' lang='lat' dir='ltr'><strong><em>invi-</em></strong></span> 
     </span>
     <span class='ocr_line' id='line_1_28' title="bbox 172 3427 1212 3515; baseline -0.009 -20"><span class='ocrx_word' id='word_1_197' title='bbox 172 3433 346 3495; x_wconf 88' lang='lat' dir='ltr'><strong><em>tissimum</em></strong></span> <span class='ocrx_word' id='word_1_198' title='bbox 374 3455 448 3496; x_wconf 90' lang='lat' dir='ltr'><strong><em>sese</em></strong></span> <span class='ocrx_word' id='word_1_199' title='bbox 482 3455 523 3495; x_wconf 92' lang='lat' dir='ltr'><strong><em>ac</em></strong></span> <span class='ocrx_word' id='word_1_200' title='bbox 555 3445 807 3515; x_wconf 81' lang='lat' dir='ltr'><strong><em>repugnantem</em></strong></span> <span class='ocrx_word' id='word_1_201' title='bbox 835 3430 1037 3493; x_wconf 85' lang='lat' dir='ltr'><strong><em>oscitatione</em></strong></span> <span class='ocrx_word' id='word_1_202' title='bbox 1068 3427 1212 3498; x_wconf 87' lang='lat' dir='ltr'><strong><em>uictum,</em></strong></span> 
     </span>
     <span class='ocr_line' id='line_1_29' title="bbox 173 3534 1215 3618; baseline -0.007 -22"><span class='ocrx_word' id='word_1_203' title='bbox 173 3535 348 3618; x_wconf 83' lang='lat' dir='ltr'><strong><em>tenerique</em></strong></span> <span class='ocrx_word' id='word_1_204' title='bbox 370 3557 410 3597; x_wconf 92' lang='lat' dir='ltr'><strong><em>eo</em></strong></span> <span class='ocrx_word' id='word_1_205' title='bbox 437 3535 536 3610; x_wconf 86' lang='lat' dir='ltr'><strong><em>vitio,</em></strong></span> <span class='ocrx_word' id='word_1_206' title='bbox 564 3536 656 3618; x_wconf 87' lang='lat' dir='ltr'><strong><em>quod</em></strong></span> <span class='ocrx_word' id='word_1_207' title='bbox 679 3534 801 3597; x_wconf 89' lang='lat' dir='ltr'><strong><em>oscedo</em></strong></span> <span class='ocrx_word' id='word_1_208' title='bbox 828 3534 1040 3614; x_wconf 87' lang='lat' dir='ltr'><strong><em>appellatur,</em></strong></span> <span class='ocrx_word' id='word_1_209' title='bbox 1066 3541 1139 3589; x_wconf 91' lang='lat' dir='ltr'><strong><em>tum</em></strong></span> <span class='ocrx_word' id='word_1_210' title='bbox 1155 3549 1215 3589; x_wconf 92' lang='lat' dir='ltr'><strong><em>no-</em></strong></span> 
     </span>
     <span class='ocr_line' id='line_1_30' title="bbox 173 3627 1213 3718; baseline -0.008 -21"><span class='ocrx_word' id='word_1_211' title='bbox 173 3649 229 3698; x_wconf 90' lang='lat' dir='ltr'><strong><em>tae</em></strong></span> <span class='ocrx_word' id='word_1_212' title='bbox 251 3637 322 3698; x_wconf 90' lang='lat' dir='ltr'><strong><em>iam</em></strong></span> <span class='ocrx_word' id='word_1_213' title='bbox 348 3637 540 3700; x_wconf 84' lang='lat' dir='ltr'><strong><em>destinatae</em></strong></span> <span class='ocrx_word' id='word_1_214' title='bbox 566 3648 724 3700; x_wconf 84' lang='lat' dir='ltr'><strong><em>exemtus</em></strong></span> <span class='ocrx_word' id='word_1_215' title='bbox 750 3647 813 3698; x_wconf 87' lang='lat' dir='ltr'><strong><em>est.</em></strong></span> <span class='ocrx_word' id='word_1_216' title='bbox 858 3637 897 3696; x_wconf 89' lang='lat' dir='ltr'><strong><em>P.</em></strong></span> <span class='ocrx_word' id='word_1_217' title='bbox 922 3631 1068 3712; x_wconf 86' lang='lat' dir='ltr'><strong><em>Scipio</em></strong></span> <span class='ocrx_word' id='word_1_218' title='bbox 1094 3634 1125 3693; x_wconf 88' lang='lat' dir='ltr'><em>A</em></span> <span class='ocrx_word' id='word_1_219' title='bbox 1121 3627 1213 3718; x_wconf 86' lang='lat' dir='ltr'><strong><em>fri-</em></strong></span> 
     </span>
     <span class='ocr_line' id='line_1_31' title="bbox 173 3733 1215 3828; baseline -0.008 -30"><span class='ocrx_word' id='word_1_220' title='bbox 173 3760 250 3800; x_wconf 86' lang='lat' dir='ltr'><strong><em>can</em></strong></span> <span class='ocrx_word' id='word_1_221' title='bbox 262 3760 327 3813; x_wconf 88' lang='lat' dir='ltr'><strong><em>us,</em></strong></span> <span class='ocrx_word' id='word_1_222' title='bbox 354 3741 455 3804; x_wconf 89' lang='lat' dir='ltr'><strong><em>Pauli</em></strong></span> <span class='ocrx_word' id='word_1_223' title='bbox 458 3738 504 3828; x_wconf 88' lang='lat' dir='ltr'><em>f</em></span> <span class='ocrx_word' id='word_1_224' title='bbox 522 3752 704 3822; x_wconf 86' lang='lat' dir='ltr'><strong><em>utramque</em></strong></span> <span class='ocrx_word' id='word_1_225' title='bbox 725 3737 906 3800; x_wconf 82' lang='lat' dir='ltr'><strong><em>historiam</em></strong></span> <span class='ocrx_word' id='word_1_226' title='bbox 927 3735 1047 3816; x_wconf 90' lang='lat' dir='ltr'><strong><em>posuit</em></strong></span> <span class='ocrx_word' id='word_1_227' title='bbox 1064 3733 1100 3793; x_wconf 90' lang='lat' dir='ltr'><strong><em>in</em></strong></span> <span class='ocrx_word' id='word_1_228' title='bbox 1125 3751 1215 3792; x_wconf 89' lang='lat' dir='ltr'><strong><em>ora·</em></strong></span> 
     </span>
     <span class='ocr_line' id='line_1_32' title="bbox 172 3835 1215 3924; baseline -0.012 -22"><span class='ocrx_word' id='word_1_229' title='bbox 172 3841 315 3917; x_wconf 85' lang='lat' dir='ltr'><strong><em>tione,</em></strong></span> <span class='ocrx_word' id='word_1_230' title='bbox 348 3863 473 3924; x_wconf 88' lang='lat' dir='ltr'><strong><em>quam</em></strong></span> <span class='ocrx_word' id='word_1_231' title='bbox 496 3842 609 3904; x_wconf 82' lang='lat' dir='ltr'><strong><em>dixit</em></strong></span> <span class='ocrx_word' id='word_1_232' title='bbox 641 3843 682 3902; x_wconf 92' lang='lat' dir='ltr'><strong><em>in</em></strong></span> <span class='ocrx_word' id='word_1_233' title='bbox 706 3861 910 3912; x_wconf 89' lang='lat' dir='ltr'><strong><em>censura,</em></strong></span> <span class='ocrx_word' id='word_1_234' title='bbox 947 3835 1113 3898; x_wconf 88' lang='lat' dir='ltr'><strong><em>eumad</em></strong></span> <span class='ocrx_word' id='word_1_235' title='bbox 1136 3851 1215 3892; x_wconf 92' lang='lat' dir='ltr'><strong><em>ma·</em></strong></span> 
     </span>
     <span class='ocr_line' id='line_1_33' title="bbox 173 3942 1002 4024; baseline -0.005 -21"><span class='ocrx_word' id='word_1_236' title='bbox 173 3942 315 4004; x_wconf 89' lang='lat' dir='ltr'><strong><em>iorum</em></strong></span> <span class='ocrx_word' id='word_1_237' title='bbox 338 3966 483 4005; x_wconf 89' lang='lat' dir='ltr'><strong><em>mores</em></strong></span> <span class='ocrx_word' id='word_1_238' title='bbox 507 3947 711 4024; x_wconf 88' lang='lat' dir='ltr'><strong><em>populum</em></strong></span> <span class='ocrx_word' id='word_1_239' title='bbox 733 3947 1002 4005; x_wconf 85' lang='lat' dir='ltr'><strong><em>hortaretur.</em></strong></span> 
     </span>
    </p>
   </div>
   <div class='ocr_carea' id='block_1_5' title="bbox 209 4130 1219 4366">
    <p class='ocr_par' dir='ltr' id='par_1_6' title="bbox 209 4130 1219 4366">
     <span class='ocr_line' id='line_1_34' title="bbox 209 4130 1212 4202; baseline -0.013 -16"><span class='ocrx_word' id='word_1_240' title='bbox 209 4141 287 4186; x_wconf 75' lang='lat' dir='ltr'><strong><em>liabeo</em></strong></span> <span class='ocrx_word' id='word_1_241' title='bbox 306 4141 431 4202; x_wconf 84' lang='lat' dir='ltr'><strong><em>equidem]</em></strong></span> <span class='ocrx_word' id='word_1_242' title='bbox 451 4144 475 4187; x_wconf 88' lang='lat' dir='ltr'><strong><em>ld</em></strong></span> <span class='ocrx_word' id='word_1_243' title='bbox 497 4145 583 4187; x_wconf 83' lang='lat' dir='ltr'><strong><em>accidit</em></strong></span> <span class='ocrx_word' id='word_1_244' title='bbox 608 4158 630 4186; x_wconf 79' lang='lat' dir='ltr'><strong><em>a.</em></strong></span> <span class='ocrx_word' id='word_1_245' title='bbox 652 4139 700 4186; x_wconf 79' lang='lat'><strong><em>570</em></strong></span> <span class='ocrx_word' id='word_1_246' title='bbox 724 4138 798 4198; x_wconf 67' lang='lat'>(184)</span> <span class='ocrx_word' id='word_1_247' title='bbox 819 4140 909 4182; x_wconf 78' lang='lat' dir='ltr'><strong><em>Catone</em></strong></span> <span class='ocrx_word' id='word_1_248' title='bbox 935 4147 1044 4184; x_wconf 85' lang='lat' dir='ltr'><strong><em>censore,</em></strong></span> <span class='ocrx_word' id='word_1_249' title='bbox 1071 4135 1093 4172; x_wconf 83' lang='lat' dir='ltr'><strong><em>ul</em></strong></span> <span class='ocrx_word' id='word_1_250' title='bbox 1112 4142 1140 4171; x_wconf 86' lang='lat' dir='ltr'><strong><em>ex</em></strong></span> <span class='ocrx_word' id='word_1_251' title='bbox 1161 4130 1212 4173; x_wconf 85' lang='lat' dir='ltr'><strong><em>Cic.</em></strong></span> 
     </span>
     <span class='ocr_line' id='line_1_35' title="bbox 244 4213 1219 4285; baseline -0.014 -11"><span class='ocrx_word' id='word_1_252' title='bbox 244 4233 272 4276; x_wconf 86' lang='lat' dir='ltr'><strong><em>de</em></strong></span> <span class='ocrx_word' id='word_1_253' title='bbox 295 4236 359 4276; x_wconf 77' lang='lat' dir='ltr'><strong><em>oret.</em></strong></span> <span class='ocrx_word' id='word_1_254' title='bbox 382 4231 407 4285; x_wconf 84' lang='lat'><strong><em>2,</em></strong></span> <span class='ocrx_word' id='word_1_255' title='bbox 424 4227 455 4276; x_wconf 79' lang='lat' dir='ltr'><strong><em>bl</em></strong></span> <span class='ocrx_word' id='word_1_256' title='bbox 475 4232 594 4278; x_wconf 84' lang='lat' dir='ltr'><strong><em>norimus.</em></strong></span> <span class='ocrx_word' id='word_1_257' title='bbox 621 4229 680 4272; x_wconf 67' lang='lat' dir='ltr'><strong><em>vol.</em></strong></span> <span class='ocrx_word' id='word_1_258' title='bbox 702 4226 876 4274; x_wconf 79' lang='lat' dir='ltr'><strong><em>Drakenborch</em></strong></span> <span class='ocrx_word' id='word_1_259' title='bbox 889 4226 916 4266; x_wconf 82' lang='lat' dir='ltr'><strong><em>ed</em></strong></span> <span class='ocrx_word' id='word_1_260' title='bbox 934 4223 986 4264; x_wconf 85' lang='lat' dir='ltr'><strong><em>Liv.</em></strong></span> <span class='ocrx_word' id='word_1_261' title='bbox 1003 4216 1044 4271; x_wconf 77' lang='lat'><strong><em>39,</em></strong></span> <span class='ocrx_word' id='word_1_262' title='bbox 1060 4213 1103 4264; x_wconf 72' lang='lat' dir='ltr'><strong><em>ll.</em></strong></span> <span class='ocrx_word' id='word_1_263' title='bbox 1141 4217 1219 4271; x_wconf 76' lang='lat' dir='ltr'><strong><em>Quae·</em></strong></span> 
     </span>
     <span class='ocr_line' id='line_1_36' title="bbox 244 4305 1218 4366; baseline -0.017 -2"><span class='ocrx_word' id='word_1_264' title='bbox 244 4320 344 4364; x_wconf 76' lang='lat' dir='ltr'><strong><em>rebatur</em></strong></span> <span class='ocrx_word' id='word_1_265' title='bbox 364 4335 377 4364; x_wconf 84' lang='lat' dir='ltr'><strong><em>n</em></strong></span> <span class='ocrx_word' id='word_1_266' title='bbox 397 4332 497 4366; x_wconf 82' lang='lat' dir='ltr'><strong><em>censore</em></strong></span> <span class='ocrx_word' id='word_1_267' title='bbox 518 4321 540 4361; x_wconf 88' lang='lat' dir='ltr'><strong><em>in</em></strong></span> <span class='ocrx_word' id='word_1_268' title='bbox 565 4318 689 4362; x_wconf 81' lang='lat' dir='ltr'><strong><em>censendis</em></strong></span> <span class='ocrx_word' id='word_1_269' title='bbox 712 4316 816 4366; x_wconf 84' lang='lat' dir='ltr'><strong><em>civibus,</em></strong></span> <span class='ocrx_word' id='word_1_270' title='bbox 837 4311 980 4356; x_wconf 79' lang='lat' dir='ltr'><strong><em>haberentue</em></strong></span> <span class='ocrx_word' id='word_1_271' title='bbox 1001 4317 1087 4348; x_wconf 76' lang='lat' dir='ltr'><strong><em>nxotes</em></strong></span> <span class='ocrx_word' id='word_1_272' title='bbox 1104 4305 1218 4349; x_wconf 78' lang='lat' dir='ltr'><strong><em>aucoeli·</em></strong></span> 
     </span>
    </p>
   </div>
   <div class='ocr_carea' id='block_1_6' title="bbox 0 0 1524 4840">
    <p class='ocr_par' dir='ltr' id='par_1_7' title="bbox 0 0 1524 4840">
     <span class='ocr_line' id='line_1_37' title="bbox 0 0 1524 4840; baseline 0 0"><span class='ocrx_word' id='word_1_273' title='bbox 0 0 1524 4840; x_wconf 95' lang='lat' dir='ltr'><strong><em> </em></strong></span> 
     </span>
    </p>
   </div>
  </div>
 </body>
</html>
