2966 4842
1169 345 1228 406 475

166 505 286 570 bisnsia
311 505 342 567 iu
359 505 454 568 Orat.
477 503 507 566 iu
527 501 691 564 Vatinium
712 523 746 583 p.
765 502 847 566 323:
874 501 1112 594 „Hoccsacta
1132 516 1223 579 sunt,

165 630 243 672 cum
260 628 341 670 reus
358 617 446 669 esset
465 605 506 667 de
522 605 553 668 oi
571 607 609 670 P.
634 604 797 672 Vatinius
813 616 996 668 accusante
1011 611 1049 670 0.
1067 607 1217 684 Licinia,

166 715 261 778 Nam
283 731 360 772 cum
378 721 523 791 praetor
545 711 582 772 0.
602 707 790 772 Memmius
821 713 866 784 (a.
890 707 966 786 696)
985 710 1219 792 quaesitorem

166 814 292 878 sortito
306 808 439 900 facere
459 812 575 884 uellet,
605 822 639 872 et
659 809 822 874 Vatinius
841 813 1054 893 postularet,
1083 823 1123 874 ut
1150 811 1223 893 ipse

167 926 348 978 cucuma·
367 933 451 976 suus
471 924 609 976 mutuas
625 913 826 976 reiectiones
850 914 891 975 de
905 914 1159 996 quaesitoribus
1165 910 1230 1002 fa·

167 1029 277 1090 aeret,
300 1014 491 1097 conspirati
508 1016 650 1098 quidam
660 1036 728 1097 pro
743 1015 820 1098 ipso
836 1015 978 1080 Vatinio
995 1015 1144 1079 immissi
1161 1016 1224 1078 tri·

165 1120 268 1182 bisnai
282 1118 571 1190 conscenderunt,
596 1129 630 1180 et
644 1128 773 1193 sortes,
791 1139 879 1201 quae
894 1119 990 1180 intra
1004 1139 1129 1180 urnam
1143 1139 1224 1180 con·

173 1220 387 1295 tinebantur,
400 1219 599 1302 dispergere
617 1215 777 1301 adgressi
786 1232 880 1294 sunt,
893 1231 995 1304 atque
1006 1219 1057 1283 ita
1064 1217 1227 1308 effectum

166 1333 218 1384 est
239 1320 394 1404 gratiose
413 1343 477 1402 per
500 1323 539 1386 P.
557 1321 731 1396 Clodium,
757 1334 795 1384 ut
819 1322 938 1385 omnia
958 1324 1146 1385 secundum
1170 1343 1227 1386 uo·

170 1428 338 1486 luntatem
359 1443 460 1486 suam
477 1423 638 1488 Vatinius
660 1423 859 1487 obtineret.“
878 1459 918 1470 -
941 1422 1043 1489 conf.
1069 1423 1142 1489 cie.
1169 1426 1232 1492 01¹.

167 1525 199 1588 in
222 1525 388 1587 Vatinium
412 1547 440 1588 e.
466 1527 514 1592 tt.
538 1536 632 1608 atque
651 1525 789 1606 Pighius
811 1537 836 1589 t.
860 1526 892 1589 3.
915 1547 949 1608 p.
972 1527 1047 1590 860.

232 1629 326 1690 Nunc
349 1629 389 1690 ad
411 1627 541 1692 alteram
566 1630 752 1690 accedamus
776 1648 918 1702 causam,
949 1649 1029 1713 quac
1052 1628 1086 1692 in
1110 1651 1140 1694 a.
1164 1629 1226 1692 698

168 1729 235 1813 (56)
251 1728 356 1792 cadit:
380 1740 446 1791 tum
469 1729 551 1792 enim
564 1731 614 1792 ab
638 1733 751 1792 eodem
769 1728 874 1794 Calvo
887 1729 1037 1794 Vatinius
1057 1729 1172 1794 iterum
1192 1729 1224 1794 iu

168 1829 319 1894 iudicium
350 1843 485 1894 vocatus
514 1843 579 1908 est,
611 1834 722 1894 codem
750 1843 912 1915 tempore,
943 1855 1009 1918 qno
1040 1831 1160 1896 Cicero
1189 1831 1222 1893 in

169 1931 333 1998 Vatinium
368 1931 460 1996 dixit.
506 1932 626 1998 Cicero
661 1932 695 1996 in
724 1932 888 1997 Vatinium
920 1936 955 2009 t,
1000 1937 1051 1997 st.
1098 1939 1150 1998 De
1188 1946 1224 1998 te

171 2050 288 2100 autem
310 2036 464 2098 homines
487 2037 570 2119 quid
591 2036 757 2110 sentiant,
789 2036 825 2098 in
854 2039 982 2100 honore
1004 2038 1144 2118 experti
1164 2057 1222 2098 su·

175 2159 267 2212 mus,
307 2139 342 2200 in
378 2140 489 2200 salute
525 2151 779 2220 exspectamus.
825 2140 937 2202 Schol.
975 2137 1148 2202 Bobicusia
1184 2143 1225 2200 ad

169 2243 253 2304 hune
278 2240 383 2303 locum
406 2261 483 2330 fflg.
526 2241 599 2309 316.
640 2240 775 2318 (Cicero
799 2239 889 2318 dicit)
919 2241 999 2303 huic
1030 2241 1172 2305 Vatinio
1199 2254 1232 2304 et

175 2347 340 2406 honorem
371 2354 580 2424 quaesturae
599 2355 678 2425 post
702 2364 817 2408 omnes
849 2343 1035 2406 novissimo
1065 2347 1141 2406 loco
1169 2343 1229 2406 da·

180 2455 255 2506 tum
284 2456 316 2507 et
349 2445 460 2507 adhuc
494 2445 726 2508 damnationis
765 2447 841 2507 eius
872 2458 996 2509 nutare
1015 2444 1230 2536 fortunam:

178 2567 259 2610 nam
292 2568 373 2610 reus
402 2549 598 2629 postulatus
634 2560 710 2610 erat
743 2561 945 2612 accusatore
975 2550 1014 2613 C.
1052 2548 1231 2610 Licinio

171 2652 313 2714 Caluo.
359 2648 430 2717 Cic.
457 2650 496 2712 ad
520 2649 564 2729 Q.
590 2649 723 2714 fratrem
737 2651 758 2719 Ι.
783 2652 821 2726 2,
846 2652 877 2713 lt.
903 2651 936 2714 in
956 2649 1092 2731 epistola
1112 2671 1142 2712 a.
1167 2651 1229 2713 698

173 2755 313 2837 scripta:
364 2755 543 2822 Vatinium
567 2755 744 2818 arbitratu
769 2766 891 2818 nostro
912 2753 1140 2827 concidimus,
1164 2752 1232 2815 diis

171 2857 430 2941 hominibusque
452 2857 708 2930 plaudentibus.
754 2858 846 2939 Quin
871 2856 975 2918 etiam
999 2857 1142 2919 Paullus
1168 2876 1229 2918 no·

172 2973 243 3022 ster
274 2980 353 3021 cum
379 2959 476 3021 testis
500 2960 693 3040 productus
720 2970 809 3020 esset
838 2958 873 3019 in
902 2959 1066 3030 Sestium,
1102 2954 1233 3034 confir-

175 3064 280 3126 mauit
299 3084 335 3126 se
356 3082 479 3124 nomen
502 3061 635 3127 Vatinii
653 3062 868 3132 delaturum,
898 3061 929 3123 si
949 3063 1100 3124 Macer
1122 3059 1230 3122 Lici·

173 3163 269 3226 nius
298 3175 539 3240 cunctaretur,
572 3175 606 3226 ct
632 3167 757 3228 Macer
783 3185 804 3225 a
831 3163 935 3227 Sestii
960 3163 1130 3226 subselliis
1154 3183 1231 3226 sur·

174 3265 267 3330 rexit
289 3288 329 3328 ac
351 3287 384 3330 se
404 3267 455 3331 itti
481 3286 549 3330 non
576 3265 788 3358 defuturum
815 3264 1034 3356 affirmavit.

209 3391 295 3437 Macer
316 3392 441 3453 Licinius]
478 3410 524 3439 non
544 3397 605 3440 atius
625 3403 662 3441 est
687 3397 732 3440 uisi
759 3393 788 3440 C.
809 3393 917 3441 Licinius
937 3396 1021 3439 Macer
1041 3394 1145 3447 Calvus,
1175 3394 1228 3436 tua-

243 3483 276 3524 cri
295 3481 367 3526 filius.
392 3507 417 3516 -
448 3485 521 3528 Pater
544 3487 606 3528 euim
632 3485 712 3542 (quem
734 3485 774 3527 alii
803 3484 825 3528 h.
858 3486 873 3529 t.
894 3481 1043 3540 intelligunt)
1072 3484 1120 3528 iam
1139 3497 1161 3526 a.
1184 3479 1232 3526 688

245 3564 303 3622 (66)
319 3573 436 3613 extinctus
456 3576 501 3622 est,
521 3576 544 3613 ut
561 3585 632 3626 supra
652 3573 778 3616 retulimus
795 3585 818 3624 p.
831 3568 887 3616 385.
906 3571 980 3614 Errat
993 3573 1067 3632 igitur
1084 3573 1165 3630 Klotz,
1186 3571 1226 3627 qui

246 3669 266 3695 m
283 3655 313 3696 Τ.
330 3655 374 3698 ΙΙΙ.
396 3655 538 3699 Orationum
558 3657 682 3700 Ciceronis
703 3673 726 3712 p.
745 3652 809 3700 1023
830 3660 929 3711 scribit,
950 3659 1074 3702 Vatinium
1094 3667 1231 3702 accusatum

246 3752 297 3782 esse
324 3754 337 3781 a
360 3741 389 3784 G.
416 3741 510 3786 Licinio
536 3743 619 3786 Macro
646 3750 712 3799 patre
739 3750 763 3788 at
788 3757 800 3785 a
831 3743 989 3789 Calvo'fitio.
1028 3745 1053 3789 in
1076 3744 1236 3789 Onomattico

246 3837 339 3880 quoque
356 3825 474 3871 Tulliano
493 3842 515 3882 p.
536 3821 595 3876 354.
616 3843 686 3874 error
704 3830 799 3874 ridetur
816 3833 973 3885 commissus,
995 3847 1048 3876 cum
1067 3833 1108 3876 me
1128 3831 1234 3874 Licinius

246 3913 343 3966 Macer,
363 3915 402 3970 qui
422 3915 445 3957 in
466 3913 508 3958 hac
527 3915 626 3970 epistota
647 3917 699 3962 Cic.
719 3924 880 3970 snamoratur,
904 3920 964 3963 alius
984 3933 1038 3963 esse
1059 3920 1151 3961 dicatus·
1164 3919 1232 3970 atqua

246 4001 354 4045 Licinius
373 4001 455 4044 Macen
476 4001 571 4046 curus.
592 4003 725 4049 Veritatem
745 4009 866 4059 perspexit
883 4005 1005 4048 ormnem
1031 4010 1048 4047 t.
1066 4001 1090 4046 4.
1109 4015 1132 4055 p·
1150 3997 1208 4045 195.

238 4099 346 4164 Tertia
370 4112 472 4163 autem
496 4122 588 4164 causa
612 4101 643 4163 in
668 4104 831 4167 Vatinium
851 4103 946 4167 Calvi
970 4116 1000 4165 ct
1024 4098 1232 4166 celeberrima

176 4201 304 4285 quidem
341 4215 409 4267 erat
438 4225 491 4280 ea,
523 4225 616 4286 quam
647 4207 713 4287 egit
752 4227 780 4268 a.
822 4207 883 4268 700
913 4204 981 4281 (66)
1012 4205 1054 4265 L.
1086 4197 1234 4263 Domitio

176 4307 398 4370 Ahenobarbo
419 4305 527 4386 Appio
548 4305 688 4372 Claudio
713 4327 794 4373 coss.
819 4309 956 4382 (Ancon.
980 4305 1010 4367 in
1032 4301 1234 4367 Scaurianam
