2992 4844
1166 388 1226 452 315

168 547 387 634 pisciumque
407 538 561 612 diversos
589 565 716 630 greges
744 547 915 630 separatis
950 546 1095 612 molibus
1119 548 1226 610 inclu-

173 652 307 726 dendo,
332 653 488 714 utnulla
513 662 585 713 tam
607 671 710 714 saeva
732 661 917 732 tempestus
940 650 1127 726 incideret,
1157 671 1225 736 qua

173 775 242 819 non
257 756 389 818 Oratae
412 773 549 816 mensae
567 754 734 816 varietate
744 752 975 844 ferculorum
990 754 1219 817 abundarent.

175 855 361 934 Aedificiis
390 855 495 918 etiam
522 855 686 938 spatiosis
713 869 747 919 et
773 856 920 919 excelsis
949 857 1087 920 deserta
1113 857 1161 919 ad
1187 857 1224 920 id

174 974 310 1042 tempas
331 979 397 1022 ora
411 957 553 1022 Lucrini
574 962 670 1022 lacus
691 959 834 1040 pressit,
859 981 928 1042 quo
951 959 1140 1023 recentiore
1157 981 1224 1023 usu

175 1062 438 1147 conchyliorum
450 1059 655 1151 frueretur.
688 1063 752 1125 Ubi
774 1063 856 1126 dum
878 1084 914 1126 se
935 1063 1090 1144 publicae
1113 1083 1224 1147 aquae

175 1167 335 1248 cupidius
357 1164 543 1247 immergit,
571 1187 648 1227 cum
668 1166 831 1231 Considio
851 1167 1034 1248 publicano
1057 1165 1223 1229 iudicium

176 1282 298 1332 nactus
320 1279 383 1330 est.
427 1270 468 1331 1n
492 1289 559 1350 quo
582 1272 623 1331 L.
653 1271 801 1333 Crassus
828 1269 994 1331 adversus
1015 1269 1112 1332 iilum
1143 1290 1225 1330 cau·

176 1392 252 1434 sam
280 1392 388 1455 agens
418 1393 538 1433 errare
573 1371 723 1433 amicum
754 1394 856 1450 suum
885 1371 1086 1436 Considium
1114 1372 1217 1445 dixit,

176 1475 268 1558 quod
286 1486 444 1556 putaret,
472 1475 639 1548 Oratam,
672 1486 841 1537 remotum
875 1495 897 1536 a
919 1477 1007 1547 lacit,
1032 1475 1224 1536 cariturum

177 1578 315 1640 ostreis.
338 1598 483 1660 namque
505 1595 563 1650 ea,
595 1575 626 1638 si
653 1575 731 1640 inde
751 1589 867 1659 petere
894 1595 960 1639 non
992 1576 1162 1652 licuisset,
1188 1578 1223 1638 in

177 1681 304 1762 tegulis
325 1691 555 1761 reperturum.
1044 1677 1051 1690 ⁸

212 1821 482 1882 oraLucrinilacus]
519 1825 611 1870 Plinius
636 1828 698 1870 Hist.
719 1824 750 1879 9,
783 1824 825 1870 bl.
872 1825 980 1885 Sergius
1011 1826 1091 1870 Orata
1124 1827 1224 1884 primns

248 1916 367 1970 optimum
390 1925 506 1970 saporem
525 1917 617 1958 ostrer's
653 1915 773 1960 LcrerInis
800 1913 972 1968 adiudicnvit,
1015 1914 1113 1973 quando
1139 1915 1224 1958 eadem

248 2001 398 2062 aquatilium
411 2015 506 2060 genera
520 2001 600 2045 aliubi
613 2009 686 2062 atque
704 2003 784 2048 ubiubi
802 2004 919 2046 ineliora.
944 2002 1059 2048 Nondum
1074 2001 1224 2047 Britannica

252 2089 394 2132 serviebant
411 2088 497 2142 litora,
526 2105 581 2133 cum
601 2089 680 2134 Orata
698 2091 811 2135 Lucrina
830 2091 985 2138 nobilitabat,

214 2180 240 2222 in
259 2176 362 2238 tegulis]
398 2177 486 2220 Cicero
505 2177 527 2221 in
547 2175 679 2220 Hortensio
702 2179 762 2231 apud
786 2175 895 2220 Nonium
929 2192 949 2220 s.
972 2191 994 2221 r.
1014 2184 1099 2220 ostrea
1118 2192 1141 2232 p.
1163 2176 1222 2220 216.

250 2267 428 2324 solertiamque
441 2279 511 2320 earn,
530 2279 592 2325 qaae
603 2267 743 2322 possetint
756 2265 782 2308 in
796 2265 920 2322 tegulis
929 2267 1105 2321 proseminare
1114 2272 1221 2309 ostreas.

249 2340 314 2397 b’eno
333 2355 411 2398 simile
439 2358 491 2411 est,
515 2353 656 2396 Ciceronem
692 2354 714 2396 in
743 2353 787 2396 hoc
819 2355 871 2396 loco
899 2354 962 2408 loqui
989 2356 1016 2396 de
1037 2355 1120 2396 eodem
1140 2355 1225 2411 Sergio

250 2440 334 2500 Orata,
355 2445 421 2486 cuius
441 2447 463 2486 in
485 2444 592 2497 pluribus
607 2442 729 2486 Hortensii
748 2441 888 2498 fragmentis
909 2442 999 2484 inentia
1018 2445 1055 2484 est
1074 2440 1146 2486 facta.
1167 2443 1222 2488 Vid.

250 2533 347 2589 Fragm.
362 2531 414 2575 Cic.
435 2545 458 2586 p.
481 2526 540 2573 484.
561 2533 588 2574 ed
609 2529 686 2574 Oceli.
713 2529 744 2572 In
764 2528 857 2588 tegulis
876 2526 993 2586 significat
1013 2529 1222 2582 intestatorum,

250 2620 294 2663 auf
317 2623 369 2663 dein
396 2621 461 2664 Dnch
481 2622 522 2664 des
551 2619 651 2667 Hauses.
681 2620 770 2661 Seneca
789 2617 905 2660 Controv.
936 2616 978 2659 lib.
1008 2615 1037 2669 5,
1065 2613 1089 2660 5.
1116 2629 1139 2670 p.
1162 2612 1220 2664 463.

250 2707 326 2752 Alunt
344 2709 369 2752 in
389 2709 495 2752 summis
521 2707 671 2751 culminibus
695 2701 806 2766 (doinus)
833 2704 934 2747 inentilu
952 2717 1056 2748 nemora
1076 2712 1099 2750 et
1117 2706 1223 2765 naviga-

252 2797 337 2841 biiium
354 2796 514 2853 piscinarum
526 2791 609 2853 freta.

250 2973 294 3030 13.
335 2971 435 3028 Oratio
454 2989 506 3042 pro
531 2971 562 3028 C.
585 2973 684 3041 Sergio
706 2971 793 3029 Orata
814 2974 915 3027 contra
936 2971 975 3028 Μ.
994 2971 1161 3028 Antonium.

246 3103 350 3167 Causa
373 3103 511 3185 privata.
543 3103 619 3166 Vid.
646 3114 742 3165 oratt.
769 3101 902 3164 Antonii
925 3125 957 3184 p.
983 3103 1054 3167 291.

247 3224 321 3290 Cic.
348 3228 386 3287 de
411 3225 511 3290 Offie.
537 3225 566 3299 3,
592 3226 643 3286 16.
690 3227 745 3288 M.
770 3224 913 3287 Marius
935 3225 1162 3290 Gratidianus
1186 3232 1223 3293 C.

181 3329 305 3412 Sergio
329 3330 461 3393 Oratae
484 3329 681 3390 vendiderat
703 3327 804 3390 aedes
827 3347 897 3400 eas,
925 3349 1010 3410 qicos
1036 3330 1078 3391 ab
1107 3332 1227 3394 eodem

181 3434 254 3514 ipse
274 3431 396 3513 paucis
417 3443 497 3494 ante
519 3432 619 3494 annis
641 3442 787 3494 emerat.
838 3433 911 3496 Eae
934 3432 1142 3507 serviebant,
1167 3436 1228 3498 sed

181 3536 245 3597 hoc
266 3535 304 3596 in
328 3535 500 3617 mancipio
522 3535 665 3599 Marius
695 3557 763 3597 non
787 3535 940 3598 dixerat.
987 3535 1150 3599 Adducta
1171 3562 1225 3602 res

183 3637 217 3696 in
234 3637 399 3700 iudicium
415 3649 478 3700 est.
503 3640 650 3702 Oratam
666 3640 823 3713 Crassus,
843 3638 1088 3700 Gratidianum
1104 3640 1225 3730 defen-

184 3738 282 3801 debat
315 3742 501 3804 Antonius.
553 3745 610 3806 Ius
649 3743 797 3803 Crassus
829 3741 993 3822 urgebat,
1030 3743 1121 3825 quod
1154 3745 1228 3806 vitii

185 3841 340 3904 venditor
362 3865 430 3907 non
460 3844 608 3907 dixisset
638 3843 749 3905 sciens
778 3841 816 3903 id
846 3856 1005 3924 oportere
1037 3837 1222 3925 praestari,

183 3945 392 4026 aequitatem
423 3946 613 4020 Antonius,
650 3945 813 4029 quoniam
848 3947 885 4008 id
918 3946 1037 4009 vitium
1070 3946 1227 4026 ignotum

183 4047 310 4130 Sergio
332 4069 401 4112 non
413 4045 570 4134 fuisset,
594 4048 652 4128 qui
675 4048 753 4108 illos
775 4048 877 4110 aedes
901 4047 1118 4118 vendidisset,
1144 4047 1229 4108 nibil

171 4148 298 4239 fuisse
322 4169 458 4212 necesse
481 4147 549 4209 dici
577 4168 638 4208 nec
667 4169 745 4210 eum
774 4171 847 4211 esse
877 4149 1072 4228 deceptum,
1097 4148 1224 4229 quiid,

183 4253 277 4336 qtsod
302 4263 452 4324 emerat,
478 4271 545 4333 quo
571 4249 646 4312 iure
669 4264 776 4325 essct,
800 4263 942 4314 teneret.

249 4353 322 4418 Cic.
348 4357 386 4418 de
417 4353 510 4416 Orat‘.
537 4353 573 4426 1,
604 4352 656 4418 39.
703 4355 826 4436 Nuper
859 4372 935 4414 cum
965 4371 1030 4431 ego
1053 4355 1091 4418 C·
1114 4357 1229 4436 Sergii
1322 4354 1325 4361 ’
