2976 4844
294 349 354 411 136

328 511 519 572 exauguratus]
555 520 736 558 exauctoratos
761 516 848 558 villose
875 515 898 557 iu
931 516 988 558 edit.
1021 517 1128 560 Deserii.
1166 514 1344 576 Exaugarare

363 605 399 644 est
421 602 523 658 aliquem
546 603 647 646 solemni
667 603 715 645 ritu
739 615 856 660 augurum
878 605 1015 648 sacerdotio
1040 605 1152 658 privare,
1182 607 1343 664 inaugurare

362 695 441 732 sulem
466 690 578 733 adhibitis
598 691 705 748 auguriis
727 692 833 735 initiare.
871 690 1020 746 Cepilolinus
1042 694 1065 735 in
1088 694 1124 740 Μ.
1147 694 1235 738 Antan.
1259 694 1343 738 Philo·

362 777 438 834 sopbo
461 774 486 821 l.
508 779 600 822 multos
616 776 780 836 (secerdotes)
800 779 965 840 inauguravit
984 785 1056 840 utque
1079 783 1262 842 exauguravit.

444 1008 493 1066 80.
516 1008 628 1080 Oratio,
649 1010 768 1067 Aediles
783 1011 877 1082 plebis
897 1015 1097 1068 sacrosanctos
1113 1028 1189 1068 esse.
1243 1029 1250 1070 r
1296 1051 1306 1062 .

359 1139 440 1204 Cum
467 1141 585 1205 aediles
610 1141 714 1222 plebis
742 1163 807 1204 non
834 1142 935 1204 minus
961 1164 1055 1226 quam
1079 1141 1201 1206 tribuni
1227 1145 1342 1225 provi-

293 1245 422 1318 derent,
453 1265 492 1306 ne
518 1243 647 1326 patricii
679 1244 773 1321 11111111
804 1244 867 1306 11111
896 1247 1092 1329 adrogarent
1118 1268 1197 1309 neve
1222 1246 1342 1328 plebeii

293 1345 515 1410 detrimentum
537 1359 701 1428 caperent,
723 1347 784 1410 iarn
810 1346 1028 1410 vetustissimis
1049 1348 1249 1430 temporibus
1266 1349 1339 1431 lege

293 1461 434 1512 sanctum
457 1449 530 1527 suit,
558 1462 604 1526 ut,
636 1448 693 1535 qui
718 1451 868 1514 tribunis
890 1451 1017 1533 plebis,
1042 1451 1229 1526 aedilibus,
1257 1450 1338 1513 iudi-

293 1551 401 1626 cibus,
433 1552 623 1615 deoemviris
648 1554 840 1628 nocuisset,
868 1554 942 1616 eius
971 1566 1075 1636 eaput
1100 1555 1176 1620 Ioui
1200 1557 1338 1616 sacrum
1479 1633 1480 1641 ἵ

293 1666 394 1730 esset,
411 1654 574 1746 familia·
588 1657 636 1718 ad
655 1657 776 1720 aedem
799 1657 957 1731 Cereris,
986 1657 1103 1720 Liberi
1126 1658 1334 1740 Liberaeque
1441 1689 1444 1696 ·

293 1779 415 1821 uenum
441 1758 521 1820 iret.
568 1758 681 1821 Livius
712 1761 744 1834 3,
770 1760 822 1821 56.
869 1759 1015 1822 Niebuhr
1038 1771 1063 1822 t.
1086 1760 1119 1822 3.
1147 1782 1182 1841 p.
1209 1759 1261 1822 16.
1285 1761 1338 1820 ll.

292 1872 319 1926 t.
348 1864 379 1922 1.
405 1883 436 1944 p.
464 1860 639 1938 111112.
685 1863 834 1925 Kreuzer
867 1864 968 1926 Ro'm.
1000 1862 1162 1947 Antiquit.
1198 1885 1233 1944 p.
1267 1862 1338 1925 196.

295 1965 370 2028 901.
422 1963 561 2044 Dionys.
591 1964 669 2028 Hal.
704 1963 971 2056 Antiquitr.v1.
999 1965 1052 2029 89.
1081 1968 1134 2030 90.
1187 1964 1340 2048 Gottling

295 2068 339 2131 G.
365 2070 397 2129 d.
425 2072 511 2131 rb'm.
536 2066 675 2131 Staatsv.
703 2090 737 2148 p.
765 2069 839 2132 299.
887 2069 1007 2142 „Auch
1037 2067 1087 2132 die
1113 2070 1242 2132 aediles
1266 2070 1338 2152 ple-

296 2171 347 2234 bis
368 2191 481 2232 waren
507 2171 733 2245 saerosanoti,
754 2169 832 2233 weil
852 2170 898 2234 sie
919 2175 1044 2256 gemisse
1066 2174 1134 2234 dem
1154 2192 1340 2236 sacrosanc-

293 2284 360 2334 tum
386 2273 500 2336 foedus
536 2275 680 2358 gewiihlt
709 2296 846 2349 waren,
883 2296 967 2358 ganz
996 2273 1117 2359 gewiss
1143 2273 1341 2358 wenigstens

262 2411 268 2425 .
294 2376 354 2440 seit
379 2377 440 2439 306
465 2400 496 2438 u.
517 2399 572 2440 o.:
601 2375 646 2439 sie
673 2377 800 2440 duriter
828 2377 896 2442 also
924 2377 1014 2440 nicht
1040 2375 1177 2440 th'a'tlich
1204 2376 1341 2438 verletzt

294 2484 439 2556 werden,
459 2479 613 2564 obgleich
633 2479 740 2564 einige
761 2479 863 2544 dieses
885 2483 992 2546 Recht
1011 2480 1108 2544 ihnen
1126 2481 1338 2560 abspraobeu.

293 2585 380 2648 Cato
418 2585 591 2648 bestreitet
628 2583 845 2668 diejenigen,
880 2587 1003 2648 melche
1036 2584 1110 2646 dies
1135 2586 1332 2666 liiugneten.

211 2697 214 2702 '
294 2689 446 2751 Indessen
477 2687 625 2750 hinderte
661 2686 727 2751 dies
763 2687 872 2763 nicht,
910 2690 980 2749 dass
1012 2685 1149 2750 Aedilen
1180 2687 1339 2748 wiihrend

292 2793 380 2854 ihres
402 2791 515 2852 Amtes
537 2789 708 2875 angeklagt
732 2793 794 2852 und
821 2788 1011 2852 verurtheilt
1034 2791 1184 2851 wurden.

359 2894 471 2958 Festus
484 2915 517 2976 p.
528 2893 602 2956 318.
620 2896 886 2957 Sarrosanatum
899 2889 1024 2963 dicitur,
1036 2891 1124 2972 quod
1135 2888 1340 2952 iureiurando

293 2995 486 3080 interposito
513 3007 560 3058 est
580 2995 768 3072 institutum,
794 2993 821 3057 si
847 2993 918 3078 quis
940 2992 974 3056 id
996 2991 1158 3067 violasset,
1185 3003 1218 3054 ut
1237 3003 1340 3054 morte

294 3121 418 3182 poenas
449 3102 615 3181 penderet.
671 3096 772 3161 Cuius
805 3095 933 3182 generis
967 3106 1040 3160 sunt
1072 3095 1202 3159 tribuni
1231 3092 1340 3177 plebis

293 3204 487 3286 aedilesque
504 3202 655 3264 eiusdem
671 3201 817 3264 ordinis.
854 3203 943 3285 quod
966 3200 1111 3262 adfirmat
1126 3203 1182 3263 M.
1200 3202 1286 3262 Cato
1303 3197 1340 3260 iu

295 3328 347 3384 ea,
377 3327 481 3390 quam
505 3303 656 3387 scripsit,
684 3303 818 3366 Aedilis
836 3303 945 3386 plebis
968 3314 1207 3368 sacrosanctos
1230 3321 1317 3364 esse.

329 3452 442 3497 eiusdem
461 3449 572 3511 ordinis]
607 3449 691 3494 itidem
712 3448 810 3504 plebeii.

329 3587 403 3636 paam
426 3574 542 3634 scripsit]
579 3589 628 3633 qua
646 3574 754 3633 scripsit
771 3575 906 3619 Maiensius
927 3589 950 3631 p.
977 3567 1020 3619 lo.

578 3788 626 3844 81.
661 3787 761 3846 Oratio
782 3805 834 3860 pro
857 3788 890 3846 l..
912 3787 1054 3845 Caesetio.

357 3921 541 3994 Incertum,
579 3921 705 4003 quando
743 3939 869 3982 eausam
903 3921 947 3980 L.
986 3917 1126 3983 Caesetii
1163 3917 1341 4000 susceperit

297 4026 392 4090 Cato.
438 4025 491 4084 Ad
523 4020 637 4084 milites
666 4023 748 4083 hano
778 4017 956 4084 orationem
986 4020 1134 4084 habuisse
1162 4019 1339 4094 Catonem,

293 4129 474 4210 suspicatur
496 4122 677 4187 Maiansius
696 4143 731 4203 p.
755 4123 808 4184 311.

204 4317 210 4326 .
237 4303 241 4314 ,
358 4231 474 4294 Festus
495 4249 530 4309 p.
554 4226 629 4288 301.
675 4223 792 4299 sultis,
814 4222 840 4287 si
862 4223 959 4288 voltis
984 4268 992 4287 .
1019 4268 1028 4286 .
1054 4270 1063 4286 .
1087 4228 1143 4289 M.
1163 4225 1250 4288 Cato
1272 4243 1340 4303 pro

157 4373 161 4380 ·
207 4341 216 4414 ².
242 4332 253 4409 ’ς
296 4338 337 4396 L.
364 4329 543 4395 Caesetio:
566 4326 708 4402 Audite,
731 4327 845 4402 sultis,
875 4327 1014 4401 milites,
1036 4327 1068 4389 si
1089 4325 1167 4410 quis
1186 4335 1340 4386 uestrum
