2976 4844
1163 377 1204 440 85

151 555 260 596 censu
282 533 529 616 deligerentur,
558 533 681 617 quibus
706 553 814 616 equus
837 533 1106 598 adtribueretssr.
1131 537 1205 600 No·

71 705 84 726 ⁸
123 692 126 694 .
152 637 330 699 tissimum
358 649 409 698 est
438 637 529 698 enim
558 639 610 698 vel
634 659 681 698 esr
709 636 809 699 Livio
833 639 875 709 V,
900 639 929 700 7.
954 658 1022 700 non
1047 637 1205 700 omnibus

152 739 374 821 assignatum
388 737 537 824 fuisse,
563 759 623 801 nec
651 759 734 801 sane
757 751 919 819 poterat,·
942 762 1019 802 eum
1043 741 1134 802 enim
1159 762 1206 802 ex

151 843 302 936 publico·
317 842 467 922 pecunia
496 842 659 916 daretur,
700 855 815 904 sertus
846 863 1010 904 numerus
1039 863 1207 926 equorum

153 966 228 1006 esse
252 944 380 1006 debuit.
411 948 507 1006 Haec
533 957 612 1006 sunt
635 945 696 1006 itta
718 965 823 1008 aera
848 946 1076 1028 equestria
1095 943 1205 1029 (por-

153 1047 298 1110 tiones
321 1067 384 1108 nos
408 1047 635 1127 diceremus),
664 1069 764 1129 quae,
789 1059 827 1110 ut
851 1050 958 1130 plura
972 1048 1120 1125 fierent,
1149 1051 1204 1112 M.

154 1151 242 1214 Cato
265 1149 396 1222 suasit,
422 1149 459 1210 id
481 1161 549 1222 est,
577 1151 866 1233 quemadmodum
890 1161 980 1211 reete
1003 1153 1034 1214 Ι.
1060 1154 1095 1213 t.
1117 1153 1206 1213 Gro-

155 1251 278 1314 novius
304 1251 571 1332 interpretatur,
601 1265 639 1314 ut
666 1251 826 1334 pluribus
853 1252 900 1313 ad
923 1273 1028 1335 equos
1051 1251 1206 1333 publicos

155 1355 297 1418 alendos
326 1355 476 1436 perunia
504 1355 770 1437 assignaretur,
803 1355 888 1432 (non
918 1366 956 1416 ut
986 1355 1136 1436 amplior
1166 1375 1207 1416 ea

152 1457 302 1540 pecunia
326 1456 442 1540 esset.)

220 1558 399 1622 Maurusius
417 1583 450 1640 p.
466 1561 506 1622 st
531 1559 667 1622 scribit:
693 1557 776 1623 Cato
799 1558 979 1622 suasionem
1004 1557 1127 1635 habuit,
1156 1559 1207 1621 uti

154 1665 261 1744 plura
281 1683 366 1724 aera
388 1663 562 1747 equestria
584 1663 724 1740 fierent,
758 1666 821 1726 hoe
848 1673 908 1738 eet,
934 1673 966 1724 ut
993 1660 1115 1744 equites
1140 1683 1205 1724 ma·

156 1765 228 1829 iore
249 1765 367 1828 tribute
394 1769 580 1846 penderent.

220 1865 359 1930 Difficile
382 1879 429 1930 est
451 1865 640 1943 diiudicare,
666 1866 771 1948 Lipsii
795 1887 833 1930 an
858 1865 1019 1931 Gronovii
1046 1865 1204 1948 iuterpre-

156 1967 237 2033 tntio
263 1965 378 2047 (tertia
409 1968 489 2030 enim
521 1968 632 2050 opinio
662 1967 767 2031 levior
798 1971 867 2046 est)
892 1968 1007 2032 iustior
1035 1968 1207 2053 veriorque

158 2075 219 2136 sit:
254 2083 385 2155 utruque
410 2071 492 2134 enim
519 2070 595 2133 satis
621 2070 810 2152 probabilis.

221 2173 382 2237 Priscian.
410 2185 434 2236 t.
462 2177 492 2236 1.
521 2195 554 2255 p.
578 2173 653 2235 317.
685 2175 721 2235 ln
746 2195 823 2237 raro
846 2185 918 2235 sunt
942 2195 999 2236 usu
1023 2194 1119 2248 aera,
1148 2195 1205 2235 ae-

158 2299 249 2352 rum,
272 2275 423 2341 aeribus.
468 2279 554 2342 Cato
580 2276 616 2338 in
637 2275 808 2350 oratione,
831 2297 899 2360 qua
920 2276 1031 2358 suasit
1054 2278 1088 2338 in
1109 2297 1208 2338 sena·

157 2391 214 2454 tu,
244 2391 282 2442 ut
301 2383 408 2461 plura
434 2399 520 2442 aera
544 2379 718 2462 equestria
733 2378 888 2455 fierent:
915 2380 1019 2442 Nune
1041 2399 1128 2460 ergo
1149 2399 1207 2440 ar·

158 2481 270 2545 bitror·
294 2493 454 2564 oportere
483 2483 640 2555 restitui,
669 2503 737 2564 quo
764 2479 877 2542 minus
904 2481 1037 2542 duobus
1059 2480 1208 2542 millibus

159 2585 313 2646 ducentis
336 2586 382 2647 sit
402 2605 524 2646 aerum
546 2583 769 2667 equestrium.
816 2583 851 2645 ln
878 2583 1006 2645 endem:
1040 2585 1092 2644 De
1116 2581 1208 2643 ueri·

159 2685 223 2764 bus
245 2687 459 2770 equestribus
481 2687 522 2749 de
547 2686 680 2750 duobus
704 2683 840 2746 milibus
866 2695 995 2746 aetum.

195 2827 307 2888 restitus]
337 2831 437 2875 institui
458 2831 555 2886 Lipsius
574 2831 610 2875 De
631 2831 717 2874 mititte
738 2831 808 2877 Rom.
832 2833 848 2874 Ι.
871 2828 896 2877 5.
917 2843 940 2884 p.
959 2824 1001 2876 37.

195 2951 243 2995 quo
262 2935 357 2996 minus]
394 2951 424 2982 ue
444 2951 492 2996 quo
512 2938 595 2981 minus
614 2951 670 2982 vere
690 2937 797 2980 correxit
816 2937 922 2992 Lipsius.
960 2937 1049 2996 Augeri
1071 2939 1143 2990 eninr,
1165 2940 1207 2990 nit,

230 3028 279 3068 ruit
301 3030 324 3069 et
342 3027 427 3068 susdet
446 3040 502 3070 sere
522 3027 661 3082 equestris:
686 3025 740 3068 bine
763 3025 839 3068 mitiis
860 3026 888 3067 ud
907 3026 1018 3069 siendum
1034 3039 1121 3080 equum
1136 3027 1208 3082 equiti

230 3115 281 3156 deri
293 3115 412 3173 solebant,
429 3118 498 3170 etque
518 3115 551 3157 ite
572 3111 681 3157 ducenta
704 3112 765 3156 Ceto
783 3112 837 3156 eddi
858 3113 932 3156 iubet.
970 3112 1107 3156 Gronovius
1130 3119 1209 3156 eutem

231 3202 259 3245 de
282 3199 389 3244 Pecunie
412 3213 434 3254 p.
463 3197 510 3244 125
538 3202 637 3244 residem
662 3200 738 3254 Lipsii
762 3199 889 3244 tectionem
913 3205 956 3253 (ns
976 3213 1023 3257 qua
1043 3200 1140 3250 minus)
1159 3205 1209 3243 tue-

230 3293 285 3340 tur,
310 3287 352 3332 sed
374 3301 475 3342 prorsus
499 3289 569 3332 aliter
594 3288 666 3330 verbe
694 3288 876 3342 interpretetur.
924 3285 1031 3345 ..Ltpett
1052 3288 1137 3340 enim,
1160 3289 1208 3346 nt,

229 3375 462 3431 interpretationem
483 3375 616 3419 contemnit
635 3374 813 3434 contunditque
834 3374 967 3434 Polybius,
988 3375 1031 3433 qui
1049 3376 1105 3418 seni
1121 3370 1210 3420 Catoni

230 3463 322 3506 aetatis
344 3461 441 3506 mediae
464 3462 578 3520 aequalis
592 3457 668 3520 suit:
687 3477 721 3506 ex
743 3477 772 3506 eo
795 3463 901 3515 seimus,
928 3463 1037 3520 equitum
1057 3460 1209 3519 stipendium

229 3563 340 3594 annuum
359 3550 436 3609 longe
456 3551 533 3608 quinu
554 3550 638 3593 millia
658 3551 728 3593 aeris
746 3550 910 3604 excessisse,
935 3563 991 3593 curn
1011 3549 1145 3594 denarium
1167 3549 1209 3594 di-

231 3651 331 3692 urnum,
360 3643 426 3681 certe
448 3651 496 3682 non
514 3633 585 3697 infru
607 3636 749 3696 quindecim
767 3649 840 3680 asses
859 3634 987 3680 iuberent.
1025 3635 1161 3682 Praeterea
1179 3651 1209 3682 ne

230 3737 313 3768 sermo
335 3723 436 3783 quidem
457 3725 534 3768 istum
557 3738 659 3769 sensum
674 3726 732 3781 pati
754 3722 860 3778 ridetur,
881 3730 908 3768 ut
926 3723 986 3768 duo
1005 3725 1114 3768 millia
1134 3733 1209 3769 eunt

230 3824 339 3856 oerum
370 3812 575 3871 equestrium
605 3810 754 3874 significet,
783 3825 827 3856 aes
853 3817 967 3870 equestre
993 3812 1032 3856 uel
1057 3811 1211 3870 stipendium

231 3899 338 3958 equitum
366 3905 405 3944 est
431 3897 481 3943 duo
510 3899 600 3952 miliia,
631 3913 689 3943 nem
714 3913 770 3944 eum
801 3913 856 3944 aes
887 3905 1040 3958 equestre
1072 3901 1110 3943 rel
1133 3913 1211 3943 sera

230 3988 402 4044 equestria
422 3986 549 4040 dicimus,
574 3999 622 4030 non
645 3987 765 4048 siuguios
786 4000 861 4031 asses
882 3986 1068 4046 intelligimus,
1091 3985 1138 4030 sed
1158 3986 1210 4030 sin·

229 4073 343 4134 gulave!
363 4073 526 4136 singularum
547 4087 718 4130 personarum
740 4073 878 4131 stipendia.
915 4072 979 4118 Hine
997 4072 1123 4127 inlepide
1145 4073 1210 4115 anti·

230 4173 277 4218 quo
301 4159 331 4206 L.
358 4159 519 4206 Valeriae
543 4159 573 4204 t..
598 4159 626 4204 t'.
649 4157 716 4208 Vol.
738 4158 926 4213 Maternus,
951 4157 1132 4202 Toletanus
1149 4163 1211 4218 'ge-

217 4259 325 4301 -nere,
349 4249 448 4293 mites
470 4249 621 4308 legionis
643 4245 672 4293 X
692 4245 865 4298 Geminae,
892 4256 1048 4290 annorum
1069 4241 1211 4297 XXXV„

230 4349 366 4380 uerum
390 4332 671 4382 tuodeesn.=-·
693 4333 732 4380 itu
762 4339 811 4380 tot
834 4338 908 4375 sunt
940 4343 1021 4376 esra
1041 4333 1213 4388 equestria
