2992 4844
236 368 297 429 350

237 537 310 589 toto
342 547 487 608 corpore
530 529 709 590 vacillante
745 530 937 612 quaesivit:
972 531 1049 612 quis
1084 534 1279 614 loqueretur

236 652 254 688 e
280 628 394 690 lintre.

303 729 438 812 Quintil.
460 732 531 806 Xl,
555 734 596 803 3,
622 733 694 796 199.
745 737 1037 816 Reprehendenda
1062 749 1095 799 et
1122 738 1182 799 illa
1194 735 1282 827 sre-

238 853 345 915 quons
361 845 393 894 et
413 835 584 896 concitata
600 836 635 897 in
658 849 993 920 utramquepartem
1012 842 1159 916 nutatio,
1178 861 1281 924 quam
1320 847 1323 854 ’

238 936 274 996 in
306 934 454 1000 Curione
483 949 584 1020 patre
611 939 723 1002 irrisit
751 941 882 1016 lulius,
914 962 1105 1024 quaerens,
1141 945 1219 1026 quis
1245 945 1280 1005 in

236 1035 339 1100 lintre
360 1041 582 1122 loqueretur?
876 1038 879 1044 ¹

275 1183 378 1240 statutio]
416 1189 473 1228 nnec
493 1187 556 1228 actio
580 1187 664 1230 vitiosa
692 1193 716 1231 et
743 1189 843 1232 ridicula
871 1201 1002 1248 cognomen
1028 1190 1129 1235 Curioni
1147 1191 1279 1242 Bur-bulen,

309 1272 422 1329 ignobilis
442 1278 496 1317 tnnc
518 1276 632 1327 temporis
652 1274 789 1332 histrionis,
810 1279 938 1322 contraxit.
957 1280 1042 1323 Vtrlcr.
1063 1280 1130 1324 Μαι.
1152 1277 1175 1334 9,
1198 1277 1236 1330 14,
1255 1279 1279 1324 5.

309 1360 355 1403 rid.
376 1359 472 1404 Ellendt
490 1375 512 1418 p.
535 1361 653 1406 XCVlll.

320 1517 348 1572 3.
386 1514 486 1573 Oratio
503 1533 555 1588 pro
576 1519 672 1577 Cossis
690 1521 827 1577 tratribus
845 1528 944 1577 contro
963 1522 1003 1579 Μ.
1027 1523 1194 1579 Antonium.

302 1649 392 1712 Haec
409 1672 498 1711 causa
522 1649 759 1712 centumviralis
784 1661 855 1713 ante
878 1673 991 1713 annum
1015 1661 1100 1714 certe
1117 1651 1176 1712 667
1200 1651 1280 1730 (87),

236 1773 302 1837 qno
331 1773 415 1815 anno
446 1754 496 1814 M.
529 1753 687 1815 Antonius
721 1765 833 1816 orator
861 1753 976 1834 periit,
1011 1751 1106 1814 dicta.
1138 1751 1280 1838 alioquin

237 1875 372 1936 prorsus
394 1854 518 1936 ignota.
544 1877 572 1916 v.
596 1867 679 1917 orat.
711 1853 842 1917 Antonii
862 1878 895 1937 p.
919 1855 992 1916 291.
1131 1837 1136 1851 .

303 1955 374 2020 Cic.
401 1959 439 2018 de
456 1957 549 2021 Orat.
574 1958 612 2034 2,
636 1958 688 2019 28.
715 1954 872 2019 Antonius
895 1956 1056 2040 loquitur:
1077 1959 1151 2022 Nec
1170 1971 1281 2020 vester

237 2057 367 2137 (Caesar
387 2070 418 2120 et
442 2058 552 2140 Cotta)
574 2059 727 2143 aequalis
747 2061 864 2133 Curio,
887 2071 987 2140 patre
1008 2081 1084 2120 mea
1112 2061 1283 2122 sententia

239 2165 290 2226 vel
311 2163 587 2246 eloquentissimo
612 2162 821 2242 temporibus
848 2162 938 2234 illis,
970 2184 1174 2246 quemquam
1200 2163 1283 2224 mihi

239 2285 367 2347 magno
399 2286 501 2346 opere
531 2263 664 2325 videtur
695 2263 845 2338 imitari,
876 2265 935 2350 qui
960 2277 1076 2327 tamen
1102 2267 1281 2329 verborum

239 2369 411 2456 gravitate
440 2377 473 2426 et
505 2365 677 2447 elegantia
705 2378 737 2427 et
771 2366 872 2448 capia
896 2389 996 2428 suam
1020 2369 1193 2451 quandam
1220 2391 1281 2430 ex·

236 2477 365 2557 pressit
396 2468 495 2553 quasi
515 2465 683 2556 formum
721 2467 952 2552 figuramque
995 2471 1151 2546 dicendi,
1190 2471 1283 2555 quod

238 2597 304 2658 ego
328 2571 480 2635 maxime
512 2569 665 2631 indicare
692 2571 792 2652 potui
822 2571 857 2633 in
885 2594 927 2633 ea
951 2594 1073 2645 (eausa,
1098 2595 1201 2655 quam
1227 2575 1282 2636 ille

238 2687 360 2741 contra
389 2694 441 2735 me
473 2672 568 2754 apzrd
599 2673 828 2764 centumuiros
857 2695 926 2755 pro
949 2669 1137 2762 fiatribus
1167 2676 1282 2738 Cossis

239 2777 342 2851 dixit,
364 2776 399 2839 in
419 2795 487 2858 qua
508 2773 593 2837 nihil
613 2773 663 2835 illi
689 2773 817 2864 defuit,
843 2777 935 2858 quod
952 2796 1019 2837 non
1043 2777 1145 2839 modo
1167 2779 1281 2858 copin-

238 2903 298 2945 sus
321 2881 382 2944 sed
406 2879 511 2941 etiam
533 2875 669 2959 sapiens
688 2889 810 2939 orator
834 2877 957 2940 haltere
979 2877 1127 2941 deberet.

379 3056 408 3112 t.
447 3053 546 3112 Oratio
563 3053 701 3111 adversus
720 3054 771 3111 Gn,
796 3054 934 3111 Sicinium
953 3055 1097 3111 tribunum
1119 3055 1159 3125 pl.

305 3189 408 3254 Causa
431 3199 478 3251 est
500 3200 568 3249 acta
591 3208 621 3248 a.
646 3184 707 3246 678
730 3186 810 3262 (76).

304 3293 377 3358 Cic.
403 3292 505 3354 Bruto
530 3313 558 3358 c.
582 3291 635 3351 60.
682 3291 804 3352 Motus
827 3287 986 3352 Curionis
1012 3297 1087 3348 erat
1110 3288 1156 3360 is,
1184 3308 1283 3369 quem

241 3395 351 3462 lulius
378 3396 414 3456 in
441 3403 645 3475 perpetuum
671 3390 822 3463 notavit,
850 3401 883 3452 et
909 3392 971 3452 Cn.
994 3387 1161 3462 Sicinius,
1182 3391 1284 3451 homo

241 3500 411 3581 impurus,
435 3495 495 3560 sed
515 3494 702 3556 admodum
725 3492 912 3562 ridiculus,
937 3509 1044 3570 neque
1066 3488 1164 3551 aliud
1185 3489 1221 3550 in
1244 3513 1284 3550 eo

241 3600 394 3666 oratoris
431 3597 539 3660 simile
574 3595 782 3679 quidquam:
815 3592 846 3654 is
886 3591 977 3652 enim
1017 3611 1095 3652 cum
1125 3591 1285 3653 tribunus

238 3703 347 3786 plebis
371 3701 555 3765 Curionem
581 3711 614 3760 et
646 3696 826 3761 Octauium
860 3693 1016 3754 consules
1042 3692 1283 3773 produxisset,

242 3804 413 3888 Curioque
431 3805 539 3864 multa
561 3799 709 3862 dixisset
731 3797 866 3859 sedente
896 3797 958 3858 Cn.
982 3793 1124 3857 Octavio
1142 3797 1292 3878 collega,

241 3909 301 3992 qui
332 3905 506 3969 devinctus
540 3913 617 3963 erat
638 3897 775 3989 fasciis
810 3908 842 3958 et
878 3898 997 3959 multis
1031 3897 1286 3960 medicamentis

239 4023 385 4091 propter
399 4008 553 4070 dolorem
576 4014 717 4064 artuum
737 3999 918 4072 delibutus,
941 4002 1141 4082 Nunquam,
1162 4001 1283 4083 inquit,

243 4111 375 4182 Octaui,
395 4111 547 4188 collegae
570 4116 630 4166 tuo
650 4102 802 4184 gratiam
825 4101 972 4191 reseres,
998 4101 1058 4184 qui
1077 4101 1145 4164 nisi
1166 4123 1202 4164 se
1223 4122 1287 4164 suo

245 4231 339 4274 more
363 4209 570 4280 iactaoisset,
597 4203 697 4267 hodie
724 4217 756 4266 te
782 4204 860 4267 istic
888 4225 1025 4266 muscae
1047 4204 1284 4267 comedissent.

308 4309 441 4389 Quintil.
455 4311 527 4383 XI,
551 4309 589 4382 3,
615 4306 688 4369 129.
734 4305 1024 4389 Reprehendenda
1045 4305 1106 4367 illa
1110 4303 1287 4395 frequens
