2984 4842
279 361 341 424 370

283 541 394 601 parum
408 516 598 600 probabilis,
616 525 710 599 atque
724 531 783 592 per
797 510 899 592 ipsum
916 509 1144 590 Quintilianum
1157 509 1327 586 refellitur,

284 643 354 684 eum
378 619 457 682 (licit
479 619 500 685 l.
526 621 582 693 10,
608 619 640 691 1,
665 616 715 679 23.
760 612 852 678 Illud
878 612 1117 687 utilissimum,
1145 634 1246 676 nosse
1269 635 1328 676 eas

282 743 428 801 causas,
448 741 598 805 quarum
623 718 799 782 orationes
827 714 864 778 in
886 737 1008 779 manus
1030 715 1269 790 sumserimus,
1295 728 1329 780 st

280 825 413 910 quoties
434 823 626 906 continget,
657 821 830 904 utrimque
857 819 994 881 habitas
1020 822 1134 901 tegere
1160 819 1326 882 actiones.

281 926 581 1010 -Quinetiam,
606 923 773 990 siminus
801 942 908 1004 pares
937 921 1161 996 videbuntur,
1191 922 1328 1006 aliquae

280 1042 396 1096 tamen
431 1029 479 1092 nd
510 1018 783 1111 cognoscendam
815 1024 929 1087 litium
962 1023 1198 1108 qaaestionem
1238 1036 1329 1086 recte

281 1132 517 1217 requirentur,
539 1143 578 1194 ut
599 1142 723 1195 contra
744 1127 920 1208 Ciceronis
942 1127 1119 1191 orationes
1134 1125 1329 1192 Tuberonis

280 1235 316 1298 in
339 1233 524 1318 Ligarium
546 1245 579 1295 et
600 1231 781 1296 Hortensii
799 1251 868 1312 pro
893 1233 1014 1295 Verre.

316 1377 461 1439 Hortensit]
496 1380 570 1423 Vides
588 1392 617 1424 ex
636 1379 673 1422 bis
693 1377 789 1435 verbis,
810 1377 983 1434 Quintilianum
1003 1377 1080 1431 ipsum
1100 1390 1146 1420 non
1161 1377 1260 1420 multum
1273 1376 1328 1421 buis

353 1468 458 1512 orationi
478 1467 603 1514 Hortensii
621 1467 751 1520 tribuisse,
777 1470 802 1509 nt
820 1467 859 1522 qui
878 1479 931 1510 sam
950 1465 1066 1520 imparem
1093 1477 1148 1510 sese
1174 1464 1328 1508 orationibus

351 1555 517 1601 Ciceronianis
537 1556 634 1604 dixerit.

554 1727 601 1783 10.
641 1725 789 1782 Dissnasio
809 1725 881 1794 legis
901 1723 1053 1780 Gabinius.

346 1860 428 1926 Cum
451 1862 496 1923 A.
532 1855 688 1922 Gabinius
721 1853 867 1918 tribunus
897 1853 943 1934 pl.
977 1874 1007 1917 a.
1038 1854 1098 1916 ⁶87
1131 1857 1200 1933 (67)
1223 1855 1328 1938 legem

281 1961 420 2036 tulisset,
441 1972 474 2023 ut
489 1959 552 2024 Cn.
570 1956 730 2038 Pompeio
751 1953 919 2038 imperinm
943 1954 1041 2019 totins
1057 1977 1133 2019 orac
1149 1957 1328 2024 maritimae

282 2064 463 2147 bellumque
491 2070 599 2124 contra
630 2060 810 2139 praedones
840 2061 1011 2142 gerendum
1041 2062 1237 2136 traderetur,
1262 2063 1327 2126 dis·

282 2163 380 2230 suasit
412 2184 478 2226 cam
519 2159 725 2226 Hortensius.
783 2159 865 2226 Vid.
898 2159 1020 2224 Baiter-i
1058 2162 1160 2226 Index
1199 2165 1327 2248 Legum

283 2289 310 2330 s.
334 2287 368 2328 v.
391 2268 451 2328 lex
473 2263 633 2327 Gabinia.

345 2383 419 2450 cie.
449 2405 512 2466 pro
543 2383 614 2468 lege
642 2383 778 2448 Manilia
807 2407 836 2452 c.
867 2387 922 2460 17,
959 2385 1011 2449 52.
1065 2391 1121 2450 Tu
1149 2387 1256 2463 idem,
1281 2392 1324 2471 Q.

280 2487 467 2563 Hortensi,
491 2490 601 2550 malta
617 2509 686 2570 pro
715 2498 777 2551 tua
803 2508 940 2550 summa
969 2491 1070 2572 copia
1090 2510 1131 2552 ac
1154 2490 1326 2574 singulari

269 2587 452 2680 facultate
475 2589 610 2653 dicendi
631 2601 664 2652 et
691 2589 728 2652 in
757 2601 880 2653 senatu
907 2603 1029 2654 contra
1058 2592 1169 2655 virum
1180 2591 1326 2682 fortem

281 2695 326 2756 A.
349 2692 535 2756 Gabinium
564 2691 720 2774 grauiter
749 2704 937 2777 ornateque
965 2693 1107 2768 dixisti,
1132 2716 1209 2756 cum
1231 2695 1261 2757 is
1283 2695 1325 2757 de

282 2815 352 2858 ano
373 2794 584 2876 imperatore
605 2805 728 2857 contra
745 2795 941 2876 praedones
962 2797 1199 2860 constituendo
1215 2798 1325 2879 legem

277 2899 557 2978 promulgasset,
589 2906 622 2958 et
655 2918 702 2958 ex
736 2898 799 2960 hoc
829 2898 906 2980 ipso
936 2901 1011 2962 loco
1038 2900 1213 2981 permulta
1242 2898 1325 2961 item

280 3009 402 3061 contra
423 3017 500 3060 eam
521 3000 632 3080 legem
653 3000 755 3062 uerba
765 2997 908 3090 fecisti.

315 3156 349 3185 en·
368 3139 413 3186 lton
431 3144 488 3199 ipso
505 3140 570 3202 Ioco]
607 3149 656 3188 tum
676 3145 698 3187 in
718 3151 801 3190 senatu
822 3151 871 3190 inin
889 3149 912 3190 ln
932 3149 1019 3191 rostris
1039 3161 1092 3192 eam
1108 3150 1184 3203 legem
1203 3145 1324 3189 dissuasit.

555 3317 600 3374 11.
642 3319 790 3376 Dissuasio
811 3321 883 3389 legis
903 3318 1052 3374 Maniliae.

290 3446 302 3462 ⁸
343 3445 424 3511 Cum
449 3447 601 3512 Manilius
629 3451 776 3512 tribunus
805 3449 851 3531 pt
881 3469 910 3511 a.
941 3446 1002 3509 688
1029 3447 1100 3526 (66)
1121 3443 1322 3530 rogationem

279 3549 516 3634 promulgaret,
547 3561 581 3612 nt
612 3550 772 3632 Pompeio
810 3549 925 3612 bellum
955 3559 1065 3613 contra
1099 3547 1323 3613 Mithridatem

279 3650 549 3729 committeretur,
575 3653 767 3716 Hortensius
790 3649 949 3714 dissuasit.

347 3771 420 3836 Cic.
437 3795 471 3856 p.
488 3772 560 3856 lege
577 3771 711 3836 Manilia
728 3793 758 3834 c.
784 3774 821 3833 17
828 3815 836 3834 .
861 3774 908 3837 At
923 3772 1013 3835 enim
1029 3772 1081 3836 uir
1096 3771 1319 3844 clarissimus,

279 3875 537 3939 amantissimus
559 3874 783 3956 reipublicae,
809 3875 932 3938 vestris
953 3874 1129 3952 beneficiis
1151 3874 1321 3956 amplissi-

278 3977 345 4040 mis
358 3973 534 4066 adsectus‚
552 3979 595 4058 Q.
612 3978 772 4052 Catulus,
790 3978 936 4062 itemque
951 3979 1095 4041 summis
1111 3973 1321 4040 ornamentis

277 4078 438 4151 lionoris,
464 4075 658 4166 fortunae,
692 4078 848 4156 virtutis,
880 4080 1012 4163 ingenii
1041 4079 1244 4163 praeditus,
1278 4079 1318 4158 Q·

278 4179 498 4253 Hortensius,
523 4180 566 4242 ab
587 4181 807 4245 bac'ratione
834 4181 1060 4254 dissentiunt‚·
1088 4201 1235 4266 quorum
1257 4199 1321 4262 ego

278 4277 522 4343 auctoritatem
535 4283 630 4363 apud
651 4305 711 4346 vos
733 4283 850 4348 multis
872 4284 956 4349 locis
969 4285 1159 4366 plurimum
1176 4281 1320 4346 ualuisse
