2958 4840
258 339 320 402 608

391 495 418 553 1.
439 493 604 562 Orationes,
624 507 697 564 aare
717 493 844 552 Traiano
863 494 1032 564 Imperatori
1051 496 1178 566 scripsit.

322 596 510 680 Spartianus
533 595 597 658 vita
621 594 776 664 Hadriani
799 617 830 660 c.
855 596 887 658 3.
925 597 1072 660 Traiani
1093 599 1127 661 ei
1136 596 1314 688 familia-

260 702 348 764 ritas
369 699 476 763 creuit
498 719 604 761 causa
624 698 809 780 praecipue
823 699 1039 774 orationum,
1063 721 1149 782 quos
1164 722 1231 782 pro
1247 701 1317 761 im·

256 815 420 886 peratore
442 802 644 863 dictaverat.

566 938 596 996 8.
618 937 718 995 Oratlo
738 939 775 994 de
794 937 1007 996 Italicensibus.

320 1043 442 1126 Agitur
465 1046 504 1105 de
526 1041 648 1117 Italica,
673 1038 795 1122 oppido
819 1039 1015 1124 Hispaniae,
1054 1041 1107 1104 ubi
1142 1051 1231 1104 natus
1267 1053 1319 1105 est

259 1146 442 1210 Hadrianus
464 1144 544 1220 (Dio
569 1142 661 1207 Cass.
686 1145 708 1218 I,
733 1143 876 1220 69,10).

324 1247 447 1312 Gellius
470 1246 493 1309 l.
525 1247 582 1320 16,
614 1245 667 1308 13.
712 1244 987 1320 Existimamus,
1019 1245 1159 1308 meliore
1188 1243 1312 1308 eondi-

260 1353 353 1418 tione
374 1372 445 1414 esse
467 1348 621 1412 colonias
648 1366 752 1433 quam
782 1345 981 1430 municipia.
1027 1349 1080 1410 De
1107 1349 1203 1414 cuius
1232 1351 1310 1431 opi·

259 1453 373 1518 ninnis
395 1465 466 1516 tam
487 1450 681 1534 promiscae
704 1449 882 1514 erroribus
904 1448 1015 1514 Diuus
1037 1449 1241 1513 Hadrianus
1278 1451 1316 1514 in

263 1557 434 1626 oratione,
458 1573 561 1639 quam
584 1552 626 1614 de
648 1552 893 1620 Italicensibus,
908 1551 998 1613 unde
1014 1551 1087 1632 ipse
1106 1550 1313 1642 ortusfuit,

261 1658 296 1722 in
330 1668 453 1720 senatu
479 1654 616 1730 babuit,
653 1653 862 1736 peritissime
903 1652 1090 1728 disseruit,
1125 1655 1316 1736 mirarique

260 1782 296 1821 se
318 1758 488 1831 ostendit,
515 1756 607 1839 quod
627 1767 661 1817 et
683 1755 750 1837 ipsi
772 1755 970 1820 Italicenses
992 1767 1025 1816 et
1046 1755 1215 1839 quaedam
1238 1759 1310 1820 alia

260 1861 340 1923 item
364 1857 551 1940 municipia
566 1857 720 1940 antiqua,
745 1855 781 1917 in
804 1856 926 1939 quibus
942 1856 1116 1919 Uticenses
1134 1859 1301 1934 nominat,

260 1982 338 2024 cum
353 1959 425 2022 suis
445 1959 597 2022 moribus
619 1957 818 2041 legibusque
840 1958 892 2020 uti
911 1970 1063 2041 possent,
1083 1959 1118 2021 in
1141 1959 1196 2022 ius
1219 1958 1312 2024 colo·

261 2063 400 2130 uiarum
418 2059 548 2124 mutari
568 2060 782 2142 gestiverint.
804 2061 1048 2122 Praenestinos
1066 2073 1182 2122 autem
1200 2060 1315 2152 refert

263 2165 501 2244 maximopere
521 2184 543 2224 a
566 2162 705 2228 Tiberio
728 2161 936 2244 imperatore
956 2163 1083 2244 petisse
1106 2185 1315 2247 orasseque,

262 2279 300 2329 ut
319 2289 366 2328 ex
382 2265 519 2328 colonia
536 2265 570 2326 in
591 2264 769 2346 municipii
788 2276 916 2325 statam
936 2264 1189 2345 redigerentur,
1211 2266 1315 2349 idque

261 2370 330 2433 illis
358 2367 534 2432 Tiberium
558 2387 624 2446 pro
647 2363 835 2460 reserenda
864 2365 982 2446 gratia
1010 2367 1191 2448 tribuisse,
1223 2369 1319 2451 quod

261 2473 297 2534 in
319 2491 440 2533 eorum
460 2467 598 2545 finibus
620 2467 682 2529 sub
704 2468 781 2548 ipso
803 2467 930 2548 oppido
953 2469 1165 2551 excapitati
1196 2472 1318 2532 morbo

264 2573 480 2636 recoluisset.

296 2696 447 2754 municipia]
484 2699 523 2754 qui
541 2699 570 2741 de
589 2697 691 2742 coloniis
709 2701 779 2751 etque
795 2697 930 2751 rnunicipiis
950 2699 1049 2742 meliors
1069 2701 1131 2744 scire
1155 2701 1228 2756 cupit,
1243 2713 1317 2756 quarn

332 2798 361 2829 ex
381 2785 453 2828 Gellii
473 2785 552 2828 verbis
573 2785 662 2827 hauriri
684 2789 792 2838 possunt,
812 2787 880 2828 adeat
897 2784 1022 2828 Illebuhrii
1043 2787 1072 2832 lt.
1093 2787 1122 2830 II.
1145 2790 1162 2830 l.
1183 2786 1207 2829 2.
1230 2801 1253 2840 p.
1275 2781 1319 2829 70.

332 2873 428 2917 Gibbcn
450 2878 467 2915 t.
490 2871 512 2919 1.
535 2885 557 2927 p.
580 2867 622 2916 73.
643 2871 755 2914 Kreuzer
773 2872 845 2914 Il'crn.
862 2872 919 2915 Ant.
940 2885 963 2926 p.
987 2867 1044 2916 341.

668 2991 911 3048 Declamatiunes.

328 3095 439 3159 Photii
458 3094 573 3159 Codex
592 3097 663 3158 100.
689 3095 728 3155 Τ.
744 3097 773 3158 1.
790 3117 823 3178 p.
841 3094 895 3158 86.
911 3097 961 3159 ed.
977 3094 1078 3160 Bell.
1095 3089 1318 3180 Ἀνεγνώσθη

257 3196 438 3284 Ἀδριανοῦ
457 3199 515 3262 τοῦ
531 3200 695 3281 βασιλέως
713 3200 846 3282 μελέται
868 3192 1039 3288 διάφοροι,
1061 3193 1107 3274 εἰς
1129 3194 1167 3262 τὸ
1183 3201 1319 3287 μέτριον

262 3300 321 3363 τοῦ
344 3293 446 3381 λόγου
469 3294 649 3384 ἀνηγμέναι
671 3303 726 3364 καὶ
750 3294 809 3362 οὐκ
831 3293 951 3377 ἀηδεῖς.

555 3416 665 3474 CXLV.
687 3416 781 3473 Aelius
804 3418 887 3474 Verus
908 3417 1019 3474 Caesar.

324 3519 506 3584 Hadrianus
529 3542 557 3589 a.
582 3544 613 3583 u.
638 3520 699 3582 888
722 3520 812 3599 (135)
834 3519 1002 3585 Ceionium
1017 3521 1229 3588 Commodum
1245 3525 1315 3586 Ve-

261 3647 341 3699 rum,
364 3623 520 3699 iuvenem,
546 3621 722 3704 adoptavit,
745 3622 881 3706 indeque
906 3623 1017 3686 Aelius
1041 3625 1149 3688 Verus
1172 3625 1316 3708 appella-

262 3737 311 3788 tus
335 3738 394 3789 est.
440 3727 483 3790 A.
507 3750 537 3788 u.
562 3726 623 3790 889
647 3727 735 3804 (136)
759 3727 859 3788 61801)
880 3727 972 3806 (137)
987 3727 1109 3791 consul.
1157 3729 1311 3792 Mortuus

263 3841 310 3892 est
333 3851 363 3890 a.
388 3829 446 3892 891
471 3829 573 3906 (138).

326 3930 511 4012 Spartianus
536 3929 632 3994 Aelio
656 3932 747 3992 Vero
777 3952 806 3992 c.
831 3932 863 3996 b.
909 3931 985 3994 tuit
1012 3931 1066 3992 hic
1090 3933 1178 3996 vitae
1199 3934 1317 3996 laetis-

263 4032 382 4107 simae,
407 4033 564 4095 eruditus
587 4033 621 4093 in
644 4032 767 4106 literis,
795 4033 952 4096 Adriano
987 4035 1038 4111 (ut
1072 4035 1231 4097 malevoli
1266 4038 1317 4098 ia·

261 4134 431 4218 quantur)
452 4132 625 4217 acceptior
645 4129 769 4218 forma
790 4155 892 4218 quam
916 4134 1087 4210 moribus,
1112 4136 1185 4198 oris
1216 4156 1316 4198 uene·

262 4235 375 4310 randi,
399 4236 611 4320 eloquentiae
634 4235 798 4311 celsioris,
816 4258 915 4299 uersu
926 4235 1071 4327 facilis,
1091 4237 1125 4299 in
1143 4237 1319 4321 republica

261 4336 368 4395 etiam
390 4357 457 4396 non
481 4337 627 4398 inutilis.
