2984 4842
1140 391 1201 454 tot

215 557 244 590 ex
265 560 294 589 su
317 545 442 601 probabile
462 551 512 604 est,
535 560 587 590 eum
606 546 696 598 ¹I'sntus
717 550 794 603 duat,
820 551 889 608 apud
905 558 1019 596 oratoru
1038 551 1125 596 orbum
1143 565 1198 597 sam

216 633 354 692 dici,quae
367 641 467 690 patrem
486 640 529 676 aut
548 641 654 680 inatrem
675 638 799 680 aruiserr't.
839 641 915 701 Atque
934 639 1065 684 detulistis
1079 642 1198 695 Sulpicius

223 724 286 780 toqui
327 724 433 778 uidetur,
466 724 497 765 lta
530 729 553 764 ut
581 725 683 766 creationi
718 738 762 779 pro
792 723 884 769 nunus
915 728 952 770 hie
989 731 1019 771 sit
1056 729 1207 778 trlbusudus.

218 815 293 856 locus.

422 946 568 1002 LXXVIII
587 955 617 1002 et
637 948 767 1004 Lxxlx.
809 949 923 1008 Metelli.

213 1058 355 1132 Metelli,
385 1080 523 1143 quorum
556 1057 718 1122 orationes
749 1059 921 1124 Mucianus
954 1063 1048 1145 operi
1079 1087 1137 1128 suo
1159 1068 1197 1128 de

149 1163 245 1226 claris
269 1160 455 1225 oratoribus
478 1158 622 1234 inseruit,
646 1161 764 1225 iratres
788 1162 892 1226 luere.
916 1163 997 1227 alter
1020 1167 1063 1247 Q.
1083 1165 1197 1230 Caeci·

150 1264 212 1326 lius
234 1263 388 1327 Metellus
412 1260 525 1334 Celer,
550 1275 683 1343 praetor
706 1285 735 1326 a.
761 1267 819 1328 691
846 1267 923 1344 (63),
947 1268 1057 1330 consul
1080 1289 1110 1331 a.
1135 1270 1197 1333 cst

150 1366 232 1445 (60).
252 1367 430 1443 (Drumanu
448 1377 471 1427 t.
491 1366 522 1427 9.
547 1386 581 1445 p.
606 1365 679 1442 9²0²
706 1366 786 1428 alter
807 1369 849 1448 Q.
867 1366 1026 1431 Caecilius
1043 1369 1196 1432 Metellus

151 1470 276 1549 Nepos,
304 1466 450 1530 tribunus
483 1465 530 1548 pl.
565 1488 595 1528 a.
628 1467 689 1530 692
718 1465 801 1551 (62),
833 1469 943 1532 consul
974 1491 1000 1534 a.
1029 1471 1089 1535 697
1114 1474 1195 1552 (57).

149 1569 331 1646 (Drumanu
353 1579 378 1630 t.
403 1569 433 1630 2.
458 1591 492 1648 p.
518 1569 583 1646 99).

215 1670 290 1735 Cic.
307 1671 401 1732 Brut.
427 1670 478 1732 70.
524 1673 607 1734 Duo
630 1672 772 1746 Metelli,
789 1673 887 1736 Celer
910 1684 942 1735 et
957 1675 1088 1759 Nepos,
1112 1697 1198 1738 non·

149 1773 238 1836 nibil
258 1774 294 1834 in
316 1772 434 1835 causis
458 1773 599 1845 uersati,
625 1793 685 1833 nec
714 1773 787 1835 sine
810 1772 949 1856 ingenio
972 1796 1032 1838 nec
1054 1778 1194 1853 indocti,

150 1878 214 1939 hoc
236 1887 337 1938 eraut
357 1877 525 1958 populare
548 1874 682 1936 dicendi
704 1896 813 1957 genus
835 1877 996 1939 assecuti.

182 2021 307 2078 populare
333 2019 438 2064 dicendi
459 2017 550 2078 genus]
588 2022 605 2064 l.
631 2035 653 2064 s.
684 2020 833 2064 excellebant
860 2022 884 2065 in
912 2023 1081 2075 concionibus,
1107 2037 1153 2066 uon
1173 2023 1197 2067 in

222 2107 373 2152 orafionibus
392 2107 532 2153 iudiciariis.

219 2225 327 2290 Tacit.
350 2225 401 2289 De
431 2226 629 2290 Oratoribus
658 2226 712 2288 37.
764 2228 890 2292 Nescio
919 2248 964 2289 an
987 2227 1140 2290 venerint
1162 2227 1198 2290 iu

154 2348 277 2390 manus
292 2339 425 2390 uestras
446 2330 529 2390 haec
550 2340 678 2400 vetera,
703 2349 790 2410 quac
812 2339 845 2390 et
870 2335 905 2393 in
919 2329 1199 2412 antiquariorum

153 2429 362 2491 bibliothecis
371 2430 486 2492 adhaec
510 2441 647 2490 mouent
672 2440 705 2490 et
730 2451 806 2490 cum
823 2430 976 2492 maxime
991 2451 1013 2490 a
1029 2429 1199 2494 Muciano

152 2531 417 2606 contrahuntur,
441 2553 482 2592 ac
507 2531 577 2592 iam
604 2529 777 2602 undecim,
809 2543 847 2592 ut
869 2530 1003 2611 opinor,
1031 2534 1199 2594 Actorum

153 2633 250 2696 libris
272 2643 305 2694 et
325 2632 436 2696 tribus
458 2634 697 2715 Epistolurum
719 2631 911 2713 composita
932 2642 965 2693 et
989 2632 1083 2694 edita
1104 2644 1197 2714 sunt.

153 2756 201 2796 ex
216 2734 260 2796 iis
274 2734 422 2816 intelligi
441 2745 565 2816 potest,
592 2736 655 2798 Cn.
680 2733 879 2814 Pompeium
901 2745 935 2796 et
956 2736 1012 2798 M.
1033 2736 1200 2798 Crassum

155 2856 222 2898 non
255 2836 384 2904 viribus
414 2835 517 2898 modo
543 2848 576 2898 et
609 2836 718 2898 armis
748 2835 810 2898 sed
837 2835 977 2917 ingenio
1002 2855 1135 2918 quoque
1166 2846 1199 2896 at

154 2940 311 3000 oratione
326 2938 481 3014 valuisse,
507 2940 670 3000 Lentulos
694 2948 727 2999 et
753 2940 964 3002 Metellos
985 2949 1018 2999 et
1037 2937 1200 3000 Lucullos

154 3051 188 3101 et
209 3039 376 3104 Curiones
399 3050 432 3101 et
454 3051 602 3100 ceteram
622 3060 807 3119 procerum
830 3060 970 3101 manum
992 3039 1137 3100 multum
1162 3035 1199 3098 in

155 3141 206 3203 lais
227 3141 353 3204 studiis
375 3162 502 3222 operae
525 3161 695 3224 curaeque
714 3140 886 3222 posuisse,
911 3161 971 3202 nec
996 3159 1201 3223 quemquam

155 3241 224 3304 illis
255 3243 464 3325 temporibus
496 3263 659 3325 magnam
681 3242 871 3324 potentiam
896 3242 970 3304 sine
995 3241 1113 3324 aliqua
1133 3242 1202 3304 elo-

156 3344 296 3441 quentia
318 3357 548 3408 consecutum.

191 3501 207 3532 a
223 3486 357 3548 Muciano]
393 3489 453 3534 bunc
474 3491 551 3532 tocuun
575 3493 689 3544 soprato
716 3491 760 3538 Cn.
785 3490 901 3545 Pompeio
920 3491 1010 3548 Magno
1033 3502 1055 3544 p.
1081 3484 1141 3533 389.
1162 3501 1202 3532 sx-

225 3575 363 3632 pIIeuimus.

204 3691 342 3756 ¹Cicero
366 3693 506 3756 meminit
539 3693 570 3755 in
604 3694 698 3774 epist.
730 3697 770 3755 ad
800 3694 942 3756 Atticum
976 3693 1000 3756 l.
1024 3694 1062 3767 6,
1088 3693 1124 3768 3,
1150 3693 1202 3754 10.

158 3792 327 3856 orationis
357 3798 398 3878 Q.
426 3795 554 3860 Celeris
583 3807 705 3859 eontra
735 3797 790 3858 M.
824 3795 1023 3870 Seruilium,
1049 3816 1143 3878 quam
1171 3812 1201 3853 a.

141 3894 221 3957 694
249 3894 319 3974 (60)
348 3895 486 3958 habitam
522 3895 658 3977 Pighius
695 3907 720 3959 t.
753 3896 784 3958 3.
814 3917 848 3976 p.
886 3897 947 3960 369
975 3893 1104 3967 scribit,
1137 3911 1202 3974 quo

159 4016 241 4059 anno
257 3997 411 4060 Metellus
435 3998 556 4071 consul,
581 3997 737 4060 Servilius
758 3996 904 4060 tribunus
926 3997 970 4078 pl.
994 4005 1074 4057 erat.
1099 3987 1205 4054 Alteri

158 4098 314 4175 Metello,
349 4098 491 4180 Nepoti,
527 4097 558 4158 in
593 4097 669 4159 edit.
703 4120 754 4179 pr.
784 4099 961 4161 orationem
990 4093 1104 4166 tribui,
1129 4111 1203 4152 auc·

157 4198 287 4263 toritate
319 4199 422 4264 nitens
452 4195 624 4263 Ciceronis
656 4201 695 4260 ad
725 4200 817 4261 Fam.
850 4201 888 4272 5,
919 4197 951 4257 lt.
996 4195 1099 4258 Nunc
1122 4190 1206 4284 milri
1287 4229 1289 4234 ·

136 4284 201 4381 ¹Q.
212 4299 346 4390 frater
371 4322 467 4364 meus
493 4296 710 4362 mitissimam
739 4311 836 4362 tuam
864 4295 1072 4372 orationem,
1102 4313 1206 4377 quam
