2984 4842
1193 383 1252 444 397

201 541 317 606 oratio
341 540 564 623 responsoria
586 551 708 601 contra
729 539 884 602 Sallustii
907 539 1107 601 invectivam
1128 540 1247 602 edente

200 643 359 725 Philippo
379 642 595 705 Beroaldus.
618 644 641 703 l.
665 654 698 703 et
720 662 754 703 u.
782 653 814 702 et
830 653 973 725 typogr.
991 661 1070 702 nom
1086 643 1117 703 1.
1136 641 1248 706 deinde

200 745 231 808 in
251 743 375 828 aliquot
393 742 586 806 editionibus
606 741 831 825 antiquissimis
854 742 993 817 Salustii,
1010 765 1087 827 quas
1101 757 1249 809 accurate

201 845 437 928 descripsitM.
462 846 505 908 G.
529 848 768 924 Veesenmeycr
790 845 1105 927 Bibliographische
1119 869 1154 909 u.
1175 849 1246 911 bio-

201 950 405 1034 graphisclre
439 951 630 1011 Aualelsten
665 946 713 1012 eu
747 948 808 1009 der
845 948 1033 1010 Litterutur
1061 950 1122 1010 der
1156 954 1247 1012 alten

200 1053 330 1136 griech.
349 1053 419 1112 und
440 1055 502 1114 lut.
532 1049 802 1139 Schriftsteller.
827 1050 899 1114 Ulm
921 1050 1014 1111 1826.
1041 1074 1074 1132 p.
1098 1053 1248 1129 61-61.,

201 1168 296 1240 atquc
321 1154 352 1216 in
374 1152 554 1216 Constantii
576 1150 729 1215 Feliciani
753 1150 924 1214 Durantini
947 1155 985 1214 de
1001 1152 1126 1216 coniur.
1150 1153 1248 1217 Catil.

202 1268 319 1325 narrat,
334 1255 365 1318 in
383 1255 490 1319 Cortii
510 1254 648 1318 Salustio
663 1239 702 1335 P·
730 1255 866 1318 93-97.
892 1253 1015 1317 Mirum
1033 1255 1143 1338 igitur,
1160 1261 1249 1340 quod

202 1361 331 1422 eandem
348 1359 434 1420 velut
468 1357 616 1420 ineditam
643 1379 659 1420 e
692 1357 805 1419 codice
831 1358 898 1418 Ms.
918 1359 1163 1440 schoettgeuius
1182 1359 1247 1423 edi·

202 1460 285 1525 derit
301 1461 332 1523 in
351 1459 514 1525 Analectis
534 1483 576 1522 cx
602 1459 689 1523 omni
713 1459 876 1522 meliorum
903 1459 1002 1522 litter.
1027 1483 1143 1544 genere
1166 1463 1248 1544 Lip-

202 1563 266 1625 siae
286 1563 379 1626 1725.
402 1565 444 1626 Τ.
467 1564 497 1625 2.
525 1585 556 1644 p.
578 1564 655 1636 tlt,
680 1584 812 1646 eamque
835 1560 898 1643 ipsi
914 1560 1071 1625 Catilinae
1087 1563 1248 1627 tribuerit.

203 1667 311 1750 Atque
335 1669 374 1730 F.
403 1667 448 1728 A.
471 1666 613 1729 Wolfius
640 1655 769 1748 quoque
798 1686 863 1728 eam
890 1662 1036 1728 ineditam
1056 1670 1199 1747 putabat,
1216 1679 1250 1729 ut

202 1790 243 1831 ex
264 1767 455 1832 Marcelline
479 1791 508 1850 p.
531 1769 643 1832 XXX.
670 1783 816 1849 apparet.

540 1926 669 1985 LXXVI.
710 1926 741 2006 P.
765 1926 905 1984 Canutius.

265 2043 306 2104 P.
332 2039 489 2104 Canutius
511 2040 579 2102 sive
612 2038 789 2104 Cannutius
823 2039 962 2124 aequalis
990 2039 1162 2104 Ciceronis
1187 2056 1247 2120 cst,

201 2141 314 2216 idest,
335 2163 418 2207 auno
444 2143 505 2205 618
529 2145 618 2223 (106)
644 2154 750 2206 natus.

266 2242 341 2308 Cic.
359 2246 452 2314 Brut.
478 2246 530 2307 56.
576 2249 614 2310 Ρ.
640 2246 819 2320 Canutius,
844 2246 997 2330 aequalis
1020 2267 1126 2321 meus,
1144 2250 1247 2311 homo

203 2359 306 2409 extra
328 2347 483 2410 ordinem
509 2361 667 2410 nostrum
690 2370 765 2412 meo
791 2347 919 2412 iudicio
942 2348 1202 2413 disertissimus.

238 2471 349 2516 ordinem
369 2472 493 2532 nostrum]
529 2477 686 2520 senatorium.

267 2572 340 2636 Cic.
357 2596 419 2656 pro
437 2575 589 2638 Cluentio
606 2599 636 2639 c.
657 2577 704 2644 18.
738 2580 777 2641 P.
794 2577 983 2652 Canutius,
1000 2580 1101 2640 homo
1116 2579 1152 2640 in
1171 2580 1245 2660 pri·

202 2674 267 2738 mis
291 2675 492 2760 ingeniosus
517 2691 550 2741 et
572 2680 607 2741 in
632 2679 776 2742 dicendo
801 2679 1025 2743 exercitatus.

471 2839 498 2894 1.
538 2837 691 2895 Orationes
712 2839 743 2893 P.
766 2837 884 2909 Sulpicii
906 2839 980 2894 Ruti.

264 2946 305 3007 P.
331 2942 494 3016 Canutius,
516 2964 585 3004 cum
609 2944 650 3005 P.
676 2940 835 3022 Sulpicius
857 2941 960 3004 Rufus
983 2944 1030 3019 (v.
1054 2963 1130 3024 pag.
1155 2940 1246 3022 313.)

202 3057 313 3110 orator
332 3044 559 3108 celeberrimus
577 3056 659 3106 esset
677 3064 735 3105 uec
751 3054 853 3104 tamen
870 3043 1031 3107 orationes
1047 3042 1245 3128 reliquisset,

200 3161 275 3230 post
306 3160 440 3212 mortem
470 3146 536 3210 eius
569 3146 731 3209 orationes
768 3167 809 3206 ex
839 3143 969 3226 iugenio
1002 3144 1095 3207 finxit
1130 3165 1246 3231 easque

202 3272 263 3332 pro
289 3250 423 3332 Sulpicii
452 3248 652 3313 orationibus
676 3245 786 3311 haberi
815 3246 927 3309 voluit.

265 3352 337 3417 Cic.
357 3354 451 3418 Brut.
476 3353 527 3428 56,
552 3353 621 3417 205.
666 3349 810 3434 Sulpicii
832 3349 1006 3414 orationes
1021 3373 1108 3433 quae
1120 3349 1247 3437 ferun-

199 3468 275 3530 tur,
310 3476 366 3518 eus
397 3467 474 3537 post
509 3466 653 3518 mortem
687 3455 761 3517 eius
799 3451 978 3535 scripsisse
1008 3455 1047 3516 P.
1080 3454 1248 3517 Canutius

197 3569 356 3639 putatur.

263 3659 448 3722 Priscianus
482 3672 506 3723 t.
545 3665 573 3725 1.
599 3683 631 3742 p.
669 3661 742 3722 369.
799 3658 988 3722 Canutius:
1027 3661 1145 3740 Turpe
1181 3670 1244 3734 est,
1272 3708 1309 3730 κ

196 3774 341 3842 propter
350 3775 562 3825 venustatem
574 3763 850 3824 vestimentorum
862 3760 1044 3834 admirari,
1060 3771 1093 3822 et
1102 3773 1248 3842 propter

199 3863 398 3944 turpissime
425 3878 539 3928 actum
575 3865 679 3928 vitam
714 3883 782 3927 non
820 3863 992 3926 contemni
1024 3897 1065 3908 -
1096 3860 1249 3925 admirari

198 3959 457 4051 θαυμάζεσθαι.

232 4090 363 4152 Canutius]
400 4096 454 4137 huic
480 4094 583 4137 Canutio
610 4106 666 4135 vere
690 4093 849 4152 fragmentum
874 4096 1002 4138 vindicavit
1025 4095 1120 4141 Falster
1138 4096 1244 4140 Memor.

266 4179 374 4228 obscur.
397 4196 420 4232 p.
443 4177 484 4224 37.
523 4178 593 4222 Alius
613 4179 707 4221 Canutii
728 4184 819 4224 mentio
839 4182 902 4225 fucta
921 4181 999 4222 estin
1018 4181 1120 4238 Distogo
1140 4186 1168 4227 de
1182 4182 1244 4226 Ora·

266 4269 359 4313 toribus
379 4284 401 4312 c.
432 4267 474 4312 21.
520 4267 588 4309 Alius
614 4266 713 4320 denique
742 4272 778 4310 est
806 4268 920 4312 Canutius
947 4265 1057 4310 tribunus
1083 4271 1116 4322 pl.
1140 4284 1163 4312 s.
1186 4266 1245 4323 710,

267 4361 350 4398 contra
372 4369 441 4410 quem
460 4355 496 4397 Μ.
518 4352 635 4395 Antonius
655 4351 723 4398 dixit.
