2966 4842
282 397 343 458 500

354 563 399 616 psit
419 561 500 619 Magni
520 555 667 616 temporibus
686 561 753 610 visit,
774 561 840 615 isque
859 573 872 601 a
891 559 961 603 Suids
982 571 1002 601 s.
1023 571 1046 601 s.
1069 553 1190 606 Halitus
1215 550 1232 606 ὁ
1256 545 1337 608 Ἀσί-

352 663 432 710 νιος,
452 642 632 719 Τραλλιανός
652 648 752 690 attentus
772 645 959 702 (CiintonFssti
979 651 996 692 t.
1018 643 1041 691 ³.
1063 660 1086 700 p.
1108 642 1185 702 titii:
1205 630 1339 690 alternis-¹

353 738 428 796 gister
447 737 491 781 tuit
510 737 546 782 tl.
568 733 679 778 Antonini
699 734 844 788 philosophi,
864 747 964 792 euinque
983 735 1044 788 apud
1058 734 1193 778 Charisiuut
1212 735 1331 789 arripien-

351 824 407 868 dum
435 825 551 868 arbitror.
584 823 618 876 (s.
642 837 665 876 p.
687 817 755 874 501.)
805 823 929 865 Valerium
954 823 1035 865 itidem
1064 822 1247 880 graminaticusn
1277 836 1332 866 esse

231 932 241 942 ·
352 913 464 964 diximus,
488 925 534 967 quo
556 913 651 955 nosssine
673 923 726 954 tuus
749 913 829 963 piures
852 909 891 952 slii
912 909 1009 953 luerunt
1028 914 1077 951 tum
1091 910 1205 952 Valerius
1227 910 1288 951 Catu
1308 915 1333 952 et

350 1001 385 1044 Μ.
408 1001 521 1043 Valerius
542 997 647 1042 Probus.
696 997 830 1040 Boudasnus
863 998 885 1040 in
916 997 997 1039 Variis
1027 995 1182 1040 Lectionibus
1213 1010 1236 1050 p.
1269 992 1329 1040 373.

349 1072 454 1131 Asinius
473 1087 499 1129 s'n
519 1085 655 1129 Labienum
680 1083 724 1131 tit.
750 1083 773 1136 l,
794 1085 967 1130 emendantium
990 1089 1064 1139 pout.

315 1222 379 1291 Quia
395 1231 512 1291 pugillus
530 1227 578 1286 est]
616 1229 672 1273 haec
692 1233 747 1272 sont
766 1228 870 1272 Charisii
891 1232 972 1284 verbs,
994 1241 1038 1271 non
1054 1229 1140 1280 Asinii,
1161 1233 1185 1270 ut
1205 1234 1269 1272 recte
1283 1231 1328 1271 ad-

352 1321 439 1364 notavit
459 1318 644 1362 Lindemannus.
741 1359 743 1363 .

741 1485 866 1542 Incerta.

344 1616 559 1700 Quintilianus
582 1619 611 1691 l,
637 1613 667 1692 6,
688 1615 741 1679 42.
787 1615 856 1680 Nec
871 1613 954 1678 enini
970 1614 1330 1678 tuburchinabundum

280 1733 312 1784 et
334 1719 643 1783 lurchinabundum
663 1717 725 1781 iam
753 1716 786 1782 in
812 1716 907 1782 nubis
933 1715 1100 1803 quisquam
1127 1716 1230 1793 ierat,
1256 1715 1331 1780 licet

217 1873 224 1884 .
268 1817 364 1896 2Cato
390 1820 428 1884 sit
458 1831 590 1896 auctor,
625 1812 684 1884 nec
714 1822 774 1884 hos
799 1822 945 1895 lodices,
974 1833 1166 1906 quamquam
1191 1820 1225 1884 it
1251 1823 1329 1886 Pol·

278 1924 365 1988 lioni
396 1923 536 2007 placeat,
566 1943 625 1986 nec
654 1923 827 2005 gladiola,
856 1922 944 2008 atqui
972 1923 1111 1986 Messala
1139 1920 1233 1998 dixit,
1268 1921 1334 1986 neti

278 2025 549 2109 parricidatum,'
576 2027 665 2111 quoti
688 2025 720 2088 in
750 2025 867 2091 Coelio
896 2024 951 2088 vix
980 2023 1150 2090 tolerabile
1181 2024 1326 2100 vitietur,

279 2151 339 2193 nec
360 2131 465 2192 collos
489 2127 563 2191 mibi
592 2127 712 2192 Calvus
742 2127 949 2210 persuaserit.

344 2248 479 2332 Quintil.
500 2255 530 2326 9,
547 2252 578 2326 i,
598 2251 800 2335 stulteque
824 2249 1012 2314 accesserim
1029 2249 1139 2325 Celso,
1160 2249 1326 2334 quianam

279 2356 434 2439 quandam
460 2351 534 2416 huie
564 2352 649 2435 parti
671 2351 807 2416 sormam
837 2352 939 2430 dedit,
963 2364 994 2416 et
1018 2351 1169 2434 optimam
1193 2357 1349 2434 compo-⁴

279 2456 425 2520 sitiouem
458 2476 526 2519 esse
560 2453 735 2538 prooemii,
760 2466 794 2517 nt
823 2456 918 2538 apud
934 2454 1113 2529 Asinium,
1141 2453 1240 2517 dixit:
1268 2455 1325 2528 si,

278 2563 419 2634 Caesar,
444 2581 491 2621 ex
512 2558 678 2622 omnibus.
691 2559 903 2635 mortalibus,
922 2558 981 2642 qui
1002 2569 1082 2621 sunt
1104 2556 1324 2649 assuerunt,

275 2674 394 2745 posset
413 2661 492 2724 huic
513 2681 637 2724 causae
663 2661 874 2744 disceptator
895 2660 976 2744 legi,
1003 2679 1072 2725 non
1095 2660 1275 2745 quisquam
1294 2671 1328 2722 te

274 2763 394 2847 potius
416 2761 586 2845 optandus
612 2763 710 2826 nobis
718 2761 818 2854 fuit.

227 2939 230 2944 ’
311 2926 380 2985 apud
396 2924 524 2985 Asinisun]
560 2928 584 2972 in
602 2930 711 2972 oratione
730 2931 812 2974 nescio
830 2943 875 2987 qua
895 2931 955 2984 aput
974 2928 1131 2973 staturianum
1150 2928 1238 2972 habita.

221 3097 254 3114 κ
343 3046 509 3110 Charisius
541 3069 575 3129 p.
606 3053 656 3110 77.
707 3050 913 3134 Insequenti.
962 3048 1106 3113 Asinius
1139 3047 1248 3111 Pollio
1279 3047 1328 3108 ad

278 3152 479 3213 Caesarem:
500 3151 615 3232 primo
637 3153 828 3235 insequenti
849 3153 915 3213 die.

311 3291 345 3337 ad
362 3290 506 3354 Caesarem]
543 3300 565 3340 in
586 3299 695 3352 epistota,
717 3301 811 3350 opinor,
833 3299 861 3340 ad
881 3297 1047 3342 Octavianum.

250 3463 274 3482 μ
340 3411 506 3478 Charisius
530 3438 563 3496 p.
586 3415 638 3477 34.
664 3414 832 3477 Genitivns
854 3415 986 3496 pluralis
1011 3439 1082 3479 cusu
1111 3415 1234 3479 ratione
1252 3438 1325 3478 uec·

274 3515 435 3599 tigalium
460 3517 554 3591 iacit,
587 3529 734 3582 auctores
757 3529 859 3580 tamen
890 3518 1151 3602 uectigaliorum
1177 3517 1238 3597 (sic
1261 3517 1326 3601 leg.

275 3638 338 3680 uon
359 3619 588 3700 uectigalium)
611 3620 775 3694 dixerunt,
805 3634 838 3683 nt
871 3621 1030 3686 Asinius:
1062 3621 1325 3704 uectigaliorum

276 3720 480 3800 reipublicae
502 3742 620 3784 curam
644 3746 716 3786 esse
740 3725 941 3787 habendam.

340 3817 509 3885 Charisius
536 3846 570 3904 p.
596 3825 649 3887 85.
698 3827 983 3908 Vectigaliorum.
1022 3827 1167 3890 Asinius
1194 3825 1324 3889 Pollio:

274 3923 535 4006 uectigaliorum
557 3926 644 4008 reip.
668 3949 789 3990 curam
811 3951 885 3991 esse
907 3929 1109 3992 habendam.

252 4069 260 4082 .
338 4025 531 4090 Macrobius
554 4029 713 4091 Saturnal.
743 4033 773 4105 1,
808 4033 840 4094 lt.
885 4041 971 4094 tanta
999 4032 1082 4113 apud
1114 4041 1236 4092 veteres
1261 4028 1325 4091 tuit

274 4127 402 4192 licentia
425 4129 517 4193 huius
539 4129 684 4214 genitivi,
707 4143 740 4194 nt
762 4133 906 4198 Asinius
927 4133 1036 4199 Pollio
1061 4130 1324 4211 uectigaliorum

271 4228 457 4314 frequenter
480 4245 622 4313 usurpet.
