2966 4842
1150 381 1210 444 535

195 548 324 606 municeps
346 543 515 602 vastitanus]
552 547 574 588 id
594 546 748 600 municipium
768 545 824 588 mihi
849 545 965 602 ignotum.
1004 546 1070 600 Quod
1094 549 1113 590 si
1128 551 1206 590 autern

227 633 312 680 Vibius
333 635 432 689 Crispus
450 633 618 691 intelligendus
636 637 708 686 esset,
729 631 859 688 municeps
874 629 1039 676 Vei-callensis
1061 647 1144 678 vesum
1163 648 1205 678 es·

228 728 272 784 set,
292 729 316 766 ut
337 735 365 768 ex
383 722 471 766 'l'acito
490 723 513 765 in
536 722 638 780 Dialogo
658 736 680 767 c.
701 718 726 764 8.
749 725 856 775 apparet.

193 806 321 867 Caesaris]
358 806 403 852 Cet
421 805 539 853 Caesaris
561 808 668 863 Lipsius.

191 911 207 940 a
224 895 333 956 Nerone]
370 898 476 942 scribere
496 897 599 940 debebat
617 893 721 940 nGaio.
760 895 864 951 Lipsius.

189 1107 193 1114 ,
219 1033 370 1096 Eiusdem
394 1031 539 1095 Passieni
563 1029 704 1094 meminit
720 1030 850 1094 Tacitus
868 1029 984 1093 Annal.
1010 1030 1040 1104 ό,
1060 1030 1112 1090 90.
1137 1031 1206 1093 Sub

156 1135 245 1198 idem
277 1146 411 1216 tempus
441 1134 546 1197 Caius
568 1122 718 1210 Caesar,
751 1133 937 1196 discedenti
958 1136 1110 1214 Capreas
1139 1151 1203 1194 avo

155 1258 280 1311 comes,
306 1235 488 1300 Claudiam
511 1239 566 1300 M.
591 1235 700 1299 Silani
723 1235 844 1312 filiam
872 1235 1034 1317 coniugio
1063 1231 1204 1314 accepit,

156 1337 341 1399 immanem
362 1337 516 1399 animum
538 1337 684 1402 subdola
696 1338 864 1400 modestia
879 1349 1010 1418 tegens,
1027 1357 1093 1398 non
1109 1335 1204 1398 dam-

157 1440 297 1502 natione
320 1439 456 1512 matris,
480 1460 550 1504 non
571 1439 678 1502 exilio
688 1437 857 1528 flatrum
880 1450 985 1520 rupta
1007 1461 1104 1510 uoce;
1125 1460 1208 1521 qua-

157 1543 223 1603 lem
246 1541 337 1604 diem
360 1541 521 1604 Tiberius
542 1541 722 1616 induisset,
744 1540 825 1621 pari
846 1541 976 1614 habitu,
1003 1540 1098 1603 haud
1120 1544 1205 1602 mul-

158 1656 231 1706 tum
254 1644 460 1707 distantibus
483 1644 602 1708 verbis.
632 1643 722 1705 unde
749 1663 835 1707 moa
864 1643 1205 1725 scitumPassieni

156 1746 355 1809 oratoris
378 1747 506 1808 dictum
534 1746 748 1829 percrebuit,
779 1764 885 1830 neque
923 1745 1098 1808 meliorem
1131 1765 1204 1808 um-

156 1869 259 1931 quam
281 1869 418 1912 servum
439 1869 500 1911 nec
521 1849 728 1912 deteriorem
750 1849 927 1912 dominum
937 1844 1076 1938 fuisse.

195 1992 299 2048 dictum]
335 1997 358 2038 id
377 1996 405 2038 de
424 1992 533 2052 Caligula
554 1995 647 2038 dixerat
666 1995 796 2038 Passienus
816 2008 838 2038 a.
861 1991 909 2038 tas
929 1988 995 2049 (33).

220 2115 341 2174 Seneca
364 2113 442 2173 Nat.
468 2108 599 2191 Quaest.
622 2113 653 2173 4.
679 2111 790 2173 Praei.
836 2112 1017 2192 Crispus
1040 2113 1202 2174 Passis·
1244 2084 1249 2096 ⁸

154 2235 244 2288 nus,
268 2235 336 2297 quo
358 2233 423 2296 ego
446 2214 495 2275 nil
515 2214 661 2295 cognovi
682 2212 841 2277 subtilius
863 2213 898 2275 in
921 2213 1078 2276 omnibns
1093 2215 1204 2296 rebus,

61 2353 63 2358 ,
155 2317 306 2378 maxime
337 2317 373 2379 in
398 2312 670 2398 distringuendis
698 2327 731 2377 et
762 2314 927 2378 curandis
955 2315 1067 2390 vitiis,
1103 2337 1204 2399 saepe

155 2419 295 2516 dicebat,
320 2418 514 2480 adulationi
525 2439 588 2480 nos
600 2439 783 2499 opponere,
802 2438 870 2480 non
886 2417 1044 2481 claudere
1060 2419 1199 2482 ostium.

189 2561 343 2622 adulationi]
381 2565 408 2607 tie
428 2562 529 2606 lectione
549 2561 595 2606 ioci
619 2573 642 2607 v.
665 2558 763 2616 Lipsius
784 2563 812 2605 sd
831 2563 909 2606 Taciti
929 2562 1015 2615 Anasi.
1039 2561 1080 2617 12,
1096 2561 1119 2608 6.

188 2703 234 2748 quo
256 2702 304 2750 ego
317 2687 355 2732 nil
375 2684 492 2746 cognovi]
527 2685 556 2734 L.
581 2687 671 2730 Seneca
694 2685 849 2742 phitosophns
871 2687 898 2732 ds
919 2687 1037 2732 Passieno
1055 2685 1104 2732 fitia
1124 2690 1200 2746 toqui·

223 2783 271 2823 tar.
292 2787 346 2822 nain
366 2776 509 2820 Passienum
528 2779 621 2828 patrem
640 2788 687 2818 non
710 2780 868 2833 cognoverat:
892 2775 930 2820 hit
949 2777 1012 2820 enim
1029 2790 1052 2822 a.
1076 2771 1125 2822 lii
1143 2773 1201 2834 (10)

222 2871 340 2919 snos-tuus,
364 2865 455 2908 Seneca
474 2867 552 2906 autem
575 2877 597 2906 a.
622 2859 668 2908 llil
691 2857 731 2920 (l)
751 2867 819 2906 ustus
842 2868 886 2918 est,
910 2862 1043 2908 utCiiuton
1063 2867 1127 2913 ada.
1142 2861 1199 2911 750.

222 2955 319 2998 iudicat.
358 2952 473 2996 Eiusdem
492 2951 602 2995 Passieni
623 2951 730 2994 meminit
747 2949 840 2995 Plinius
860 2952 883 2995 in
901 2950 978 3006 Epist.
997 2949 1021 3009 l,
1044 2945 1067 3004 6,
1091 2953 1129 2996 t1.

216 3073 367 3138 Eiusdem
390 3080 500 3134 extant
510 3070 649 3132 Senecae
672 3066 898 3151 epigrammata
916 3070 978 3132 duo
992 3069 1022 3134 iu
1040 3068 1198 3151 Crispum,

158 3197 250 3258 quem
273 3171 460 3239 Passienum
484 3169 636 3252 Crispum
659 3191 727 3234 esse
751 3168 922 3232 verisimile
946 3183 1009 3243 est,
1032 3171 1064 3234 in
1087 3175 1201 3237 autho-

155 3278 245 3363 logia
267 3277 362 3342 latina
387 3277 429 3338 T.
443 3276 473 3336 l.
491 3297 525 3356 p.
543 3273 594 3338 48.
612 3277 664 3336 ed.
689 3293 794 3346 meae3
818 3294 957 3356 quonum
982 3273 1113 3338 alterum
1140 3279 1200 3338 hoe

154 3394 200 3446 est
212 3407 219 3444 ι

591 3455 606 3480 Ν

227 3524 339 3592 Crispe,
359 3533 442 3575 meae
461 3519 537 3574 vires
556 3519 754 3585 lassarumque
775 3515 902 3568 anchora
923 3493 1055 3582 rerum,'

304 3615 417 3682 Crispe,
440 3614 485 3666 vet
505 3611 623 3677 antiquo
644 3607 848 3675 conspiciende
871 3607 941 3672 iore,

228 3708 339 3774 Crispe,
360 3706 463 3772 potens
484 3712 651 3766 numquam,
672 3697 727 3750 nisi
748 3711 813 3750 cum
833 3696 972 3764 prodesse
993 3696 1120 3764 volebas,

304 3794 453 3860 naufragio
472 3791 552 3846 littus
573 3792 689 3866 tuisque
710 3790 787 3843 term
806 3802 879 3844 mea.

191 3918 218 3973 5.
243 3917 326 3973 Solus
347 3914 440 3968 honor
459 3911 565 3966 nostris
585 3925 635 3964 arx
654 3913 683 3966 et
703 3908 844 3964 tutissime
864 3909 950 3965 rebus

304 4013 332 4064 et
350 4021 427 4062 nuno
447 4003 564 4059 adflicta
583 4003 645 4058 sola
665 4003 747 4074 quies
768 4003 875 4072 auimo,

227 4101 338 4172 Crispe,
361 4100 433 4156 tides
454 4097 546 4152 dulcis
566 4096 696 4168 Latiique
715 4097 855 4152 acerrima
875 4094 974 4160 virtus,

303 4195 383 4250 cuius
401 4190 540 4260 Cecropio
560 4193 677 4260 pectora
696 4190 782 4246 meite
802 4187 939 4243 madente

229 4289 355 4346 maxima
377 4284 500 4342 seeundo
527 4284 571 4341 vei
597 4298 649 4340 svo
671 4283 716 4341 vei
740 4281 832 4352 gioria
864 4279 956 4350 patri:
