2984 4842
1146 399 1206 460 387

156 559 194 621 C.
217 553 361 619 Rabirio
383 554 507 617 Macer·
529 551 700 625 inimicus,
726 552 867 616 oblitum
892 575 977 630 esse,
1002 555 1085 638 auid
1106 556 1207 639 aequi

158 671 190 722 et
213 656 322 720 iurati
345 655 475 718 iudices
497 654 697 719 iudicarint.

496 824 525 880 3.
565 822 665 880 Oratio
685 839 737 895 pro
758 821 869 880 Tuscis.

223 953 304 1018 Veri
327 951 428 1016 simile
451 965 515 1030 est,
540 956 621 1016 hanc
647 975 778 1038 quoque
801 954 980 1020 orationem
1005 958 1154 1022 Macrum
1174 958 1206 1022 in

158 1057 319 1122 tribunatu
346 1077 404 1120 suo
428 1078 457 1118 a.
487 1057 543 1120 681
572 1057 639 1137 (73)
665 1055 796 1121 dixisse.
825 1058 970 1134 Constat,
997 1060 1205 1124 Tuscossive

158 1160 282 1224 incolas
314 1157 466 1222 Etruriae
493 1158 525 1222 iu
554 1159 641 1222 bello
672 1157 759 1222 cirili
792 1160 933 1224 Marium
966 1183 1033 1226 esse
1066 1174 1204 1240 secutos,

161 1285 222 1346 pro
238 1283 343 1346 eoque
368 1273 479 1323 contra
496 1261 614 1324 Sullam
638 1261 756 1325 acriter
779 1283 949 1344 pugnasse.
975 1265 1075 1328 Victo
1094 1263 1206 1328 deiude

161 1364 272 1430 Mario
309 1364 396 1426 Sulla
432 1362 462 1426 in
506 1366 631 1428 Tuscos
666 1363 799 1439 saeviit,
831 1386 1006 1451 eorumque
1042 1365 1208 1450 regionem

163 1467 343 1551 legionibus
368 1465 432 1530 suis
450 1465 593 1530 tradidit.
631 1465 712 1530 Cum
731 1488 810 1532 vero
835 1490 875 1532 co
892 1480 1017 1534 mortuo
1035 1469 1210 1533 adversarii

162 1569 294 1634 iniurias
316 1568 417 1636 illatas
434 1580 529 1654 atque
555 1568 667 1652 plagas
693 1568 802 1632 ulcisci
825 1582 856 1633 et
871 1583 979 1652 erepta
996 1570 1093 1635 sociis
1108 1570 1209 1653 patri·

164 1671 270 1744 mania
301 1670 468 1736 restituere
494 1684 667 1752 cuperent:
701 1673 819 1743 Macer
840 1693 987 1758 quaque,
1018 1671 1073 1757 qui
1100 1693 1209 1738 omnes

165 1778 253 1858 leges
270 1774 414 1838 Sullanas
440 1776 642 1858 abrogandas
668 1795 736 1838 esse
758 1773 891 1850 censuit,
913 1795 976 1856 pro
999 1775 1114 1838 Tuscis
1137 1797 1210 1838 cau-

163 1899 228 1940 sam
253 1876 430 1959 suscepisse
455 1876 590 1940 videtur.
615 1877 716 1956 Quam
744 1875 845 1941 tristis
874 1876 971 1941 suerit
997 1898 1109 1942 eorum
1131 1897 1210 1940 con·

165 1979 262 2054 ditio,
287 2001 328 2041 ex
351 1978 488 2042 Salustio
518 1978 711 2060 accepimns,
739 1978 847 2065 quiin
874 1979 958 2042 Bell.
986 1977 1084 2042 Catil.
1114 2002 1144 2042 c.
1169 1979 1209 2040 28

164 2087 244 2145 haec
260 2080 393 2145 scribit:
418 2085 556 2146 Interea
572 2081 731 2146 Manlius
752 2084 787 2146 in
803 2083 951 2148 Etruria
969 2082 1102 2163 plebem
1118 2081 1211 2143 solli·

165 2187 290 2260 citare,
326 2196 480 2268 egestate
513 2185 617 2248 simul
647 2205 687 2246 aa
720 2184 838 2248 dolore
874 2183 1023 2246 iniuriae
1045 2202 1213 2246 nouarum

166 2309 283 2350 rerum
298 2287 476 2371 cupidam,
495 2287 587 2372 quod
606 2291 721 2351 Sullae
739 2287 971 2351 dominatione
987 2307 1094 2370 agros
1110 2286 1214 2348 bona·

166 2412 230 2474 que
253 2389 370 2452 omnia
390 2389 570 2464 amiserat,
591 2403 775 2472 praeterea
796 2393 948 2452 latrones
970 2388 1131 2471 cuiusque
1154 2409 1212 2470 ge-

169 2492 274 2565 neris,
292 2513 439 2575 quorum
461 2493 497 2553 in
519 2513 560 2554 ea
583 2493 725 2574 regione
748 2512 876 2576 magna
897 2491 996 2573 copia
1018 2502 1110 2563 erat,
1129 2509 1215 2550 non·

168 2596 281 2656 nullos
298 2617 344 2656 ex
360 2595 514 2657 Sullanis
528 2595 676 2668 colonis,
694 2595 817 2677 quibus
831 2593 936 2656 libido
951 2605 1054 2676 atque
1069 2589 1217 2662 luxuria

168 2720 215 2758 ex
232 2697 367 2778 magnis
383 2696 515 2779 rapinis
531 2695 617 2765 nihil
638 2697 762 2780 reliqui
771 2695 954 2786 fecerant.
977 2693 1077 2758 Couf.
1096 2692 1214 2756 Keier·

168 2797 248 2862 stein
273 2798 397 2861 Bellum
429 2797 605 2864 Marsicum
633 2821 666 2880 p.
696 2799 748 2862 79.
773 2799 937 2862 Drumann
970 2807 996 2860 t.
1026 2798 1057 2857 2.
1087 2819 1118 2878 p.
1143 2796 1216 2856 180.

171 2899 330 2962 Zacharia'
354 2899 440 2962 Sulla
472 2922 506 2981 p.
540 2899 598 2964 tat
626 2923 700 2986 sqq.
735 2891 888 2983 thtling
919 2900 1039 2964 Gesch.
1070 2901 1100 2958 d.
1133 2901 1217 2957 rb'm.

171 3003 359 3071 Staatsverl.
385 3024 419 3083 p.
449 3003 521 3064 661.
1123 3027 1125 3030 ·

215 3104 420 3168 Priscianus
446 3116 470 3167 t.
501 3109 528 3166 1.
557 3129 587 3188 p.
616 3107 687 3174 502.
743 3109 855 3169 Verro
877 3106 1047 3166 secundum
1072 3099 1219 3163 Servium

129 3203 131 3208 ’
171 3207 262 3269 uersi
283 3205 379 3280 facit,
409 3210 579 3270 secundum
609 3205 791 3271 Charisium
818 3220 920 3269 autem
949 3203 1051 3279 verri,
1081 3205 1168 3288 quod
1191 3211 1222 3262 et

172 3329 244 3370 treus
277 3309 480 3390 comprobat.
516 3309 670 3373 Licinius
705 3314 826 3374 Macer
859 3331 924 3391 pro
955 3307 1097 3371 Tuscis:
1126 3309 1223 3388 Quos
1265 3355 1312 3382 N

173 3412 328 3492 oportuit
368 3411 499 3473 amissa
538 3415 739 3486 restituere,
783 3415 872 3475 bisce
913 3411 1016 3474 etiam
1059 3407 1223 3490 reliquias

173 3525 389 3575 averrerunt.

211 3655 288 3714 Quae]
327 3660 451 3716 legendum
472 3658 569 3716 quibus.

430 3794 561 3851 Lxxtlt.
605 3795 651 3852 Ca.
675 3795 819 3866 Pompeius
841 3796 969 3867 Mopsus.

242 3924 341 3987 Natus
371 3935 418 3988 est
445 3948 475 3989 a.
508 3928 573 3989 618
602 3929 709 4006 (106),
740 3931 852 3991 eodem
880 3946 962 3988 anuo
993 3945 1058 4006 quo
1092 3919 1226 3984 Cicero.

177 4027 257 4088 lude
281 4029 321 4088 ab
351 4027 588 4103 adulescentia,
613 4027 648 4089 id
680 4039 743 4102 est,
777 4032 817 4090 ab
839 4045 921 4090 anuo
944 4025 1005 4087 666
1031 4023 1118 4100 (89),
1143 4017 1227 4080 bello

179 4127 267 4190 cirili
300 4129 463 4205 interfuit,
498 4141 532 4192 et
570 4129 653 4193 iuter
698 4148 807 4192 omnes
844 4127 949 4193 Sullae
983 4125 1105 4205 legatos
1132 4122 1228 4200 louge
1327 4135 1329 4142 ’

178 4231 316 4294 maxime
329 4232 519 4295 excellebat.
545 4234 637 4296 Unde
652 4230 799 4294 omnibus
816 4229 907 4293 bellis
926 4223 1083 4288 coniectis
1096 4224 1229 4286 Romam

178 4351 330 4396 reversus
354 4355 387 4394 a.
416 4336 478 4396 6711
501 4335 585 4412 (80),
615 4349 795 4415 cognomen
830 4325 947 4413 Magni
981 4337 1012 4389 et
1035 4325 1232 4412 triumphum
