2958 4840
1072 445 1075 458 Ι
1178 349 1237 414 511

189 533 337 578 nurnero
351 523 504 576 murum
516 513 632 574 locare
646 529 715 572 non
726 509 860 574 timeae,
873 507 941 570 liic
956 506 1235 579 concitatior,

187 616 265 680 sed
295 615 336 678 in
369 635 475 677 cara
505 613 733 676 uerborum
764 608 923 672 nimius
957 621 994 672 et
1030 609 1238 691 composi·

187 719 306 782 tione
335 734 650 799 nonnumquam
686 713 866 794 longior
901 722 941 774 et
976 712 1237 776 translatio·

189 821 312 884 nibus
334 840 487 901 parum
509 816 716 882 modicas.
892 815 894 819 ’

251 921 385 1003 Quintil.
411 921 461 997 tt,
486 922 536 994 10,
562 922 614 981 11.
659 921 700 982 ln
723 918 763 979 iis
785 917 907 990 etiam,
938 935 1026 999 quos
1054 914 1121 997 ipsi
1152 915 1236 978 aidi·

193 1044 288 1099 mua,
312 1023 448 1106 copiam
471 1025 635 1093 Senecae,
661 1019 774 1083 uires
796 1016 1022 1104 Africani,
1053 1015 1238 1078 maturita-

194 1139 266 1189 tem
288 1123 390 1216 Afri,
415 1124 660 1186 iucunditatem
681 1122 808 1204 Crispi,
830 1141 954 1184 eanum
978 1118 1153 1193 Trachali,
1176 1121 1241 1181 cle·

191 1229 348 1313 gantiam
371 1226 517 1290 Secundi
540 1225 760 1307 reperiemus.

254 1329 341 1393 Dial.
364 1331 405 1392 de
429 1328 565 1391 Orator.
591 1348 619 1391 c.
642 1327 696 1387 15.
737 1323 848 1390 Video
877 1325 982 1388 etiam
1005 1325 1123 1389 Graiis
1152 1324 1240 1386 acci-

191 1431 295 1502 disse,
314 1442 351 1492 ut
373 1429 512 1512 longius
534 1427 623 1492 casir
641 1427 687 1488 ab
700 1427 866 1490 Aeschine
888 1439 921 1502 et
937 1430 1166 1491 Demosthene
1178 1429 1240 1490 Sa·

192 1532 313 1596 aerdos
334 1532 398 1595 iste
417 1530 567 1605 Nicetes,
591 1541 624 1590 et
646 1527 676 1590 si
696 1528 775 1612 puis
795 1529 886 1591 aliua
895 1531 1075 1610 Ephesum
1098 1531 1148 1590 ael
1169 1530 1241 1592 Mi·

190 1637 345 1721 tylenam
367 1632 536 1696 contentis
563 1631 847 1694 scholasticorum
875 1632 1081 1696 clamoribus
1110 1631 1239 1714 quatit,

190 1757 294 1821 quam
312 1734 406 1824 Afer
430 1746 492 1798 aut
515 1732 762 1825 Africanus
783 1746 844 1796 aut
867 1755 923 1798 vos
945 1735 1013 1819 ipsi
1033 1755 1056 1796 a
1078 1734 1242 1802 Cicerone

190 1852 252 1902 aut
274 1839 398 1904 Asinio
419 1835 623 1901 recessistis.

256 1941 379 2006 Plinius
399 1940 433 2003 in
456 1938 563 2021 Epist.
589 1940 628 2016 7,
658 1939 767 2013 5,11.
797 1939 936 2002 meminit
963 1941 1046 2005 Iulii
1074 1941 1240 2014 oratorie,

191 2066 260 2129 quo
281 2044 402 2106 accdito
423 2042 608 2106 Passienus
624 2039 765 2123 Crispus
788 2041 896 2104 dixit.-
920 2045 1009 2106 Bene
1033 2044 1242 2106 mehercule!

191 2148 288 2210 bene:
308 2145 370 2210 set
388 2165 458 2228 quo
477 2155 552 2208 tam
571 2143 681 2208 bene?
780 2187 782 2192 -

226 2309 365 2354 Passienus
383 2305 500 2367 Crispue]
536 2305 608 2362 fitius,
628 2310 656 2353 de
675 2321 722 2364 quo
740 2311 808 2351 antea
827 2307 930 2350 diximus
954 2319 976 2361 p.
998 2301 1056 2352 533.

362 2446 388 2504 1.
413 2445 510 2506 Oratio
531 2447 607 2518 apud
628 2445 771 2504 Neronem
792 2445 828 2502 de
849 2449 939 2504 morte
959 2444 1071 2504 11111111.

256 2577 352 2642 Dicta
376 2589 424 2640 est
446 2599 475 2640 a.
503 2577 566 2640 812
588 2577 671 2656 (59)·
712 2577 886 2661 Postquam
912 2578 1001 2640 Nero
1025 2573 1240 2658 Agrippinam

195 2693 324 2742 matrem
348 2679 435 2742 Baiis
458 2691 637 2754 necaverat,
660 2678 749 2741 multi
774 2679 935 2754 nauales,
958 2678 1119 2742 adulantes
1139 2676 1242 2758 impe-

194 2782 313 2857 ratori,
352 2780 480 2845 adibant
514 2783 632 2863 templa
671 2795 702 2845 et
745 2794 862 2864 coepto
900 2781 1049 2863 exemplo
1090 2779 1241 2862 proxima

194 2881 388 2967 Campaniae
414 2883 585 2966 municipia
609 2884 746 2948 victimis
775 2896 808 2947 et
840 2883 1054 2969 legationibus
1089 2881 1241 2945 laetitiam

193 2999 265 3049 sant
293 2986 418 3059 testati,
447 2998 482 3049 ut
512 2986 645 3050 Tacitus
679 2999 787 3050 narrat
817 2989 902 3050 Ana.
935 2989 985 3061 11,
1018 2989 1069 3051 10.
1117 2986 1242 3050 Deinde

193 3109 342 3152 reverens
365 3092 498 3156 Romam
518 3092 609 3153 Nero
631 3111 673 3152 ex
702 3088 878 3171 provinciis
903 3087 1043 3151 finitimis
1062 3087 1242 3171 legationes

194 3194 234 3252 ad
262 3190 482 3274 gratulandum
509 3191 619 3255 missas
642 3192 782 3274 aceepit,
805 3213 938 3275 quarum
966 3188 1121 3254 Gallicam
1150 3190 1243 3254 Atu-

195 3313 291 3356 canus
313 3297 449 3359 ducebat
471 3307 594 3369 orator,
622 3293 696 3380 quia
721 3293 790 3376 ipse
812 3293 941 3360 natione
969 3303 1037 3358 erat
1059 3293 1182 3359 Gallus.

258 3395 469 3478 Quintilianus
490 3397 521 3472 8,
546 3399 578 3473 5,
608 3399 659 3461 15.
692 3399 758 3460 lam
779 3399 858 3462 haec
881 3398 981 3480 inagis
1008 3417 1091 3460 nova
1116 3408 1241 3460 senten-

194 3496 310 3566 tiarum
340 3519 471 3582 genera.
523 3503 583 3566 Ex
608 3500 805 3581 inopinato:
832 3501 1017 3580 insigniter
1048 3493 1243 3586 Africanas

194 3601 290 3680 apud
311 3604 488 3666 Neronem
507 3602 551 3662 tle
574 3613 684 3662 morte
708 3600 848 3664 matris:
864 3604 1005 3678 Rogant
1030 3610 1073 3670 te,
1099 3602 1241 3671 (laesor,

196 3699 331 3762 Galliae
351 3712 442 3774 tuae,
467 3712 505 3760 ut
515 3697 732 3787 felicitatem
758 3712 855 3760 trram
865 3696 1158 3787 sortiterfetaa.

231 3858 332 3906 Galliae
350 3857 418 3918 tuoe]
454 3859 526 3903 Extat
551 3873 635 3903 numus
654 3859 744 3904 Galbae
770 3859 939 3917 imperatoris,
965 3861 1032 3904 cuius
1060 3863 1184 3916 inscriptio
1210 3869 1245 3907 est

265 3947 347 3992 Tatta
367 3947 517 3994 Gnatiae.
556 3945 645 3992 Eslthel
665 3947 779 3991 Doctrina
799 3955 816 3991 1.
838 3945 861 3991 6.
884 3962 905 4001 μ.
926 3943 986 3992 29³.
1023 3947 1071 3991 aui
1091 3948 1193 3993 Galliam
1221 3953 1243 3994 iu

265 4040 368 4093 quatuor
387 4037 537 4094 provincias,
565 4036 606 4079 alii
633 4039 655 4080 ia
685 4049 727 4080 111
754 4036 859 4080 diviasrc
884 4037 970 4083 solent.
1015 4035 1091 4080 titan
1108 4035 1199 4095 Geogr.
1220 4052 1243 4082 v.

268 4123 361 4169 Gallica
381 4137 405 4178 p.
425 4119 485 4168 231.
506 4136 558 4180 sqq.

226 4235 334 4308 sortiter
345 4245 433 4308 seraa]
469 4253 554 4292 orator
573 4253 642 4307 rogat
661 4247 798 4302 Neronem,
821 4263 849 4294 ne
868 4254 970 4294 inortean
990 4249 1136 4308 Agrippinae
1160 4257 1243 4299 inuris

265 4350 336 4397 aava
354 4338 427 4390 ierat,
447 4337 496 4382 iata
515 4349 588 4384 aare
607 4339 718 4382 11111111.
751 4339 797 4382 Sed
816 4338 986 4394 exinopinata
1005 4338 1078 4385 11151
1099 4345 1241 4397 catapoauit,
