2992 4844
1163 367 1219 428 stt

171 535 288 588 contra
305 520 475 603 optimates
498 532 655 606 tunquam
679 535 826 585 auctores
850 521 925 584 belli
948 521 1078 586 socialis
1098 523 1221 602 saeviit,

170 636 341 688 accusatus
357 635 419 696 est,
444 633 475 685 et
497 625 794 689 condemnationem
818 623 916 688 exilio
942 624 1121 689 voluntario
1138 627 1218 689 effu·

174 729 234 812 git.
259 725 334 791 Cic.
359 729 397 788 de
422 727 515 790 Orat.
540 726 570 799 3,
594 727 626 802 3,
653 731 704 789 11.
729 729 823 789 Brut.
847 727 900 790 88.

238 848 311 916 Cic.
336 848 431 908 Brut.
460 846 513 908 56.
564 849 684 912 Cottae
710 848 824 910 oratio
847 870 915 929 pro
940 869 976 910 se
1010 850 1085 930 lege
1110 849 1221 914 Varia

173 972 260 1036 quae
277 947 489 1024 inscribitur,
508 969 583 1011 eam
599 953 640 1012 L.
659 950 774 1012 Aelius
791 949 930 1031 scripsit
943 953 1062 1014 Cottae
1078 962 1219 1032 rogatu.

369 1144 397 1201 3.
439 1142 538 1200 Oratio
559 1147 661 1202 contra
682 1145 848 1201 Arretinum
868 1145 1029 1202 mulierem.

237 1275 320 1336 Acta
336 1285 383 1337 est
400 1295 493 1337 causa
509 1296 538 1336 a.
556 1275 617 1337 575
640 1277 724 1356 (79).
750 1273 851 1339 Conl.
875 1275 1005 1338 Ellendt
1026 1298 1061 1358 p.
1085 1275 1217 1340 XCVI.

172 1377 336 1441 Drumann
358 1389 380 1440 t.
404 1379 435 1439 5.
467 1398 503 1458 p.
528 1377 602 1440 245.
634 1376 737 1441 Causa
767 1376 908 1440 liberalis
937 1376 960 1439 i.
985 1400 1014 1440 e.
1039 1377 1070 1440 in
1094 1401 1156 1464 qua
1180 1382 1218 1442 de

172 1478 319 1542 libertate
335 1479 382 1541 rei
397 1477 516 1562 agitur.
542 1477 665 1541 Mulier
687 1482 841 1564 quaedam
858 1479 1009 1543 Arretina
1025 1502 1100 1543 rea:
1119 1480 1217 1545 Cotta

174 1581 304 1643 liberam
330 1603 396 1644 eam
420 1603 488 1645 esse
511 1581 653 1666 negavit,
679 1581 798 1646 Cicero
822 1594 924 1645 autem
949 1582 1127 1644 libertatem
1152 1583 1218 1647 eius

173 1683 321 1750 defendit.

237 1803 311 1868 Cic.
341 1827 403 1887 pro
434 1803 574 1870 Caecina
607 1805 661 1869 33.
717 1809 796 1888 Ego
829 1807 916 1868 hane
946 1805 1219 1872 adolescentulus

172 1928 332 1982 causam,
356 1931 435 1972 eum
457 1917 598 1991 agerem
617 1919 740 1972 contra
759 1909 931 1971 hominem
951 1908 1217 1972 disertissimum

172 2021 311 2072 nostrae
342 2011 512 2086 civitatis,
541 2014 694 2086 Cottam,
720 2010 878 2092 probaui.
914 2013 1000 2074 Cum
1033 2012 1218 2076 Arretinae

174 2111 326 2176 mulieris
355 2113 547 2175 libertatem
579 2110 803 2203 defenderem
835 2125 867 2175 et
893 2116 993 2176 Cotta
1022 2112 1219 2178 decemuiris

172 2215 374 2296 religionem
397 2215 570 2278 iniecisset
588 2237 655 2278 non
670 2236 771 2297 posse
791 2227 949 2278 nostram
964 2228 1219 2278 sacramentnm

87 2356 90 2360 -
172 2314 301 2378 iustum
338 2317 505 2392 iudicari,
549 2317 641 2400 quod
682 2317 857 2380 Arretinis
899 2317 1061 2398 adempta
1097 2317 1218 2380 civitas

173 2430 275 2491 esset,
303 2430 336 2480 et
377 2442 442 2501 ego
480 2419 708 2482 vehementius
744 2417 1012 2491 contendissem,
1047 2419 1219 2490 ciuitatem

172 2518 281 2580 adimi
316 2540 382 2582 non
410 2522 588 2604 potuisse:
618 2519 799 2582 decemviri
834 2519 951 2601 prima
982 2520 1116 2582 actione
1150 2541 1218 2583 non

172 2621 421 2698 iudicauerunt,
445 2635 568 2706 postea
593 2645 631 2684 re
653 2623 807 2706 quaesito
832 2633 865 2684 et
890 2621 1080 2683 deliberata
1100 2643 1218 2684 sacra-

173 2736 324 2787 mentum
348 2737 504 2788 nostrum
533 2725 664 2788 iustum
688 2724 946 2796 iudicauerunt,
969 2735 1071 2807 atque
1100 2727 1164 2788 hoc
1185 2736 1218 2787 et

170 2827 424 2890 contradicente
446 2832 548 2893 Cotta
569 2839 602 2890 et
628 2830 727 2892 Sulla
749 2828 824 2890 uiuo
845 2826 1035 2889 iudicatam
1056 2837 1117 2890 est.

189 3002 217 3056 d.
256 2974 358 3058 llratio
382 3019 434 3074 pro
458 3002 512 3060 Cn.
537 3003 689 3060 Dolabella
717 3006 819 3059 contra
843 3002 876 3060 C.
906 3001 1009 3058 lullum
1031 3001 1196 3059 Caesarem.

235 3133 282 3194 Ea
306 3155 397 3195 caiisa
422 3145 489 3195 acta
514 3145 561 3196 est
583 3155 613 3195 a.
638 3134 698 3195 577
722 3135 803 3210 (77).
829 3131 906 3195 Vid.
934 3144 1026 3195 orat.
1044 3135 1215 3197 Caesaris.

171 3235 336 3298 Drmnann
352 3247 374 3304 t.
391 3236 422 3297 3.
440 3257 474 3316 p.
499 3237 570 3306 tal.
587 3233 781 3300 Hortensius
804 3255 934 3319 quoque
957 3256 1044 3297 reum
1063 3233 1215 3298 defendit.

237 3355 387 3417 Valerius
411 3357 505 3418 Max.
531 3357 567 3431 8,
591 3358 622 3433 9,
646 3357 678 3419 3.
724 3356 835 3420 Diuus
861 3356 972 3420 Italicas
997 3355 1063 3417 uim
1080 3353 1218 3444 facun-

171 3456 249 3518 diae
277 3459 419 3539 proprie
451 3459 644 3541 expressit,
676 3459 819 3521 dicendo
848 3458 884 3519 in
914 3458 1133 3520 acciscatione
1155 3463 1216 3522 Cn.

172 3560 381 3633 Dolabellae,
410 3580 511 3644 quem
535 3583 633 3623 reum
654 3561 737 3644 egit,
761 3560 964 3642 extorqueri
988 3561 1052 3623 sibi
1076 3581 1219 3623 cansam

172 3661 338 3740 optimam
366 3665 404 3726 C.
437 3667 557 3726 Cottae
580 3662 793 3745 patrocinio,
827 3660 858 3721 si
892 3661 1029 3743 quidem
1062 3663 1219 3725 maximo

172 3771 245 3821 tum
269 3762 318 3822 uis
344 3763 555 3846 eloquentiae
582 3775 702 3846 questa
729 3773 793 3826 est.

123 3947 128 3954 ,
237 3877 357 3944 Cicero
370 3885 471 3945 Bruto
482 3884 568 3950 usn.
586 3887 666 3946 Duo
682 3895 754 3944 turn
764 3884 972 3946 excellebant
981 3895 1149 3956 oratores,
1161 3882 1219 3964 qui

172 4004 224 4044 me
241 3983 401 4046 imitandi
419 3984 606 4065 cupiditate
624 3985 816 4058 incitarent,
832 3989 932 4048 Cotta
947 3997 980 4046 et
997 3983 1218 4048 Hortensius.

171 4089 257 4150 Cum
270 4087 459 4150 Hortensio
479 4085 562 4148 mihi
581 4087 691 4167 magis
714 4086 912 4147 arbitrabar
930 4105 1001 4146 rem
1019 4105 1103 4155 esse,
1128 4084 1220 4164 prend

170 4198 203 4249 et
219 4188 354 4250 dicendi
373 4187 501 4250 ardore
523 4207 619 4249 eram
642 4187 789 4268 propior
812 4199 844 4248 et
860 4196 972 4247 aetate
990 4183 1217 4248 coniunctior.

172 4289 310 4353 Etenim
328 4289 482 4351 videram
498 4289 531 4350 in
552 4287 673 4351 iisdem
697 4287 812 4348 causis
829 4298 866 4348 ut
884 4307 952 4367 pro
969 4288 1023 4351 M.
1041 4285 1218 4362 Canuleio,
