<?xml version="1.0" encoding="UTF-8"?>
<!DOCTYPE html PUBLIC "-//W3C//DTD XHTML 1.0 Transitional//EN"
    "http://www.w3.org/TR/xhtml1/DTD/xhtml1-transitional.dtd">
<html xmlns="http://www.w3.org/1999/xhtml" xml:lang="en" lang="en">
 <head>
  <title>
</title>
<meta http-equiv="Content-Type" content="text/html;charset=utf-8" />
  <meta name='ocr-system' content='tesseract 3.04.00' />
  <meta name='ocr-capabilities' content='ocr_page ocr_carea ocr_par ocr_line ocrx_word'/>
</head>
<body>
  <div class='ocr_page' id='page_1' title='image "./oratorumromanor02meyegoog_0317.png"; bbox 0 0 2992 4844; ppageno 0'>
   <div class='ocr_carea' id='block_1_1' title="bbox 1214 353 1271 415">
    <p class='ocr_par' dir='ltr' id='par_1_1' title="bbox 1214 353 1271 415">
     <span class='ocr_line' id='line_1_1' title="bbox 1214 353 1271 415; baseline 0.035 -2"><span class='ocrx_word' id='word_1_1' title='bbox 1214 353 1271 415; x_wconf 77' lang='lat' dir='ltr'><strong><em>tst</em></strong></span> 
     </span>
    </p>
   </div>
   <div class='ocr_carea' id='block_1_2' title="bbox 211 512 1272 704">
    <p class='ocr_par' dir='ltr' id='par_1_2' title="bbox 211 512 1272 704">
     <span class='ocr_line' id='line_1_2' title="bbox 220 512 1272 594; baseline -0.002 -20"><span class='ocrx_word' id='word_1_2' title='bbox 220 535 296 575; x_wconf 89' lang='lat' dir='ltr'><strong><em>eam</em></strong></span> <span class='ocrx_word' id='word_1_3' title='bbox 327 515 438 594; x_wconf 83' lang='lat' dir='ltr'><strong><em>legem</em></strong></span> <span class='ocrx_word' id='word_1_4' title='bbox 470 513 604 583; x_wconf 84' lang='lat' dir='ltr'><strong><em>senior,</em></strong></span> <span class='ocrx_word' id='word_1_5' title='bbox 640 525 676 572; x_wconf 92' lang='lat' dir='ltr'><strong><em>ut</em></strong></span> <span class='ocrx_word' id='word_1_6' title='bbox 712 513 762 572; x_wconf 84' lang='lat' dir='ltr'><strong><em>ita</em></strong></span> <span class='ocrx_word' id='word_1_7' title='bbox 796 512 929 583; x_wconf 69' lang='lat' dir='ltr'><strong><em>(licam,</em></strong></span> <span class='ocrx_word' id='word_1_8' title='bbox 960 532 1062 593; x_wconf 81' lang='lat' dir='ltr'><strong><em>quarn</em></strong></span> <span class='ocrx_word' id='word_1_9' title='bbox 1093 522 1189 572; x_wconf 88' lang='lat' dir='ltr'><strong><em>aetas</em></strong></span> <span class='ocrx_word' id='word_1_10' title='bbox 1214 513 1272 572; x_wconf 89' lang='lat' dir='ltr'><strong><em>illa</em></strong></span> 
     </span>
     <span class='ocr_line' id='line_1_3' title="bbox 211 614 528 704; baseline -0.009 -28"><span class='ocrx_word' id='word_1_11' title='bbox 211 615 375 704; x_wconf 86' lang='lat' dir='ltr'><strong><em>ferebat,</em></strong></span> <span class='ocrx_word' id='word_1_12' title='bbox 402 614 528 676; x_wconf 90' lang='lat' dir='ltr'><strong><em>oratio.</em></strong></span> 
     </span>
    </p>
   </div>
   <div class='ocr_carea' id='block_1_3' title="bbox 259 747 980 808">
    <p class='ocr_par' dir='ltr' id='par_1_3' title="bbox 259 747 980 808">
     <span class='ocr_line' id='line_1_4' title="bbox 259 747 980 808; baseline 0 -16"><span class='ocrx_word' id='word_1_13' title='bbox 259 747 418 806; x_wconf 84' lang='lat' dir='ltr'><strong><em>adolescens]</em></strong></span> <span class='ocrx_word' id='word_1_14' title='bbox 456 754 504 792; x_wconf 79' lang='lat' dir='ltr'><strong><em>turn</em></strong></span> <span class='ocrx_word' id='word_1_15' title='bbox 524 756 574 792; x_wconf 75' lang='lat' dir='ltr'><strong><em>cru</em></strong></span> <span class='ocrx_word' id='word_1_16' title='bbox 594 763 669 792; x_wconf 76' lang='lat' dir='ltr'><strong><em>svrnos</em></strong></span> <span class='ocrx_word' id='word_1_17' title='bbox 691 751 771 808; x_wconf 77' lang='lat' dir='ltr'><strong><em>viginti</em></strong></span> <span class='ocrx_word' id='word_1_18' title='bbox 792 755 814 792; x_wconf 78' lang='lat' dir='ltr'><strong><em>et</em></strong></span> <span class='ocrx_word' id='word_1_19' title='bbox 834 751 892 793; x_wconf 86' lang='lat' dir='ltr'><strong><em>duos</em></strong></span> <span class='ocrx_word' id='word_1_20' title='bbox 913 755 980 792; x_wconf 80' lang='lat' dir='ltr'><strong><em>sistus</em></strong></span> 
     </span>
    </p>
   </div>
   <div class='ocr_carea' id='block_1_4' title="bbox 158 857 1308 3990">
    <p class='ocr_par' dir='ltr' id='par_1_4' title="bbox 158 857 1273 2272">
     <span class='ocr_line' id='line_1_5' title="bbox 291 857 1271 942; baseline -0.003 -19"><span class='ocrx_word' id='word_1_21' title='bbox 291 857 364 923; x_wconf 85' lang='lat' dir='ltr'><strong><em>Cic.</em></strong></span> <span class='ocrx_word' id='word_1_22' title='bbox 389 881 423 940; x_wconf 87' lang='lat' dir='ltr'><strong><em>p.</em></strong></span> <span class='ocrx_word' id='word_1_23' title='bbox 450 857 600 922; x_wconf 87' lang='lat' dir='ltr'><strong><em>Cluentio</em></strong></span> <span class='ocrx_word' id='word_1_24' title='bbox 627 882 656 921; x_wconf 86' lang='lat' dir='ltr'><strong><em>c.</em></strong></span> <span class='ocrx_word' id='word_1_25' title='bbox 683 861 735 921; x_wconf 82' lang='lat'><strong><em>51.</em></strong></span> <span class='ocrx_word' id='word_1_26' title='bbox 781 862 860 941; x_wconf 80' lang='lat' dir='ltr'><strong><em>Ego</em></strong></span> <span class='ocrx_word' id='word_1_27' title='bbox 890 881 969 920; x_wconf 89' lang='lat' dir='ltr'><strong><em>vero</em></strong></span> <span class='ocrx_word' id='word_1_28' title='bbox 999 860 1033 920; x_wconf 87' lang='lat' dir='ltr'><strong><em>in</em></strong></span> <span class='ocrx_word' id='word_1_29' title='bbox 1057 860 1125 922; x_wconf 90' lang='lat' dir='ltr'><strong><em>isto</em></strong></span> <span class='ocrx_word' id='word_1_30' title='bbox 1147 879 1271 942; x_wconf 83' lang='lat' dir='ltr'><strong><em>genere</em></strong></span> 
     </span>
     <span class='ocr_line' id='line_1_6' title="bbox 223 961 1272 1045; baseline -0.002 -21"><span class='ocrx_word' id='word_1_31' title='bbox 223 961 394 1024; x_wconf 85' lang='lat' dir='ltr'><strong><em>lubentius</em></strong></span> <span class='ocrx_word' id='word_1_32' title='bbox 416 983 493 1022; x_wconf 87' lang='lat' dir='ltr'><strong><em>cum</em></strong></span> <span class='ocrx_word' id='word_1_33' title='bbox 516 963 702 1023; x_wconf 76' lang='lat' dir='ltr'><strong><em>inultorum</em></strong></span> <span class='ocrx_word' id='word_1_34' title='bbox 726 975 798 1023; x_wconf 89' lang='lat' dir='ltr'><strong><em>tum</em></strong></span> <span class='ocrx_word' id='word_1_35' title='bbox 827 961 975 1023; x_wconf 86' lang='lat' dir='ltr'><strong><em>bominis</em></strong></span> <span class='ocrx_word' id='word_1_36' title='bbox 1001 961 1272 1045; x_wconf 74' lang='lat' dir='ltr'><strong><em>eloquentissimi</em></strong></span> 
     </span>
     <span class='ocr_line' id='line_1_7' title="bbox 222 1061 1272 1147; baseline -0.003 -20"><span class='ocrx_word' id='word_1_37' title='bbox 222 1076 256 1127; x_wconf 91' lang='lat' dir='ltr'><strong><em>et</em></strong></span> <span class='ocrx_word' id='word_1_38' title='bbox 271 1063 539 1145; x_wconf 75' lang='lat' dir='ltr'><strong><em>sapientissimi,</em></strong></span> <span class='ocrx_word' id='word_1_39' title='bbox 565 1067 607 1126; x_wconf 86' lang='lat' dir='ltr'><strong><em>L.</em></strong></span> <span class='ocrx_word' id='word_1_40' title='bbox 627 1065 761 1138; x_wconf 82' lang='lat' dir='ltr'><strong><em>Crassi,</em></strong></span> <span class='ocrx_word' id='word_1_41' title='bbox 787 1064 1030 1126; x_wconf 87' lang='lat' dir='ltr'><strong><em>auctoritatem</em></strong></span> <span class='ocrx_word' id='word_1_42' title='bbox 1057 1085 1192 1147; x_wconf 84' lang='lat' dir='ltr'><strong><em>sequor,</em></strong></span> <span class='ocrx_word' id='word_1_43' title='bbox 1213 1061 1272 1146; x_wconf 65' lang='lat' dir='ltr'><strong><em>&#39;qui</em></strong></span> 
     </span>
     <span class='ocr_line' id='line_1_8' title="bbox 223 1164 1269 1255; baseline -0.002 -27"><span class='ocrx_word' id='word_1_44' title='bbox 223 1187 301 1228; x_wconf 87' lang='lat' dir='ltr'><strong><em>cum</em></strong></span> <span class='ocrx_word' id='word_1_45' title='bbox 328 1169 390 1229; x_wconf 90' lang='lat' dir='ltr'><strong><em>Cn..</em></strong></span> <span class='ocrx_word' id='word_1_46' title='bbox 415 1168 588 1255; x_wconf 16' lang='lat' dir='ltr'><strong><em>[Plancum</em></strong></span> <span class='ocrx_word' id='word_1_47' title='bbox 618 1164 820 1248; x_wconf 86' lang='lat' dir='ltr'><strong><em>defenderet</em></strong></span> <span class='ocrx_word' id='word_1_48' title='bbox 852 1178 1034 1228; x_wconf 70' lang='lat' dir='ltr'><strong><em>accusante</em></strong></span> <span class='ocrx_word' id='word_1_49' title='bbox 1062 1169 1117 1230; x_wconf 87' lang='lat' dir='ltr'><strong><em>M.</em></strong></span> <span class='ocrx_word' id='word_1_50' title='bbox 1147 1169 1269 1238; x_wconf 91' lang='lat' dir='ltr'><strong><em>Bruto,</em></strong></span> 
     </span>
     <span class='ocr_line' id='line_1_9' title="bbox 226 1267 1271 1342; baseline -0.002 -12"><span class='ocrx_word' id='word_1_51' title='bbox 226 1269 363 1330; x_wconf 83' lang='lat' dir='ltr'><strong><em>bomine</em></strong></span> <span class='ocrx_word' id='word_1_52' title='bbox 386 1268 420 1330; x_wconf 86' lang='lat' dir='ltr'><strong><em>iu</em></strong></span> <span class='ocrx_word' id='word_1_53' title='bbox 445 1269 589 1331; x_wconf 87' lang='lat' dir='ltr'><strong><em>dicendo</em></strong></span> <span class='ocrx_word' id='word_1_54' title='bbox 614 1269 802 1330; x_wconf 82' lang='lat' dir='ltr'><strong><em>vehementi</em></strong></span> <span class='ocrx_word' id='word_1_55' title='bbox 824 1280 857 1330; x_wconf 85' lang='lat' dir='ltr'><strong><em>et</em></strong></span> <span class='ocrx_word' id='word_1_56' title='bbox 883 1267 1021 1342; x_wconf 72' lang='lat' dir='ltr'><strong><em>calado,</em></strong></span> <span class='ocrx_word' id='word_1_57' title='bbox 1045 1290 1123 1329; x_wconf 85' lang='lat' dir='ltr'><strong><em>cum</em></strong></span> <span class='ocrx_word' id='word_1_58' title='bbox 1140 1269 1271 1330; x_wconf 86' lang='lat' dir='ltr'><strong><em>Brutus</em></strong></span> 
     </span>
     <span class='ocr_line' id='line_1_10' title="bbox 227 1369 1271 1434; baseline 0.001 -3"><span class='ocrx_word' id='word_1_59' title='bbox 227 1369 362 1432; x_wconf 87' lang='lat' dir='ltr'><strong><em>duobus</em></strong></span> <span class='ocrx_word' id='word_1_60' title='bbox 388 1371 629 1433; x_wconf 77' lang='lat' dir='ltr'><strong><em>recitatoribus</em></strong></span> <span class='ocrx_word' id='word_1_61' title='bbox 655 1371 852 1434; x_wconf 87' lang='lat' dir='ltr'><strong><em>constitutis</em></strong></span> <span class='ocrx_word' id='word_1_62' title='bbox 873 1394 920 1432; x_wconf 82' lang='lat' dir='ltr'><strong><em>ex</em></strong></span> <span class='ocrx_word' id='word_1_63' title='bbox 942 1371 1075 1434; x_wconf 86' lang='lat' dir='ltr'><strong><em>duabus</em></strong></span> <span class='ocrx_word' id='word_1_64' title='bbox 1098 1371 1172 1432; x_wconf 91' lang='lat' dir='ltr'><strong><em>eius</em></strong></span> <span class='ocrx_word' id='word_1_65' title='bbox 1191 1391 1271 1432; x_wconf 92' lang='lat' dir='ltr'><strong><em>ora-</em></strong></span> 
     </span>
     <span class='ocr_line' id='line_1_11' title="bbox 223 1471 1273 1554; baseline 0.002 -22"><span class='ocrx_word' id='word_1_66' title='bbox 223 1471 374 1534; x_wconf 87' lang='lat' dir='ltr'><strong><em>tionibus</em></strong></span> <span class='ocrx_word' id='word_1_67' title='bbox 402 1473 518 1554; x_wconf 86' lang='lat' dir='ltr'><strong><em>capita</em></strong></span> <span class='ocrx_word' id='word_1_68' title='bbox 543 1476 678 1535; x_wconf 90' lang='lat' dir='ltr'><strong><em>alterna</em></strong></span> <span class='ocrx_word' id='word_1_69' title='bbox 707 1473 798 1535; x_wconf 90' lang='lat' dir='ltr'><strong><em>inter</em></strong></span> <span class='ocrx_word' id='word_1_70' title='bbox 828 1495 865 1535; x_wconf 92' lang='lat' dir='ltr'><strong><em>se</em></strong></span> <span class='ocrx_word' id='word_1_71' title='bbox 894 1474 1073 1536; x_wconf 89' lang='lat' dir='ltr'><strong><em>contraria</em></strong></span> <span class='ocrx_word' id='word_1_72' title='bbox 1093 1473 1273 1535; x_wconf 86' lang='lat' dir='ltr'><strong><em>recitanda</em></strong></span> 
     </span>
     <span class='ocr_line' id='line_1_12' title="bbox 158 1574 1272 1658; baseline 0.002 -23"><span class='ocrx_word' id='word_1_73' title='bbox 158 1599 165 1613; x_wconf 93' lang='lat'><strong>·</strong></span> <span class='ocrx_word' id='word_1_74' title='bbox 223 1586 400 1636; x_wconf 84' lang='lat' dir='ltr'><strong><em>curasset:</em></strong></span> <span class='ocrx_word' id='word_1_75' title='bbox 426 1575 519 1658; x_wconf 83' lang='lat' dir='ltr'><strong><em>quod</em></strong></span> <span class='ocrx_word' id='word_1_76' title='bbox 543 1575 579 1636; x_wconf 91' lang='lat' dir='ltr'><strong><em>in</em></strong></span> <span class='ocrx_word' id='word_1_77' title='bbox 609 1575 826 1638; x_wconf 82' lang='lat' dir='ltr'><strong><em>dissuasione</em></strong></span> <span class='ocrx_word' id='word_1_78' title='bbox 852 1576 1049 1657; x_wconf 84' lang='lat' dir='ltr'><strong><em>rogationis</em></strong></span> <span class='ocrx_word' id='word_1_79' title='bbox 1074 1574 1160 1650; x_wconf 89' lang='lat' dir='ltr'><strong><em>eius,</em></strong></span> <span class='ocrx_word' id='word_1_80' title='bbox 1183 1597 1272 1658; x_wconf 76' lang='lat' dir='ltr'><strong><em>qrtae</em></strong></span> 
     </span>
     <span class='ocr_line' id='line_1_13' title="bbox 224 1659 1271 1767; baseline 0 -29"><span class='ocrx_word' id='word_1_81' title='bbox 224 1659 347 1739; x_wconf 78' lang='lat' dir='ltr'><strong><em>contra</em></strong></span> <span class='ocrx_word' id='word_1_82' title='bbox 382 1677 551 1740; x_wconf 88' lang='lat' dir='ltr'><strong><em>coloniam</em></strong></span> <span class='ocrx_word' id='word_1_83' title='bbox 587 1673 846 1741; x_wconf 82' lang='lat' dir='ltr'><strong><em>Narbonensem</em></strong></span> <span class='ocrx_word' id='word_1_84' title='bbox 861 1674 1075 1767; x_wconf 83' lang='lat' dir='ltr'><strong><em>ferebatur,</em></strong></span> <span class='ocrx_word' id='word_1_85' title='bbox 1106 1690 1271 1761; x_wconf 78' lang='lat' dir='ltr'><strong><em>quantum</em></strong></span> 
     </span>
     <span class='ocr_line' id='line_1_14' title="bbox 224 1780 1271 1862; baseline 0 -22"><span class='ocrx_word' id='word_1_86' title='bbox 224 1791 355 1862; x_wconf 87' lang='lat' dir='ltr'><strong><em>potest,</em></strong></span> <span class='ocrx_word' id='word_1_87' title='bbox 383 1781 424 1842; x_wconf 88' lang='lat' dir='ltr'><strong><em>de</em></strong></span> <span class='ocrx_word' id='word_1_88' title='bbox 449 1780 656 1843; x_wconf 89' lang='lat' dir='ltr'><strong><em>auctoritate</em></strong></span> <span class='ocrx_word' id='word_1_89' title='bbox 682 1791 821 1842; x_wconf 87' lang='lat' dir='ltr'><strong><em>senatus</em></strong></span> <span class='ocrx_word' id='word_1_90' title='bbox 855 1781 1024 1855; x_wconf 80' lang='lat' dir='ltr'><strong><em>detrahit,</em></strong></span> <span class='ocrx_word' id='word_1_91' title='bbox 1050 1780 1086 1842; x_wconf 88' lang='lat' dir='ltr'><strong><em>in</em></strong></span> <span class='ocrx_word' id='word_1_92' title='bbox 1110 1781 1271 1842; x_wconf 83' lang='lat' dir='ltr'><strong><em>suasione</em></strong></span> 
     </span>
     <span class='ocr_line' id='line_1_15' title="bbox 225 1882 1273 1966; baseline 0 -21"><span class='ocrx_word' id='word_1_93' title='bbox 225 1883 312 1966; x_wconf 84' lang='lat' dir='ltr'><strong><em>legis</em></strong></span> <span class='ocrx_word' id='word_1_94' title='bbox 336 1883 501 1946; x_wconf 83' lang='lat' dir='ltr'><strong><em>Seruiliae</em></strong></span> <span class='ocrx_word' id='word_1_95' title='bbox 535 1883 679 1944; x_wconf 89' lang='lat' dir='ltr'><strong><em>summis</em></strong></span> <span class='ocrx_word' id='word_1_96' title='bbox 711 1893 813 1944; x_wconf 90' lang='lat' dir='ltr'><strong><em>ornat</em></strong></span> <span class='ocrx_word' id='word_1_97' title='bbox 845 1893 1003 1944; x_wconf 85' lang='lat' dir='ltr'><strong><em>senatum</em></strong></span> <span class='ocrx_word' id='word_1_98' title='bbox 1036 1882 1213 1957; x_wconf 75' lang='lat' dir='ltr'><strong><em>laudibus,</em></strong></span> <span class='ocrx_word' id='word_1_99' title='bbox 1240 1895 1273 1945; x_wconf 87' lang='lat' dir='ltr'><strong><em>et</em></strong></span> 
     </span>
     <span class='ocr_line' id='line_1_16' title="bbox 226 1985 1272 2068; baseline -0.001 -21"><span class='ocrx_word' id='word_1_100' title='bbox 226 1988 336 2047; x_wconf 87' lang='lat' dir='ltr'><strong><em>multa</em></strong></span> <span class='ocrx_word' id='word_1_101' title='bbox 351 1985 386 2046; x_wconf 92' lang='lat' dir='ltr'><strong><em>in</em></strong></span> <span class='ocrx_word' id='word_1_102' title='bbox 403 1985 533 2068; x_wconf 82' lang='lat' dir='ltr'><strong><em>equites</em></strong></span> <span class='ocrx_word' id='word_1_103' title='bbox 550 2006 712 2047; x_wconf 90' lang='lat' dir='ltr'><strong><em>romanos</em></strong></span> <span class='ocrx_word' id='word_1_104' title='bbox 728 2007 805 2046; x_wconf 91' lang='lat' dir='ltr'><strong><em>cum</em></strong></span> <span class='ocrx_word' id='word_1_105' title='bbox 820 2007 867 2046; x_wconf 86' lang='lat' dir='ltr'><strong><em>ex</em></strong></span> <span class='ocrx_word' id='word_1_106' title='bbox 883 2005 925 2046; x_wconf 91' lang='lat' dir='ltr'><strong><em>ea</em></strong></span> <span class='ocrx_word' id='word_1_107' title='bbox 940 1985 1098 2046; x_wconf 86' lang='lat' dir='ltr'><strong><em>oratione</em></strong></span> <span class='ocrx_word' id='word_1_108' title='bbox 1113 1985 1272 2065; x_wconf 85' lang='lat' dir='ltr'><strong><em>asperius</em></strong></span> 
     </span>
     <span class='ocr_line' id='line_1_17' title="bbox 225 2087 1272 2170; baseline 0 -21"><span class='ocrx_word' id='word_1_109' title='bbox 225 2087 320 2159; x_wconf 81' lang='lat' dir='ltr'><strong><em>dicta</em></strong></span> <span class='ocrx_word' id='word_1_110' title='bbox 339 2087 537 2158; x_wconf 86' lang='lat' dir='ltr'><strong><em>recitasset,</em></strong></span> <span class='ocrx_word' id='word_1_111' title='bbox 564 2109 632 2170; x_wconf 83' lang='lat' dir='ltr'><strong><em>quo</em></strong></span> <span class='ocrx_word' id='word_1_112' title='bbox 654 2087 763 2148; x_wconf 89' lang='lat' dir='ltr'><strong><em>animi</em></strong></span> <span class='ocrx_word' id='word_1_113' title='bbox 790 2087 929 2148; x_wconf 84' lang='lat' dir='ltr'><strong><em>illorum</em></strong></span> <span class='ocrx_word' id='word_1_114' title='bbox 949 2087 1103 2148; x_wconf 88' lang='lat' dir='ltr'><strong><em>iudicum</em></strong></span> <span class='ocrx_word' id='word_1_115' title='bbox 1121 2087 1155 2148; x_wconf 90' lang='lat' dir='ltr'><strong><em>in</em></strong></span> <span class='ocrx_word' id='word_1_116' title='bbox 1174 2090 1272 2149; x_wconf 80' lang='lat' dir='ltr'><strong><em>Cras-</em></strong></span> 
     </span>
     <span class='ocr_line' id='line_1_18' title="bbox 227 2189 1269 2272; baseline -0.001 -22"><span class='ocrx_word' id='word_1_117' title='bbox 227 2211 303 2250; x_wconf 87' lang='lat' dir='ltr'><strong><em>sum</em></strong></span> <span class='ocrx_word' id='word_1_118' title='bbox 315 2189 597 2251; x_wconf 80' lang='lat' dir='ltr'><strong><em>incenderentur:</em></strong></span> <span class='ocrx_word' id='word_1_119' title='bbox 612 2189 828 2272; x_wconf 80' lang='lat' dir='ltr'><strong><em>aliquantum</em></strong></span> <span class='ocrx_word' id='word_1_120' title='bbox 839 2210 913 2251; x_wconf 87' lang='lat' dir='ltr'><strong><em>esse</em></strong></span> <span class='ocrx_word' id='word_1_121' title='bbox 925 2201 1117 2251; x_wconf 88' lang='lat' dir='ltr'><strong><em>commotus</em></strong></span> <span class='ocrx_word' id='word_1_122' title='bbox 1129 2189 1269 2250; x_wconf 89' lang='lat' dir='ltr'><strong><em>dicitur.</em></strong></span> 
     </span>
    </p>

    <p class='ocr_par' dir='ltr' id='par_1_5' title="bbox 227 2291 1308 2882">
     <span class='ocr_line' id='line_1_19' title="bbox 291 2291 1273 2366; baseline 0.001 -14"><span class='ocrx_word' id='word_1_123' title='bbox 291 2291 365 2354; x_wconf 86' lang='lat' dir='ltr'><strong><em>Cic.</em></strong></span> <span class='ocrx_word' id='word_1_124' title='bbox 391 2294 429 2352; x_wconf 86' lang='lat' dir='ltr'><strong><em>de</em></strong></span> <span class='ocrx_word' id='word_1_125' title='bbox 454 2293 549 2354; x_wconf 72' lang='lat' dir='ltr'><strong><em>Orat.‘</em></strong></span> <span class='ocrx_word' id='word_1_126' title='bbox 573 2292 609 2366; x_wconf 74' lang='lat'><strong><em>2,</em></strong></span> <span class='ocrx_word' id='word_1_127' title='bbox 640 2291 692 2353; x_wconf 81' lang='lat'><strong><em>55.</em></strong></span> <span class='ocrx_word' id='word_1_128' title='bbox 743 2294 828 2354; x_wconf 88' lang='lat' dir='ltr'><strong><em>Cum</em></strong></span> <span class='ocrx_word' id='word_1_129' title='bbox 858 2294 988 2353; x_wconf 90' lang='lat' dir='ltr'><strong><em>Brutus</em></strong></span> <span class='ocrx_word' id='word_1_130' title='bbox 1017 2293 1104 2352; x_wconf 79' lang='lat' dir='ltr'><strong><em>ditos</em></strong></span> <span class='ocrx_word' id='word_1_131' title='bbox 1131 2293 1273 2353; x_wconf 88' lang='lat' dir='ltr'><strong><em>lectores</em></strong></span> 
     </span>
     <span class='ocr_line' id='line_1_20' title="bbox 229 2391 1275 2468; baseline -0.002 -14"><span class='ocrx_word' id='word_1_132' title='bbox 229 2391 429 2468; x_wconf 78' lang='lat' dir='ltr'><strong><em>excitasset,</em></strong></span> <span class='ocrx_word' id='word_1_133' title='bbox 464 2405 496 2455; x_wconf 90' lang='lat' dir='ltr'><strong><em>et</em></strong></span> <span class='ocrx_word' id='word_1_134' title='bbox 529 2393 631 2455; x_wconf 86' lang='lat' dir='ltr'><strong><em>alteri</em></strong></span> <span class='ocrx_word' id='word_1_135' title='bbox 661 2393 702 2454; x_wconf 87' lang='lat' dir='ltr'><strong><em>de</em></strong></span> <span class='ocrx_word' id='word_1_136' title='bbox 735 2392 871 2454; x_wconf 89' lang='lat' dir='ltr'><strong><em>colonia</em></strong></span> <span class='ocrx_word' id='word_1_137' title='bbox 902 2391 1123 2456; x_wconf 86' lang='lat' dir='ltr'><strong><em>Narbonensi</em></strong></span> <span class='ocrx_word' id='word_1_138' title='bbox 1158 2393 1275 2454; x_wconf 87' lang='lat' dir='ltr'><strong><em>Crassi</em></strong></span> 
     </span>
     <span class='ocr_line' id='line_1_21' title="bbox 231 2493 1308 2579; baseline -0.002 -23"><span class='ocrx_word' id='word_1_139' title='bbox 231 2495 426 2558; x_wconf 86' lang='lat' dir='ltr'><strong><em>orationem</em></strong></span> <span class='ocrx_word' id='word_1_140' title='bbox 448 2496 628 2579; x_wconf 83' lang='lat' dir='ltr'><strong><em>legendam</em></strong></span> <span class='ocrx_word' id='word_1_141' title='bbox 652 2494 809 2568; x_wconf 84' lang='lat' dir='ltr'><strong><em>dedisset,</em></strong></span> <span class='ocrx_word' id='word_1_142' title='bbox 835 2495 938 2556; x_wconf 90' lang='lat' dir='ltr'><strong><em>alteri</em></strong></span> <span class='ocrx_word' id='word_1_143' title='bbox 958 2493 999 2554; x_wconf 86' lang='lat' dir='ltr'><strong><em>de</em></strong></span> <span class='ocrx_word' id='word_1_144' title='bbox 1018 2495 1092 2575; x_wconf 80' lang='lat' dir='ltr'><strong><em>lege</em></strong></span> <span class='ocrx_word' id='word_1_145' title='bbox 1114 2493 1271 2566; x_wconf 85' lang='lat' dir='ltr'><strong><em>Seruilia,</em></strong></span> <span class='ocrx_word' id='word_1_146' title='bbox 1307 2541 1308 2544; x_wconf 20' lang='lat'>¹</span> 
     </span>
     <span class='ocr_line' id='line_1_22' title="bbox 228 2594 1274 2677; baseline -0.005 -17"><span class='ocrx_word' id='word_1_147' title='bbox 228 2610 357 2660; x_wconf 86' lang='lat' dir='ltr'><strong><em>etcum</em></strong></span> <span class='ocrx_word' id='word_1_148' title='bbox 382 2598 560 2670; x_wconf 83' lang='lat' dir='ltr'><strong><em>contraria</em></strong></span> <span class='ocrx_word' id='word_1_149' title='bbox 586 2597 676 2658; x_wconf 90' lang='lat' dir='ltr'><strong><em>inter</em></strong></span> <span class='ocrx_word' id='word_1_150' title='bbox 700 2618 774 2657; x_wconf 87' lang='lat' dir='ltr'><strong><em>sese</em></strong></span> <span class='ocrx_word' id='word_1_151' title='bbox 796 2596 837 2658; x_wconf 89' lang='lat' dir='ltr'><strong><em>de</em></strong></span> <span class='ocrx_word' id='word_1_152' title='bbox 864 2594 1038 2677; x_wconf 75' lang='lat' dir='ltr'><strong><em>republica</em></strong></span> <span class='ocrx_word' id='word_1_153' title='bbox 1058 2595 1175 2675; x_wconf 89' lang='lat' dir='ltr'><strong><em>capita</em></strong></span> <span class='ocrx_word' id='word_1_154' title='bbox 1194 2617 1274 2657; x_wconf 89' lang='lat' dir='ltr'><strong><em>con·</em></strong></span> 
     </span>
     <span class='ocr_line' id='line_1_23' title="bbox 227 2696 1274 2787; baseline -0.002 -25"><span class='ocrx_word' id='word_1_155' title='bbox 227 2701 381 2774; x_wconf 89' lang='lat' dir='ltr'><strong><em>tulisset,</em></strong></span> <span class='ocrx_word' id='word_1_156' title='bbox 411 2712 528 2763; x_wconf 89' lang='lat' dir='ltr'><strong><em>noster</em></strong></span> <span class='ocrx_word' id='word_1_157' title='bbox 551 2699 604 2761; x_wconf 85' lang='lat' dir='ltr'><strong><em>hic</em></strong></span> <span class='ocrx_word' id='word_1_158' title='bbox 639 2698 802 2778; x_wconf 86' lang='lat' dir='ltr'><strong><em>(Crassus)</em></strong></span> <span class='ocrx_word' id='word_1_159' title='bbox 824 2696 1050 2787; x_wconf 86' lang='lat' dir='ltr'><strong><em>facetissime</em></strong></span> <span class='ocrx_word' id='word_1_160' title='bbox 1073 2709 1145 2759; x_wconf 90' lang='lat' dir='ltr'><strong><em>tres</em></strong></span> <span class='ocrx_word' id='word_1_161' title='bbox 1158 2699 1274 2779; x_wconf 88' lang='lat' dir='ltr'><strong><em>patris</em></strong></span> 
     </span>
     <span class='ocr_line' id='line_1_24' title="bbox 228 2799 1230 2882; baseline -0.002 -18"><span class='ocrx_word' id='word_1_162' title='bbox 228 2803 329 2864; x_wconf 85' lang='lat' dir='ltr'><strong><em>Bruti</em></strong></span> <span class='ocrx_word' id='word_1_163' title='bbox 354 2803 395 2864; x_wconf 91' lang='lat' dir='ltr'><strong><em>de</em></strong></span> <span class='ocrx_word' id='word_1_164' title='bbox 421 2803 496 2864; x_wconf 87' lang='lat' dir='ltr'><strong><em>iure</em></strong></span> <span class='ocrx_word' id='word_1_165' title='bbox 521 2802 612 2864; x_wconf 85' lang='lat' dir='ltr'><strong><em>civili</em></strong></span> <span class='ocrx_word' id='word_1_166' title='bbox 641 2801 772 2864; x_wconf 88' lang='lat' dir='ltr'><strong><em>libellos</em></strong></span> <span class='ocrx_word' id='word_1_167' title='bbox 797 2801 909 2864; x_wconf 86' lang='lat' dir='ltr'><strong><em>tribus</em></strong></span> <span class='ocrx_word' id='word_1_168' title='bbox 935 2799 1097 2882; x_wconf 86' lang='lat' dir='ltr'><strong><em>legendos</em></strong></span> <span class='ocrx_word' id='word_1_169' title='bbox 1123 2799 1230 2862; x_wconf 87' lang='lat' dir='ltr'><strong><em>dedit.</em></strong></span> 
     </span>
    </p>

    <p class='ocr_par' dir='ltr' id='par_1_6' title="bbox 228 2901 1275 3498">
     <span class='ocr_line' id='line_1_25' title="bbox 293 2901 1272 2985; baseline -0.002 -19"><span class='ocrx_word' id='word_1_170' title='bbox 293 2904 430 2985; x_wconf 85' lang='lat' dir='ltr'><strong><em>Quintil.</em></strong></span> <span class='ocrx_word' id='word_1_171' title='bbox 448 2905 479 2978; x_wconf 89' lang='lat'><strong><em>6,</em></strong></span> <span class='ocrx_word' id='word_1_172' title='bbox 498 2905 529 2979; x_wconf 88' lang='lat'><strong><em>3,</em></strong></span> <span class='ocrx_word' id='word_1_173' title='bbox 558 2905 609 2966; x_wconf 77' lang='lat' dir='ltr'><strong><em>lili.</em></strong></span> <span class='ocrx_word' id='word_1_174' title='bbox 655 2907 741 2968; x_wconf 89' lang='lat' dir='ltr'><strong><em>Cum</em></strong></span> <span class='ocrx_word' id='word_1_175' title='bbox 762 2907 893 2966; x_wconf 86' lang='lat' dir='ltr'><strong><em>Brutus</em></strong></span> <span class='ocrx_word' id='word_1_176' title='bbox 915 2902 950 2964; x_wconf 89' lang='lat' dir='ltr'><strong><em>in</em></strong></span> <span class='ocrx_word' id='word_1_177' title='bbox 969 2901 1189 2965; x_wconf 88' lang='lat' dir='ltr'><strong><em>accusatione</em></strong></span> <span class='ocrx_word' id='word_1_178' title='bbox 1209 2906 1272 2966; x_wconf 89' lang='lat' dir='ltr'><strong><em>Cn.</em></strong></span> 
     </span>
     <span class='ocr_line' id='line_1_26' title="bbox 229 3005 1275 3079; baseline -0.004 -9"><span class='ocrx_word' id='word_1_179' title='bbox 229 3007 348 3070; x_wconf 78' lang='lat' dir='ltr'><strong><em>Planci</em></strong></span> <span class='ocrx_word' id='word_1_180' title='bbox 377 3030 424 3069; x_wconf 82' lang='lat' dir='ltr'><strong><em>esc</em></strong></span> <span class='ocrx_word' id='word_1_181' title='bbox 450 3007 583 3069; x_wconf 86' lang='lat' dir='ltr'><strong><em>duobus</em></strong></span> <span class='ocrx_word' id='word_1_182' title='bbox 616 3005 799 3067; x_wconf 90' lang='lat' dir='ltr'><strong><em>lectoribus</em></strong></span> <span class='ocrx_word' id='word_1_183' title='bbox 833 3005 1060 3079; x_wconf 85' lang='lat' dir='ltr'><strong><em>ostendisset,</em></strong></span> <span class='ocrx_word' id='word_1_184' title='bbox 1097 3005 1275 3068; x_wconf 90' lang='lat' dir='ltr'><strong><em>contraria</em></strong></span> 
     </span>
     <span class='ocr_line' id='line_1_27' title="bbox 228 3107 1275 3192; baseline -0.004 -19"><span class='ocrx_word' id='word_1_185' title='bbox 228 3113 270 3172; x_wconf 84' lang='lat' dir='ltr'><strong><em>L.</em></strong></span> <span class='ocrx_word' id='word_1_186' title='bbox 296 3112 462 3173; x_wconf 85' lang='lat' dir='ltr'><strong><em>Crassum</em></strong></span> <span class='ocrx_word' id='word_1_187' title='bbox 490 3120 679 3188; x_wconf 88' lang='lat' dir='ltr'><strong><em>patronum</em></strong></span> <span class='ocrx_word' id='word_1_188' title='bbox 707 3108 782 3182; x_wconf 85' lang='lat' dir='ltr'><strong><em>eius</em></strong></span> <span class='ocrx_word' id='word_1_189' title='bbox 815 3107 850 3168; x_wconf 91' lang='lat' dir='ltr'><strong><em>in</em></strong></span> <span class='ocrx_word' id='word_1_190' title='bbox 885 3107 1065 3181; x_wconf 89' lang='lat' dir='ltr'><strong><em>oratione,</em></strong></span> <span class='ocrx_word' id='word_1_191' title='bbox 1101 3129 1204 3192; x_wconf 80' lang='lat' dir='ltr'><strong><em>quam</em></strong></span> <span class='ocrx_word' id='word_1_192' title='bbox 1233 3109 1275 3169; x_wconf 84' lang='lat' dir='ltr'><strong><em>de</em></strong></span> 
     </span>
     <span class='ocr_line' id='line_1_28' title="bbox 228 3209 1273 3293; baseline 0 -23"><span class='ocrx_word' id='word_1_193' title='bbox 228 3211 365 3273; x_wconf 90' lang='lat' dir='ltr'><strong><em>colonia</em></strong></span> <span class='ocrx_word' id='word_1_194' title='bbox 398 3210 619 3274; x_wconf 88' lang='lat' dir='ltr'><strong><em>Narbonensi</em></strong></span> <span class='ocrx_word' id='word_1_195' title='bbox 644 3211 827 3285; x_wconf 81' lang='lat' dir='ltr'><strong><em>habuerat,</em></strong></span> <span class='ocrx_word' id='word_1_196' title='bbox 859 3209 1010 3272; x_wconf 87' lang='lat' dir='ltr'><strong><em>suasisse</em></strong></span> <span class='ocrx_word' id='word_1_197' title='bbox 1030 3210 1095 3287; x_wconf 91' lang='lat' dir='ltr'><strong><em>iis,</em></strong></span> <span class='ocrx_word' id='word_1_198' title='bbox 1122 3231 1209 3293; x_wconf 79' lang='lat' dir='ltr'><strong><em>quae</em></strong></span> <span class='ocrx_word' id='word_1_199' title='bbox 1232 3209 1273 3270; x_wconf 88' lang='lat' dir='ltr'><strong><em>de</em></strong></span> 
     </span>
     <span class='ocr_line' id='line_1_29' title="bbox 228 3313 1272 3394; baseline 0.004 -22"><span class='ocrx_word' id='word_1_200' title='bbox 228 3315 304 3393; x_wconf 87' lang='lat' dir='ltr'><strong><em>lege</em></strong></span> <span class='ocrx_word' id='word_1_201' title='bbox 327 3313 473 3376; x_wconf 83' lang='lat' dir='ltr'><strong><em>Seruilia</em></strong></span> <span class='ocrx_word' id='word_1_202' title='bbox 498 3314 656 3375; x_wconf 82' lang='lat' dir='ltr'><strong><em>dixerat:</em></strong></span> <span class='ocrx_word' id='word_1_203' title='bbox 683 3324 754 3375; x_wconf 89' lang='lat' dir='ltr'><strong><em>tres</em></strong></span> <span class='ocrx_word' id='word_1_204' title='bbox 773 3313 939 3376; x_wconf 81' lang='lat' dir='ltr'><strong><em>excitarit</em></strong></span> <span class='ocrx_word' id='word_1_205' title='bbox 965 3323 998 3376; x_wconf 89' lang='lat' dir='ltr'><strong><em>et</em></strong></span> <span class='ocrx_word' id='word_1_206' title='bbox 1021 3313 1093 3394; x_wconf 90' lang='lat' dir='ltr'><strong><em>ipse</em></strong></span> <span class='ocrx_word' id='word_1_207' title='bbox 1116 3315 1272 3386; x_wconf 86' lang='lat' dir='ltr'><strong><em>lectores,</em></strong></span> 
     </span>
     <span class='ocr_line' id='line_1_30' title="bbox 228 3415 1080 3498; baseline 0.001 -22"><span class='ocrx_word' id='word_1_208' title='bbox 228 3415 348 3498; x_wconf 79' lang='lat' dir='ltr'><strong><em>hisque</em></strong></span> <span class='ocrx_word' id='word_1_209' title='bbox 367 3417 481 3497; x_wconf 86' lang='lat' dir='ltr'><strong><em>patris</em></strong></span> <span class='ocrx_word' id='word_1_210' title='bbox 501 3416 575 3478; x_wconf 87' lang='lat' dir='ltr'><strong><em>eius</em></strong></span> <span class='ocrx_word' id='word_1_211' title='bbox 600 3416 759 3496; x_wconf 83' lang='lat' dir='ltr'><strong><em>dialogos</em></strong></span> <span class='ocrx_word' id='word_1_212' title='bbox 784 3416 876 3477; x_wconf 86' lang='lat' dir='ltr'><strong><em>dedit</em></strong></span> <span class='ocrx_word' id='word_1_213' title='bbox 905 3417 1080 3498; x_wconf 82' lang='lat' dir='ltr'><strong><em>legendos.</em></strong></span> 
     </span>
    </p>

    <p class='ocr_par' dir='ltr' id='par_1_7' title="bbox 227 3516 1275 3990">
     <span class='ocr_line' id='line_1_31' title="bbox 294 3516 1274 3598; baseline -0.001 -19"><span class='ocrx_word' id='word_1_214' title='bbox 294 3516 367 3579; x_wconf 89' lang='lat' dir='ltr'><strong><em>Cic.</em></strong></span> <span class='ocrx_word' id='word_1_215' title='bbox 392 3519 430 3578; x_wconf 87' lang='lat' dir='ltr'><strong><em>de</em></strong></span> <span class='ocrx_word' id='word_1_216' title='bbox 456 3516 584 3580; x_wconf 85' lang='lat' dir='ltr'><strong><em>Officiis</em></strong></span> <span class='ocrx_word' id='word_1_217' title='bbox 601 3519 635 3592; x_wconf 75' lang='lat'><strong><em>2,</em></strong></span> <span class='ocrx_word' id='word_1_218' title='bbox 655 3517 712 3593; x_wconf 80' lang='lat'><strong><em>18,</em></strong></span> <span class='ocrx_word' id='word_1_219' title='bbox 737 3517 790 3578; x_wconf 76' lang='lat' dir='ltr'><strong><em>bs.</em></strong></span> <span class='ocrx_word' id='word_1_220' title='bbox 835 3521 930 3580; x_wconf 87' lang='lat' dir='ltr'><strong><em>Haec</em></strong></span> <span class='ocrx_word' id='word_1_221' title='bbox 952 3517 1145 3598; x_wconf 83' lang='lat' dir='ltr'><strong><em>benignitas</em></strong></span> <span class='ocrx_word' id='word_1_222' title='bbox 1170 3519 1274 3578; x_wconf 91' lang='lat' dir='ltr'><strong><em>etiam</em></strong></span> 
     </span>
     <span class='ocr_line' id='line_1_32' title="bbox 230 3617 1273 3700; baseline -0.002 -20"><span class='ocrx_word' id='word_1_223' title='bbox 230 3620 282 3680; x_wconf 89' lang='lat' dir='ltr'><strong><em>rei</em></strong></span> <span class='ocrx_word' id='word_1_224' title='bbox 292 3619 452 3700; x_wconf 89' lang='lat' dir='ltr'><strong><em>publicae</em></strong></span> <span class='ocrx_word' id='word_1_225' title='bbox 467 3631 518 3682; x_wconf 91' lang='lat' dir='ltr'><strong><em>est</em></strong></span> <span class='ocrx_word' id='word_1_226' title='bbox 534 3621 640 3693; x_wconf 91' lang='lat' dir='ltr'><strong><em>utilis,</em></strong></span> <span class='ocrx_word' id='word_1_227' title='bbox 666 3618 790 3681; x_wconf 90' lang='lat' dir='ltr'><strong><em>redimi</em></strong></span> <span class='ocrx_word' id='word_1_228' title='bbox 805 3642 822 3679; x_wconf 90' lang='lat' dir='ltr'><strong><em>e</em></strong></span> <span class='ocrx_word' id='word_1_229' title='bbox 845 3617 1008 3679; x_wconf 87' lang='lat' dir='ltr'><strong><em>servitute</em></strong></span> <span class='ocrx_word' id='word_1_230' title='bbox 1023 3630 1162 3698; x_wconf 83' lang='lat' dir='ltr'><strong><em>captos,</em></strong></span> <span class='ocrx_word' id='word_1_231' title='bbox 1180 3621 1273 3679; x_wconf 86' lang='lat' dir='ltr'><strong><em>locu·</em></strong></span> 
     </span>
     <span class='ocr_line' id='line_1_33' title="bbox 227 3719 1275 3805; baseline -0.001 -24"><span class='ocrx_word' id='word_1_232' title='bbox 227 3722 355 3801; x_wconf 88' lang='lat' dir='ltr'><strong><em>pletari</em></strong></span> <span class='ocrx_word' id='word_1_233' title='bbox 367 3723 561 3798; x_wconf 89' lang='lat' dir='ltr'><strong><em>tenuiores,</em></strong></span> <span class='ocrx_word' id='word_1_234' title='bbox 578 3720 671 3805; x_wconf 76' lang='lat' dir='ltr'><strong><em>quod</em></strong></span> <span class='ocrx_word' id='word_1_235' title='bbox 689 3720 825 3804; x_wconf 83' lang='lat' dir='ltr'><strong><em>quidem</em></strong></span> <span class='ocrx_word' id='word_1_236' title='bbox 848 3723 952 3801; x_wconf 84' lang='lat' dir='ltr'><strong><em>vulgo</em></strong></span> <span class='ocrx_word' id='word_1_237' title='bbox 971 3720 1112 3781; x_wconf 88' lang='lat' dir='ltr'><strong><em>solitum</em></strong></span> <span class='ocrx_word' id='word_1_238' title='bbox 1121 3719 1212 3795; x_wconf 78' lang='lat' dir='ltr'><strong><em>fieri</em></strong></span> <span class='ocrx_word' id='word_1_239' title='bbox 1232 3721 1275 3780; x_wconf 91' lang='lat' dir='ltr'><strong><em>ab</em></strong></span> 
     </span>
     <span class='ocr_line' id='line_1_34' title="bbox 231 3820 1275 3903; baseline -0.005 -20"><span class='ocrx_word' id='word_1_240' title='bbox 231 3822 352 3886; x_wconf 90' lang='lat' dir='ltr'><strong><em>ordine</em></strong></span> <span class='ocrx_word' id='word_1_241' title='bbox 382 3836 504 3888; x_wconf 92' lang='lat' dir='ltr'><strong><em>nostro</em></strong></span> <span class='ocrx_word' id='word_1_242' title='bbox 532 3825 567 3886; x_wconf 87' lang='lat' dir='ltr'><strong><em>in</em></strong></span> <span class='ocrx_word' id='word_1_243' title='bbox 599 3823 757 3886; x_wconf 92' lang='lat' dir='ltr'><strong><em>oratione</em></strong></span> <span class='ocrx_word' id='word_1_244' title='bbox 790 3823 908 3886; x_wconf 86' lang='lat' dir='ltr'><strong><em>Crassi</em></strong></span> <span class='ocrx_word' id='word_1_245' title='bbox 941 3821 1109 3903; x_wconf 89' lang='lat' dir='ltr'><strong><em>scriptum</em></strong></span> <span class='ocrx_word' id='word_1_246' title='bbox 1139 3820 1275 3899; x_wconf 80' lang='lat' dir='ltr'><strong><em>copiose</em></strong></span> 
     </span>
     <span class='ocr_line' id='line_1_35' title="bbox 230 3922 396 3990; baseline 0.03 -5"><span class='ocrx_word' id='word_1_247' title='bbox 230 3922 396 3990; x_wconf 81' lang='lat' dir='ltr'><strong><em>uidemus.</em></strong></span> 
     </span>
    </p>
   </div>
   <div class='ocr_carea' id='block_1_5' title="bbox 266 4045 1275 4285">
    <p class='ocr_par' dir='ltr' id='par_1_8' title="bbox 266 4045 1275 4285">
     <span class='ocr_line' id='line_1_36' title="bbox 266 4045 1202 4110; baseline -0.009 -16"><span class='ocrx_word' id='word_1_248' title='bbox 266 4053 292 4095; x_wconf 90' lang='lat' dir='ltr'><strong><em>in</em></strong></span> <span class='ocrx_word' id='word_1_249' title='bbox 312 4055 427 4098; x_wconf 85' lang='lat' dir='ltr'><strong><em>oratione</em></strong></span> <span class='ocrx_word' id='word_1_250' title='bbox 446 4049 546 4110; x_wconf 83' lang='lat' dir='ltr'><strong><em>Crassi]</em></strong></span> <span class='ocrx_word' id='word_1_251' title='bbox 584 4052 637 4094; x_wconf 83' lang='lat' dir='ltr'><strong><em>huic</em></strong></span> <span class='ocrx_word' id='word_1_252' title='bbox 657 4051 759 4094; x_wconf 72' lang='lat' dir='ltr'><strong><em>orationi</em></strong></span> <span class='ocrx_word' id='word_1_253' title='bbox 779 4051 906 4095; x_wconf 76' lang='lat' dir='ltr'><strong><em>vindicavit</em></strong></span> <span class='ocrx_word' id='word_1_254' title='bbox 925 4050 1020 4093; x_wconf 84' lang='lat' dir='ltr'><strong><em>Ellendt</em></strong></span> <span class='ocrx_word' id='word_1_255' title='bbox 1040 4062 1063 4101; x_wconf 88' lang='lat' dir='ltr'><strong><em>p.</em></strong></span> <span class='ocrx_word' id='word_1_256' title='bbox 1084 4045 1202 4088; x_wconf 76' lang='lat' dir='ltr'><strong><em>Lxxltt.</em></strong></span> 
     </span>
     <span class='ocr_line' id='line_1_37' title="bbox 266 4129 1237 4195; baseline -0.004 -13"><span class='ocrx_word' id='word_1_257' title='bbox 266 4140 297 4182; x_wconf 85' lang='lat' dir='ltr'><strong><em>ab</em></strong></span> <span class='ocrx_word' id='word_1_258' title='bbox 316 4140 405 4186; x_wconf 84' lang='lat' dir='ltr'><strong><em>ordine</em></strong></span> <span class='ocrx_word' id='word_1_259' title='bbox 425 4135 521 4195; x_wconf 85' lang='lat' dir='ltr'><strong><em>nostro]</em></strong></span> <span class='ocrx_word' id='word_1_260' title='bbox 559 4140 576 4183; x_wconf 89' lang='lat' dir='ltr'><strong><em>i.</em></strong></span> <span class='ocrx_word' id='word_1_261' title='bbox 598 4155 620 4182; x_wconf 90' lang='lat' dir='ltr'><strong><em>e.</em></strong></span> <span class='ocrx_word' id='word_1_262' title='bbox 642 4141 773 4182; x_wconf 75' lang='lat' dir='ltr'><strong><em>senatorio.</em></strong></span> <span class='ocrx_word' id='word_1_263' title='bbox 812 4137 882 4181; x_wconf 80' lang='lat' dir='ltr'><strong><em>conf.</em></strong></span> <span class='ocrx_word' id='word_1_264' title='bbox 904 4135 931 4180; x_wconf 84' lang='grc' dir='ltr'><strong><em>Ρ.</em></strong></span> <span class='ocrx_word' id='word_1_265' title='bbox 953 4134 1061 4190; x_wconf 84' lang='lat' dir='ltr'><strong><em>Sulpicii</em></strong></span> <span class='ocrx_word' id='word_1_266' title='bbox 1079 4130 1135 4193; x_wconf 82' lang='lat' dir='ltr'><strong><em>Rufi</em></strong></span> <span class='ocrx_word' id='word_1_267' title='bbox 1154 4129 1237 4178; x_wconf 90' lang='lat' dir='ltr'><strong><em>Oratl.</em></strong></span> 
     </span>
     <span class='ocr_line' id='line_1_38' title="bbox 267 4221 1275 4285; baseline -0.005 -15"><span class='ocrx_word' id='word_1_268' title='bbox 267 4227 421 4285; x_wconf 84' lang='lat' dir='ltr'><strong><em>locupletari</em></strong></span> <span class='ocrx_word' id='word_1_269' title='bbox 453 4222 591 4282; x_wconf 82' lang='lat' dir='ltr'><strong><em>tenuiores]</em></strong></span> <span class='ocrx_word' id='word_1_270' title='bbox 628 4226 731 4267; x_wconf 77' lang='lat' dir='ltr'><strong><em>Crassus</em></strong></span> <span class='ocrx_word' id='word_1_271' title='bbox 758 4226 873 4279; x_wconf 81' lang='lat' dir='ltr'><strong><em>exemplis</em></strong></span> <span class='ocrx_word' id='word_1_272' title='bbox 908 4221 1032 4277; x_wconf 78' lang='lat' dir='ltr'><strong><em>probavit,</em></strong></span> <span class='ocrx_word' id='word_1_273' title='bbox 1062 4223 1169 4262; x_wconf 74' lang='lat' dir='ltr'><strong><em>sensium</em></strong></span> <span class='ocrx_word' id='word_1_274' title='bbox 1203 4235 1275 4274; x_wconf 75' lang='lat' dir='ltr'><strong><em>saepe</em></strong></span> 
     </span>
    </p>
   </div>
   <div class='ocr_carea' id='block_1_6' title="bbox 302 4307 1232 4372">
    <p class='ocr_par' dir='ltr' id='par_1_9' title="bbox 302 4307 1232 4372">
     <span class='ocr_line' id='line_1_39' title="bbox 302 4307 1232 4372; baseline -0.003 -15"><span class='ocrx_word' id='word_1_275' title='bbox 302 4318 367 4372; x_wconf 72' lang='lat' dir='ltr'><strong><em>egris</em></strong></span> <span class='ocrx_word' id='word_1_276' title='bbox 387 4313 553 4371; x_wconf 64' lang='lat' dir='ltr'><strong><em>assignandis,</em></strong></span> <span class='ocrx_word' id='word_1_277' title='bbox 574 4311 675 4356; x_wconf 79' lang='lat' dir='ltr'><strong><em>coloniis</em></strong></span> <span class='ocrx_word' id='word_1_278' title='bbox 693 4311 836 4356; x_wconf 80' lang='lat' dir='ltr'><strong><em>deducendis</em></strong></span> <span class='ocrx_word' id='word_1_279' title='bbox 856 4311 960 4363; x_wconf 75' lang='lat' dir='ltr'><strong><em>inopiam</em></strong></span> <span class='ocrx_word' id='word_1_280' title='bbox 980 4308 1065 4350; x_wconf 80' lang='lat' dir='ltr'><strong><em>civium</em></strong></span> <span class='ocrx_word' id='word_1_281' title='bbox 1086 4307 1232 4354; x_wconf 69' lang='lat' dir='ltr'><strong><em>sublevasse.</em></strong></span> 
     </span>
    </p>
   </div>
   <div class='ocr_carea' id='block_1_7' title="bbox 0 0 1510 4844">
    <p class='ocr_par' dir='ltr' id='par_1_10' title="bbox 0 0 1510 4844">
     <span class='ocr_line' id='line_1_40' title="bbox 0 0 1510 4844; baseline 0 0"><span class='ocrx_word' id='word_1_282' title='bbox 0 0 1510 4844; x_wconf 95' lang='lat' dir='ltr'><strong><em> </em></strong></span> 
     </span>
    </p>
   </div>
  </div>
 </body>
</html>
