2970 4836
238 345 278 408 26

238 503 357 578 lebant,
374 513 407 564 ut
416 500 560 564 Velleius
574 500 665 564 libs.
678 523 710 565 a.
722 503 770 576 10,
780 501 812 564 1.
823 498 994 564 memoriae
1004 497 1144 566 tradidit.
1170 499 1284 566 Livius

239 605 290 678 tt,
319 605 372 666 ta.
413 607 466 668 M.
489 605 633 668 Porcius
658 607 746 668 Coto
770 627 817 666 esc
842 603 1016 684 Hispania
1040 604 1285 685 triumphavits

237 707 372 770 tulitin
395 729 435 770 eo
463 708 639 788 triumpho
664 707 803 788 argenti
831 704 956 795 insecti
983 705 1106 786 uiginti
1135 707 1284 790 quinque

239 809 348 876 millia
366 811 506 892 pondo,
533 810 643 892 bigoti
668 822 804 872 centnm
832 807 954 888 viginti
974 808 1046 870 tria
1068 808 1192 882 millia,
1218 812 1284 873 Os-

238 912 350 974 censis
369 913 559 996 quingenta
581 913 827 995 qnadraginta,
854 911 935 972 auri
953 910 1072 992 pondo
1092 911 1182 973 mille
1199 933 1284 994 qua·

239 1014 437 1096 stringenta.
481 1015 656 1078 Militibus
683 1036 729 1076 ex
755 1013 890 1095 praeda
917 1013 1034 1074 divisit
1061 1012 1097 1074 in
1126 1013 1284 1096 singulos

239 1117 388 1183 ducenos
413 1129 644 1200 septuagenos
669 1117 774 1191 aeris,
800 1114 930 1196 triplex
952 1114 1071 1198 equiti.

273 1249 373 1340 infesti]
403 1296 450 1326 non
472 1283 568 1340 signati.
599 1281 706 1326 isidorus
725 1279 822 1339 Origin.
846 1281 863 1325 l.
886 1273 927 1333 16,
948 1275 988 1339 18,
1010 1277 1052 1323 13.
1082 1277 1145 1324 Tria
1164 1286 1224 1324 aunt
1243 1295 1285 1340 ge·

310 1381 373 1412 nera
394 1371 497 1429 urgenti
514 1375 538 1413 et
559 1371 619 1413 auri
638 1373 662 1414 et
683 1369 762 1424 aeria,
782 1369 921 1428 signatum,
937 1363 1048 1426 suetum,
1070 1363 1200 1425 insertum.
1225 1368 1285 1429 sig-

307 1463 392 1502 natum
404 1463 450 1512 eet,
466 1457 530 1518 quod
539 1459 564 1502 in
574 1458 657 1502 numia
668 1463 704 1501 est
710 1470 721 1511 ,·
732 1453 835 1516 saetam
853 1461 908 1516 eet,
928 1454 993 1514 quod
1009 1455 1037 1498 in
1055 1456 1124 1499 ouen
1140 1461 1165 1500 et
1181 1457 1264 1516 signis
1273 1467 1285 1510 ;

305 1542 437 1604 Mestum,
456 1547 519 1604 quod
538 1546 565 1590 in
586 1546 682 1592 maasia
701 1551 747 1600 eet,
767 1544 867 1603 quatiet
881 1555 959 1602 grau
975 1541 1079 1598 dieitur,
1093 1542 1171 1588 idest
1184 1557 1283 1590 masaa.

274 1666 367 1728 bigati]
398 1674 523 1726 argeutum
546 1667 666 1728 bigarum,
688 1669 707 1714 i.
728 1684 748 1714 e.
771 1668 863 1712 denarii
883 1669 989 1725 argentei
1011 1668 1123 1723 romani,
1147 1669 1187 1725 qui
1209 1669 1284 1726 bigati

308 1757 467 1814 dicebantur,
493 1757 548 1812 quia
574 1757 643 1815 bigae
667 1758 753 1801 solitus
775 1769 860 1800 eorum
882 1760 951 1810 typus
973 1761 1051 1800 erant.
1088 1755 1201 1800 Omnium
1220 1757 1284 1800 enim

311 1857 439 1888 neruorum
461 1844 626 1898 familiarum,
653 1849 771 1902 quotquot
791 1849 936 1903 supersunt,
961 1847 985 1888 et
1008 1844 1083 1906 bigati
1107 1849 1131 1890 et
1152 1846 1284 1903 quadrigati

307 1936 362 1976 sunt
381 1933 532 1980 creberrimi.
556 1931 628 1982 (loni.
648 1933 728 1976 Tacit.
751 1933 786 1976 De
806 1931 937 1976 Germania
955 1946 977 1976 s.
1000 1929 1026 1978 5.

275 2072 409 2132 Oscensis]
438 2075 463 2119 ln
483 2075 598 2131 Hispania
618 2075 665 2119 iam
684 2080 733 2119 tum
753 2077 843 2136 duplex
863 2080 977 2132 pecuniae
999 2092 1074 2137 genus
1099 2080 1123 2124 in
1145 2093 1188 2123 usu
1213 2083 1284 2133 erat,

315 2168 456 2208 romanaet
477 2165 576 2221 patria3
600 2177 699 2208 romana
722 2168 803 2208 autem
824 2177 871 2208 uon
893 2166 972 2209 minus
994 2166 1056 2221 apud
1078 2168 1198 2223 Hispanos
1218 2168 1284 2212 vide-

312 2260 352 2298 tur
372 2254 478 2311 vulgaris
496 2267 524 2294 ac
547 2254 602 2295 trita
625 2252 699 2296 fuisse
722 2265 792 2309 quam
811 2253 896 2306 patria.
917 2252 1032 2298 Oscensis
1052 2261 1146 2300 moneta
1165 2254 1284 2299 communi

309 2343 405 2386 nomine
425 2341 487 2383 dicta
505 2345 551 2392 est,
572 2341 634 2395 quod
655 2340 725 2393 primi
746 2338 811 2383 luere
831 2339 962 2394 Oscenses,
983 2342 1022 2397 qui
1044 2343 1086 2387 bae
1103 2345 1181 2386 forme
1200 2342 1284 2386 ethos

310 2431 415 2486 pondere
435 2433 559 2487 argentum
582 2429 745 2484 signaverunt,
768 2428 824 2470 aliis
844 2429 928 2472 deinde
947 2429 1074 2484 Hispaniae
1097 2431 1196 2474 urbibus
1220 2442 1283 2472 earu-

309 2520 364 2562 dem
386 2518 408 2561 in
430 2516 529 2571 pecunia
552 2528 595 2558 sue
612 2517 690 2572 legem
711 2515 883 2571 sequentibus,
905 2522 929 2560 ut
948 2531 992 2560 nos
1013 2518 1120 2563 florenos
1139 2529 1227 2561 aureos
1249 2517 1284 2559 di·

310 2607 400 2658 cimus,
422 2617 468 2648 non
487 2605 550 2660 qnod
575 2603 713 2646 Florentiae
733 2604 821 2660 signati
844 2610 913 2664 sunt,
936 2607 977 2649 sed
1000 2608 1062 2663 quod
1083 2608 1208 2661 praeirere
1225 2605 1283 2648 eio-

307 2694 405 2745 rentini.
451 2692 543 2735 Eckhel
566 2691 683 2734 Doctrina
705 2689 777 2734 Num.
804 2692 835 2738 T.
861 2691 885 2741 1.
911 2707 935 2746 p.
961 2690 985 2736 1.
1034 2694 1069 2738 De
1092 2693 1155 2738 Osca
1177 2693 1235 2736 urbe
1258 2705 1282 2740 r.

309 2755 422 2826 Manuert
448 2779 563 2834 Hispania
588 2793 612 2833 p.
634 2776 693 2825 109.
734 2778 809 2822 Ukert
830 2779 862 2822 Τ.
886 2777 910 2826 2.
936 2779 963 2822 P.
988 2777 1012 2822 1.
1040 2793 1064 2834 p.
1087 2776 1144 2824 151.
1197 2778 1285 2822 Extant

310 2871 442 2913 etiamnunc
463 2868 527 2911 numi
549 2866 687 2920 Oscenses,
712 2879 771 2924 quoe
796 2867 924 2921 descripsit
943 2866 1091 2911 Miounetius
1113 2862 1283 2924 (Discription

308 2961 350 3002 des
373 2953 499 3002 Midaiiles
521 2957 629 3012 antiques
651 2955 680 3000 T.
704 2953 727 3002 1.
746 2967 771 3008 p·
794 2950 850 3009 16.)

273 3099 383 3147 ducenos
403 3105 572 3159 septuagenos
595 3095 675 3156 ueris]
707 3095 900 3142 CCLXXasses.

274 3245 374 3305 triplex
390 3240 478 3303 equiti]
508 3244 531 3286 id
552 3245 646 3286 ratione
668 3247 692 3286 et
710 3255 754 3285 usu
773 3241 884 3287 valebat:
908 3241 981 3299 equiti
1002 3243 1066 3286 enim
1087 3241 1176 3296 triplex
1195 3243 1284 3296 stipen-

307 3335 372 3379 dium
391 3333 443 3376 dari
462 3331 561 3376 solebat.
593 3329 701 3374 Niebuhr
723 3329 865 3374 Gesehiclrte
884 3343 929 3374 von
947 3329 1011 3374 Rom
1024 3329 1056 3374 Τ.
1071 3327 1097 3376 2.
1109 3343 1134 3385 p.
1150 3322 1199 3376 196
1212 3343 1264 3387 seq,

302 3485 488 3552 Priscianus
505 3487 549 3549 Τ.
567 3486 598 3547 1.
615 3507 650 3567 p.
665 3485 739 3548 108.
772 3483 983 3548 Inveniuntur
1003 3487 1167 3568 quaedam,
1189 3503 1282 3566 quae,

239 3589 386 3678 quamvis
407 3589 470 3652 sint
491 3587 677 3664 accidentia,
697 3585 731 3649 id
752 3598 810 3663 est,
823 3586 993 3663 adiectiva,
1010 3596 1041 3647 et
1057 3605 1167 3648 eorum
1183 3581 1284 3666 sigui-

238 3693 347 3758 ficatio
372 3691 493 3776 exigat,
515 3701 550 3751 ut
568 3690 687 3754 faciant
710 3689 939 3770 comparativa,
961 3698 1145 3748 tamennon
1165 3687 1284 3745 haben·

237 3810 290 3862 tur
310 3795 343 3859 in
369 3817 426 3858 usu
455 3792 627 3878 frequenti.
668 3793 747 3854 Sunt
772 3801 874 3852 autem
903 3810 939 3851 ea
970 3788 1177 3868 plerumque,
1202 3807 1283 3869 quae

238 3899 369 3963 vocales
393 3909 463 3962 ante
488 3918 531 3958 as
556 3898 686 3969 habent,
712 3905 746 3953 nt
764 3890 852 3972 pius,
874 3886 1042 3972 egregius,
1067 3889 1198 3962 arduus,
1227 3890 1283 3949 du·

238 4001 321 4079 bins,
346 4011 505 4064 strenuus.
545 3992 763 4060 Vetustissimi
784 4003 888 4052 tamen
911 3988 1131 4052 huiuscemodi
1153 4011 1281 4070 compa·

238 4101 350 4165 ratiris
367 4114 439 4165 sunt
453 4099 514 4163 usi.
537 4102 624 4162 Cato
641 4096 689 4157 ad
704 4096 871 4174 populum
889 4092 931 4156 de
953 4089 1149 4175 triumpho:
1164 4112 1283 4175 asper·

237 4205 327 4272 rimo
348 4215 452 4288 atque
473 4198 685 4264 arianissimo
714 4195 826 4258 aditu.
