2966 4842
259 361 320 424 508

317 515 440 582 Ibidem
465 539 495 580 c.
521 518 573 578 17.
598 516 689 597 Apes
711 513 803 576 dicit:
833 517 990 578 Transeo
1011 514 1058 576 ad
1071 514 1199 578 latinos
1224 537 1308 582 ora-

254 633 360 694 tores,
383 620 418 682 in
441 618 563 704 quibus
586 638 654 680 non
676 617 890 690 Menenium,
915 629 954 678 ut
972 629 1070 700 puto,
1094 617 1324 700 Agrippam„

254 723 315 806 qui
333 732 447 804 potest
468 721 577 784 uideri
597 720 779 803 antiquus,
813 731 1014 782 nostrorum
1035 731 1230 802 temporum
1254 721 1308 784 di·

253 824 357 888 sertis
377 835 584 906 anteponere
607 822 736 894 soletis,
758 822 819 883 sed
840 823 1038 886 Ciceronem
1060 834 1092 884 et
1114 823 1301 886 Gaesarem

255 938 288 990 et
309 927 462 1014 Coelium
483 937 515 988 et
538 927 678 990 Calvum
700 936 733 986 et
755 927 903 988 Rrutum
924 937 958 986 et
974 924 1134 988 Asinium
1156 937 1190 988 et
1206 928 1305 990 Mes·

258 1031 392 1090 sallum.
423 1049 508 1110 quos
530 1027 666 1110 quidem
694 1049 757 1088 cur
785 1026 936 1109 antiquis
957 1026 1168 1109 temporibus
1189 1029 1307 1109 potius

253 1130 459 1194 adscribatis
480 1151 584 1214 quam
605 1129 755 1206 nastris,
779 1149 847 1191 non
870 1129 978 1192 uideo.
1005 1159 1045 1172 ··-
1068 1131 1162 1194 Nam
1184 1132 1303 1196 Corui·

253 1253 319 1296 nus
340 1233 376 1294 in
399 1233 549 1295 medium
571 1254 678 1316 usque
701 1231 854 1313 Augusti
881 1232 1135 1314 principatum,
1160 1233 1305 1298 Asinius

252 1357 338 1418 pene
359 1335 406 1396 ad
426 1347 622 1398 extremum
643 1333 793 1396 duravit.

317 1435 403 1500 Ibid.
424 1459 452 1502 e.
478 1439 526 1500 18.
571 1437 694 1502 Catoni
715 1437 789 1500 seni
817 1449 1039 1519 comparatus
1062 1441 1099 1502 0.
1123 1441 1300 1504 Gracchus

250 1541 386 1622 plenior
407 1553 439 1603 et
462 1541 619 1614 uberior,
648 1540 697 1602 sic
719 1543 876 1605 Graccho
902 1540 1047 1622 politior
1078 1552 1111 1602 et
1143 1541 1303 1604 ornatior

257 1646 423 1718 Crassus,
449 1644 498 1705 sic
520 1656 665 1724 utroque
687 1642 882 1706 distinctior
902 1654 937 1706 et
958 1643 1123 1710 urbanior
1144 1655 1177 1706 et
1198 1645 1305 1706 altior

254 1745 386 1817 Cicero,
411 1745 572 1809 Cicerone
596 1743 714 1806 mitior
736 1744 886 1808 Coruin
899 1767 945 1806 us
974 1756 1007 1806 et
1036 1745 1171 1808 dulcior
1204 1758 1237 1808 et
1265 1746 1301 1808 in

252 1846 362 1909 verbis
384 1845 498 1928 magis
521 1846 727 1908 elaboratas.

315 1948 360 2010 ib.
385 1971 415 2010 c.
440 1949 492 2009 20.
517 1949 608 2029 Aper
630 1946 726 2009 dicit:
753 1949 829 2032 quis
846 1971 935 2012 nunc
946 1948 1053 2039 feret
1067 1963 1243 2014 oratorem
1257 1953 1300 2014 de

250 2051 286 2112 in
304 2050 459 2114 ermitate
481 2051 684 2114 ualetudinis
706 2071 790 2112 suae
811 2050 1053 2139 praesentem,
1078 2053 1195 2136 qualia
1219 2067 1301 2118 sunt

240 2152 332 2244 fere
351 2154 573 2236 principia
599 2153 806 2218 Coruini?

287 2317 317 2363 de
335 2317 495 2382 infirmitate]
533 2321 594 2362 idem
613 2319 669 2362 dicit
693 2317 862 2374 Quintilianus,
884 2323 908 2362 ui
928 2321 990 2364 inire
1008 2319 1149 2368 videbimus.

315 2437 393 2500 ibid.
416 2461 446 2500 c.
481 2439 533 2502 tt.
558 2439 651 2520 Aper
681 2436 775 2500 dicit:
801 2439 896 2502 Nolo
925 2439 1110 2504 Coruinum
1143 2441 1296 2526 insequi,

249 2541 330 2624 quia
352 2561 412 2603 nec
432 2563 495 2623 per
516 2541 631 2623 ipsum
652 2541 763 2615 stetit,
787 2562 855 2623 quo
878 2541 991 2604 minus
1013 2543 1181 2606 laetitiam
1208 2545 1298 2606 nito·

249 2665 388 2726 remque
410 2655 609 2708 nostrorum
631 2653 825 2726 temporum
846 2643 1071 2726 exprimeret.
1096 2645 1297 2721 viderimus,

250 2767 352 2830 quam
382 2744 510 2810 iudicio
537 2745 612 2808 eius
649 2745 699 2807 vis
735 2759 796 2809 aut
825 2746 934 2808 animi
966 2759 1027 2810 aut
1056 2747 1189 2830 ingenii
1216 2747 1299 2839 suf-

234 2845 384 2937 fecerit.

311 2948 443 3013 Tacitus
466 2949 583 3014 Annal.
614 2951 687 3027 XI,
726 2953 758 3014 6.
790 2951 1019 3016 meminissent
1048 2956 1087 3017 G.
1118 2953 1233 3018 Asinii
1261 2966 1296 3016 et

200 3111 201 3115 ,
248 3056 478 3116 Messalae
513 3075 553 3114 ac
588 3053 817 3117 recentiorum
841 3054 1002 3119 Arruntii
1035 3067 1067 3118 et
1097 3056 1295 3130 Aesernini,

247 3152 295 3216 ad
317 3175 452 3216 summa
470 3167 650 3235 provectos
673 3155 876 3240 incorrupta
899 3157 969 3218 uita
989 3169 1022 3219 et
1032 3155 1227 3248 facundia.

310 3255 524 3335 Quintilianus
548 3259 597 3332 10,
622 3262 651 3332 1,
677 3258 749 3320 113.
795 3262 952 3322 Messala
973 3259 1101 3322 nitidus
1125 3272 1157 3322 et
1176 3261 1295 3324 candi-

247 3361 323 3432 dus,
347 3369 380 3420 et
402 3359 654 3442 quodammodo
673 3381 759 3443 prae
781 3382 816 3421 se
827 3358 961 3449 ferens
983 3360 1019 3422 in
1042 3361 1185 3425 dicendo
1198 3363 1294 3426 nobi—

244 3462 377 3526 litatem
399 3483 517 3524 suam:
539 3462 667 3525 uiribus
691 3462 816 3534 minor.

307 3563 556 3641 ib.12,10,11.
580 3563 734 3646 dignitas
763 3562 923 3626 Messalae
947 3565 1090 3630 oratoris
1112 3568 1269 3635 laudatur.

309 3667 390 3730 ibid.
414 3669 464 3742 12,
490 3669 539 3740 11,
564 3665 614 3732 28.
659 3670 714 3730 An
737 3665 846 3729 Pollio
868 3678 900 3728 et
923 3670 1096 3744 Messala,
1131 3669 1190 3754 qui
1219 3670 1292 3732 iam

243 3771 406 3836 Cicerone
427 3789 542 3830 arcem
564 3779 696 3830 tenente
718 3769 931 3852 eloquentiae
958 3791 1064 3852 agere
1085 3784 1289 3853 coeperunt,

240 3894 367 3958 parum
391 3872 426 3934 in
450 3870 519 3932 uita
541 3869 722 3952 dignitatis
744 3871 947 3945 habuerunt,
969 3893 1097 3954 parum
1120 3873 1167 3935 ad
1176 3885 1292 3959 poste—

241 3997 301 4038 ros
322 3973 457 4056 gloriae
484 3971 727 4034 tradiderunt?

302 4075 383 4138 ibid.
415 4080 451 4150 1,
488 4077 523 4148 7,
554 4073 606 4136 tt.
664 4078 718 4136 An
750 4075 827 4138 ideo
861 4078 974 4140 minus
999 4080 1191 4141 Messala
1220 4078 1288 4140 ni·
1319 4145 1321 4154 ¹

241 4179 373 4254 tidus,
399 4177 481 4259 quia
502 4176 668 4260 quosdam
691 4189 782 4240 totos
804 4179 933 4241 libellos
956 4200 1024 4242 non
1047 4179 1156 4242 uerbis
1181 4180 1287 4244 modo

240 4278 398 4358 singulis,
424 4279 609 4341 sedetiam
631 4279 741 4342 literis
763 4280 882 4342 dedit?
