2992 4840
317 569 344 626 1.
377 569 474 626 Oratio
495 587 546 641 pro
569 570 631 641 lege
653 586 705 628 sua
728 573 763 627 de
788 573 918 642 pecuniis
942 574 1122 644 repetundis.

266 727 344 793 Piso
369 728 401 790 in
424 728 587 792 tribunatu
610 751 639 791 a.
659 732 719 792 605
747 730 833 808 (119)
862 733 943 793 hanc
971 732 1074 814 legem
1098 731 1181 797 tulit.

272 865 392 930 Cicero
419 869 522 931 Bruto
553 891 583 930 c.
606 869 658 930 27.
704 872 745 931 L.
773 869 854 932 Piso
879 870 1038 932 tribunus
1060 875 1110 953 pt.
1142 874 1251 954 legem

200 970 335 1052 primus
361 971 401 1032 de
422 971 578 1051 pecuniis
606 971 804 1053 repetundis
830 972 1019 1036 Censorino
1044 983 1077 1034 et
1099 974 1250 1038 Manilio

201 1093 293 1136 coss.
317 1073 407 1134 tulit.
695 1081 698 1090 ’

268 1231 368 1292 Verr.
395 1229 459 1294 IV.
488 1231 540 1293 25.
570 1235 607 1293 de
635 1231 734 1295 Offic.
761 1233 796 1307 2,
822 1233 874 1295 21.
927 1233 1027 1294 Index
1053 1235 1178 1316 Legum
1210 1236 1250 1296 ab

203 1331 331 1396 Orellio
357 1331 533 1396 confectus.
579 1334 707 1396 Walter
731 1335 851 1397 Gesch.
877 1337 908 1398 d.
939 1341 1023 1396 rom.
1049 1337 1090 1397 R.
1118 1358 1151 1417 p.
1174 1335 1249 1398 835.

204 1433 279 1497 860.
324 1433 475 1520 Getrling
498 1435 619 1497 Gesch.
642 1438 673 1497 d.
704 1443 789 1498 ro'm.
815 1437 1006 1500 Staatsvers.
1033 1459 1067 1518 p.
1080 1439 1153 1519 me
1176 1460 1250 1522 sqq.

392 1723 421 1778 2.
457 1721 610 1780 Orationes
630 1730 728 1781 contra
751 1727 830 1796 teges
852 1725 904 1782 Gai
925 1725 1057 1782 Gracchi.

272 1893 340 1956 Eae
365 1905 438 1955 sunt
460 1893 587 1956 habitae
611 1915 640 1956 a.
659 1893 717 1956 631
743 1893 830 1972 (123)
853 1904 883 1954 et
910 1893 971 1958 632
998 1891 1099 1976 (122).

272 2033 413 2094 Extabat
446 2032 537 2095 etiam
568 2032 629 2095 Gai
660 2031 801 2095 Gracchi
834 2031 939 2095 oratio
966 2031 998 2094 in
1030 2035 1072 2096 L.
1099 2031 1252 2096 Pisonem

207 2137 246 2196 de
270 2135 341 2217 lege
363 2134 583 2198 frumentaria.
631 2133 749 2198 Cicero
776 2156 810 2214 p.
834 2135 973 2198 Fonteio
998 2135 1048 2198 13.
1068 2135 1199 2197 Tuscut.
1224 2137 1254 2209 3,

208 2237 260 2299 20.
286 2236 386 2301 conf.
410 2235 561 2300 Liebaldt
580 2237 629 2300 Dc
649 2238 692 2299 L.
714 2235 832 2300 Pisone
858 2257 891 2317 p.
914 2238 945 2297 6.

498 2561 605 2619 XXXI.
638 2561 680 2620 M.
702 2561 816 2616 Fuluius
835 2561 961 2618 Flaccus.

274 2731 388 2794 Sosius
419 2729 664 2805 Gracchorum,
694 2731 793 2792 homo
820 2729 1004 2811 popularis,
1036 2730 1142 2812 legum
1172 2728 1256 2792 sedi·

208 2833 362 2898 tiosarum
394 2844 507 2896 auctor
537 2846 568 2895 et
593 2853 719 2896 suasor.
766 2831 931 2895 Triumvir
961 2830 1049 2914 agris
1078 2830 1257 2894 dividundis

210 2948 337 2998 creatur
365 2958 394 2998 a.
419 2935 479 2998 623
508 2937 610 3014 (131).
657 2933 780 2998 Consul
808 2956 838 2998 a.
863 2936 923 2998 629
951 2935 1050 3015 (125).
1096 2934 1259 2995 Tribunus

209 3038 257 3120 pl.
274 3059 310 3122 a.
328 3039 390 3110 632
413 3039 521 3115 (122),
546 3058 610 3120 quo
635 3037 824 3118 magistratu
856 3059 915 3099 una
943 3058 1013 3098 cum
1041 3034 1083 3098 C.
1106 3036 1258 3099 Graccho

211 3161 271 3221 per
299 3139 462 3222 Opimium
497 3140 659 3202 consulem
687 3161 716 3202 a.
746 3140 805 3202 633
841 3140 930 3220 (121)
960 3138 1116 3201 seditione
1146 3148 1260 3202 coorta

213 3240 388 3304 occiditur.
434 3241 577 3323 Appian.
599 3242 684 3304 Bell.
709 3239 810 3304 civit.
841 3245 871 3303 1.
897 3242 949 3304 21.
989 3239 1066 3302 Liv.
1090 3240 1181 3322 Epit.
1206 3239 1258 3301 61.

210 3342 357 3406 Velleius
381 3345 418 3417 2,
442 3346 472 3411 6.

277 3500 399 3565 Cicero
424 3503 528 3564 Bruto
553 3525 582 3564 c.
601 3502 653 3564 28.
698 3507 739 3568 In
765 3504 881 3585 aliquo
907 3523 1052 3565 numero
1076 3501 1181 3564 etiam
1202 3501 1260 3564 M.

212 3604 352 3666 euzoius
375 3605 516 3666 Flaccus
539 3616 572 3666 et
598 3607 636 3668 C.
661 3607 764 3680 Cato,
790 3601 958 3694 Africani
984 3603 1117 3666 sororis
1133 3601 1260 3680 filius,

214 3707 401 3769 mediocres
425 3719 602 3769 oratores:
633 3705 698 3768 etsi
724 3705 838 3768 Flacci
859 3704 991 3787 scripta
1012 3717 1111 3780 sunt,
1142 3703 1203 3768 sed
1223 3713 1262 3764 nt

213 3809 365 3872 studiosi
391 3808 584 3871 literarum.

250 4009 346 4068 scripta
369 4006 445 4066 eunt]
483 4013 500 4054 1.
518 4025 541 4055 e.
562 4011 684 4053 orationes
704 4010 818 4067 reliquit,
843 3997 943 4065 quarum
964 4009 1025 4051 infra
1045 4003 1164 4048 enarrabo
1185 4015 1262 4058 argu-

285 4103 382 4153 menta,
410 4104 523 4157 quantum
547 4095 600 4140 fieri
625 4099 711 4150 potest.
750 4098 887 4156 Incertum,
915 4107 943 4137 au
966 4094 1028 4137 idern
1050 4093 1082 4134 sit
1104 4101 1157 4132 cnm
1179 4087 1263 4134 Fuluio

285 4186 391 4240 Flacco,
411 4186 544 4240 historico,
567 4185 605 4240 qui
625 4197 637 4225 a
657 4184 784 4238 Varrone,
810 4182 958 4232 Censorino,
983 4177 1109 4222 Macrobio
1130 4177 1247 4223 laudetur.
