2976 4844
248 355 305 418 ¹56

247 516 320 596 (587
346 519 481 594 Varr.)z
514 521 555 579 L.
586 517 754 580 Aemilius
785 520 826 578 L.
843 513 887 604 f.
916 519 970 580 M.
1005 537 1039 577 n.
1069 520 1210 580 Paullus
1240 520 1288 581 II.

243 639 383 702 procos.
401 643 447 682 ex
464 620 673 683 Macedonia
690 632 723 680 et
741 640 821 701 rege
837 623 942 683 Perse
955 643 1018 700 per
1034 620 1190 682 triduum
1202 624 1288 684 1111.

246 726 313 787 ΙΙΙ.
340 723 453 804 pridie
479 727 527 788 K.
558 725 695 785 Decem.
723 723 766 797 (i.
796 743 825 784 e.
859 733 974 805 quarto
996 733 1027 784 et
1050 722 1146 785 terlio
1178 721 1228 784 die
1260 733 1290 784 et

246 824 350 908 pridie
369 837 440 887 ante
461 824 537 888 Kal.
560 825 656 901 Dec.)
677 825 890 907 triumphum
911 825 993 907 egit.

311 929 463 991 Valerius
493 929 589 990 Max.
616 926 644 999 5,
671 929 721 988 10.
747 927 778 988 9.
824 927 994 989 Aemilius
1024 931 1165 991 Pauline
1201 949 1290 990 nunu

235 1032 444 1124 felicissimi
470 1050 559 1091 nunc
589 1029 779 1091 miserrimi
796 1030 908 1110 patrie
932 1030 1129 1092 clarissima
1152 1053 1290 1113 reprae-

246 1137 405 1200 sentatio.
447 1137 508 1198 Ex
537 1145 687 1216 qtmtuor
709 1131 804 1206 filiis
820 1130 973 1221 formae
997 1134 1166 1216 insignis,
1192 1157 1290 1217 egre-

246 1240 326 1322 giae
349 1239 487 1312 indolis,
516 1237 603 1298 duoe
626 1235 701 1296 iure
728 1235 925 1315 adoptionis
948 1236 983 1297 in
1012 1239 1207 1300 Corneliam
1227 1243 1289 1300 Fa·

246 1343 402 1424 triamque
425 1352 562 1422 gentem
582 1340 773 1399 translatos
796 1338 860 1400 eibi
883 1339 956 1418 ipse
980 1339 1171 1421 denegavit,
1202 1341 1290 1402 duoe

248 1445 279 1508 ei
291 1444 454 1536 fortuna
478 1442 632 1504 abstulit.
676 1444 834 1522 Quorum
865 1444 954 1502 alter
986 1442 1199 1524 triumphum
1227 1465 1289 1524 pa-

247 1549 312 1610 trie
327 1545 467 1636 funere
490 1567 555 1607 euo
575 1553 738 1627 quartum
762 1544 955 1605 antediem
975 1546 1178 1626 praecessit,
1201 1549 1289 1607 alter

246 1652 281 1716 in
312 1649 515 1730 triumphali
544 1668 651 1707 curru
684 1658 885 1726 conspectus
914 1660 994 1727 poet
1032 1648 1122 1709 diem
1149 1648 1290 1710 tertium

247 1751 452 1835 exspiravit.
498 1754 607 1831 Quem
629 1768 747 1809 eaeum
774 1770 842 1830 quo
865 1749 987 1811 robore
1007 1749 1115 1812 animi
1137 1751 1289 1812 uestinu-

248 1856 337 1931 erit,
374 1854 591 1924 oratione,
631 1874 753 1935 quam
790 1853 836 1912 de
874 1852 998 1913 rebus
1028 1874 1051 1914 a
1076 1873 1117 1914 ee
1149 1855 1288 1934 gestie

247 1959 359 2041 apud
382 1959 587 2038 populum
616 1955 783 2027 habuit,
811 1957 899 2016 hane
923 1955 1121 2017 adiiciendo
1151 1958 1287 2018 clausu·

193 2099 214 2118 κ
247 2064 316 2123 lum
346 2061 430 2123 nulli
459 2061 660 2140 ambiguum
695 2057 855 2141 reliquit:
894 2062 995 2122 Cum
1027 2059 1071 2120 in
1105 2058 1290 2121 maximo

245 2161 735 2251 prouentufelieitutir
763 2173 961 2235 nostrae,
994 2161 1208 2243 Quirites,
1239 2162 1288 2223 ti·

249 2290 412 2340 merem,
441 2263 601 2348 nequid
627 2264 726 2326 mali
750 2263 934 2345 fortuna
954 2264 1197 2338 moliretur,
1222 2268 1283 2329 Io·

249 2394 332 2435 vern
360 2370 566 2452 optimum
595 2367 828 2430 maximum
860 2370 1148 2450 Iunonemque
1180 2367 1287 2450 regi·

248 2497 341 2538 nam
370 2485 408 2537 et
435 2473 680 2536 Minervam
703 2481 910 2551 precatus
932 2491 1041 2545 sum,
1067 2482 1131 2544 ut,
1161 2473 1198 2532 si
1220 2470 1287 2532 ud-

247 2578 360 2643 verei
392 2578 494 2661 quid
525 2577 685 2658 populo
721 2593 899 2635 romano
934 2573 1193 2649 immineret,
1229 2586 1288 2636 to.

248 2697 332 2745 tum
362 2682 401 2742 in
437 2700 565 2742 meam
599 2679 764 2739 domum
795 2688 1136 2738 converteretur.
1181 2680 1288 2757 Quo·

246 2796 429 2868 propter
461 2782 562 2843 bene
597 2780 740 2849 habet;
774 2779 1004 2840 annuendo
1037 2778 1146 2839 enim
1176 2779 1285 2840 uotis

249 2888 355 2952 meie
391 2883 433 2946 id
464 2893 663 2964 egerunt,
705 2893 747 2943 ut
782 2901 852 2942 voe
878 2879 1025 2960 potius
1061 2901 1190 2942 meum
1223 2903 1287 2942 ca·

249 3012 339 3055 eum
369 2985 563 3050 doleatis
597 3004 720 3067 quam
753 3004 832 3064 ego
863 2991 1006 3044 vestro
1037 2980 1288 3063 ingemisce·

248 3116 427 3258 ΝΗ’ἷιίνίιιε
454 3194 511 3257 lib.
540 3196 590 3268 215,
615 3194 667 3254 110.
713 3191 781 3256 sed
806 3210 875 3250 non
902 3192 1047 3252 Perseus
1071 3203 1207 3254 tantum
1226 3212 1290 3272 per

248 3303 326 3364 illos
350 3300 422 3361 dies
444 3299 685 3358 documentum
711 3297 945 3354 humanorum
968 3314 1112 3358 casuum
1125 3292 1230 3384 fuit,
1254 3292 1290 3354 in

248 3403 377 3466 eatenis
405 3413 484 3462 ante
512 3420 653 3462 currum
685 3396 824 3458 victorie
853 3394 951 3458 ducis
976 3419 1042 3478 per
1071 3397 1187 3460 rudem
1211 3399 1290 3458 hoe-

249 3507 335 3568 tium
362 3505 504 3576 duetus,
530 3501 591 3564 sed
615 3500 719 3563 etiam
746 3498 855 3560 victor
881 3501 1022 3562 Paullus
1046 3519 1136 3561 auro
1157 3519 1291 3579 purpu-

249 3629 355 3691 raque
369 3604 535 3690 fulgens.
582 3606 676 3668 Nam
705 3601 838 3664 duobue
860 3600 1010 3676 efiliie,
1043 3620 1128 3683 quoe
1157 3599 1290 3662 duobus

249 3709 341 3772 datie
364 3709 399 3770 in
425 3708 646 3790 adoptionem
675 3708 768 3767 soloe
797 3702 947 3764 nominis
974 3721 1156 3763 sacrorum
1168 3697 1288 3788 fumi·

247 3815 379 3895 liaeque
405 3811 545 3873 heredes
573 3810 764 3872 retinuerat
791 3804 905 3876 domi,
942 3802 1056 3865 minor
1069 3800 1197 3893 ferme
1220 3807 1296 3868 XII

247 3937 358 3978 annor
382 3925 501 3988 natue,
526 3912 673 3995 quinque
699 3906 818 3969 diebus
845 3917 925 3965 ante
951 3903 1188 3987 triumphum,
1220 3927 1291 3967 mu·

247 4020 302 4082 ior
325 4021 415 4083 XIV
435 4036 607 4078 annorum
636 4011 756 4073 triduo
778 4018 858 4088 post
884 4005 1097 4089 triumphum
1123 4008 1289 4081 decessit,

248 4144 333 4204 quoe
357 4128 600 4202 praetextatos
626 4134 734 4174 curru.
758 4112 834 4172 vehi
859 4133 937 4172 eum
957 4123 1078 4192 putre,
1106 4111 1172 4174 eibi
1197 4112 1291 4192 ipsos

248 4224 377 4286 similes
400 4219 699 4304 praedestinantee
722 4213 915 4296 triumphos
939 4225 1155 4295 oportuerat.
1201 4217 1290 4277 Pau·

248 4327 296 4387 eie
316 4337 397 4406 post
425 4324 542 4385 dielrue
569 4321 651 4383 datu
674 4339 697 4379 a
724 4319 776 4381 M.
801 4317 956 4381 Antonio
978 4315 1116 4379 tribuno
1139 4317 1293 4394 pleon·
