2992 4844
1156 376 1215 442 279

168 531 520 599 nonnullamhaberet
534 530 699 594 inuidiam
729 555 775 594 ear
808 553 859 607 eo,
884 534 978 617 quoti
1001 534 1215 619 Phrygionis

168 635 323 718 Pompeii
366 634 544 715 locupletis
580 635 729 698 hominis
772 635 861 698 hona
902 635 977 698 siue
1010 647 1214 700 testamento

165 738 388 822 possederat,
420 736 619 818 sederetque
650 737 849 799 advocatus
869 759 929 800 reo
950 739 1103 813 Bestiae,
1136 760 1214 801 cum

156 840 282 932 finnus
304 839 477 923 quoddam
511 840 712 914 duceretur,
741 851 923 902 accusator
948 843 986 904 G.
1014 841 1213 917 Memmius,

169 944 256 1016 vide,
279 941 401 1024 inquit,
426 945 566 1016 Scauro,
594 953 752 1005 mortuus
775 941 932 1022 rapitur,
961 943 992 1004 si
1014 955 1114 1024 potes
1141 964 1214 1006 esse

168 1065 359 1128 possessor.

235 1145 307 1209 Cic.
325 1146 420 1207 Brut.
441 1143 493 1206 31.
538 1149 580 1208 L.
604 1146 721 1209 Bestia
744 1146 842 1208 bonis
862 1146 972 1209 initiis
987 1167 1088 1212 orsas
1106 1145 1214 1209 trihu·

169 1259 292 1322 natus,
310 1247 363 1308 uir
382 1258 416 1308 et
447 1268 527 1308 acer
557 1259 590 1309 et
614 1268 682 1310 non
713 1248 921 1320 indisertus,
949 1249 1066 1311 tristes
1091 1250 1210 1311 habuit

166 1350 285 1413 exitus
301 1350 519 1411 consulatus:
535 1369 615 1409 nam
641 1349 810 1411 inuidiosa
834 1353 908 1431 lege
922 1351 1085 1415 Mamilia
1105 1371 1211 1434 quae·

168 1453 280 1516 stione
301 1454 338 1516 G.
366 1451 512 1513 Galbam
534 1452 747 1513 sacerdotem
776 1463 809 1513 et
834 1465 985 1535 quatuor
1011 1455 1210 1514 consulares

169 1559 211 1618 L.
222 1553 386 1626 Bestiam,
404 1555 442 1616 G.
457 1556 631 1625 Catonem,
653 1555 712 1634 Sp.
733 1555 895 1617 Albinum
917 1567 950 1616 et
967 1558 1008 1617 L.
1025 1556 1212 1636 Opimium,

169 1655 316 1720 Gracchi
334 1652 608 1742 interfectorem,
626 1656 819 1718 Gracchani
840 1656 969 1719 iudices
987 1658 1213 1719 sustulerunt.

232 1759 341 1839 Atque
364 1756 494 1818 Ellendt
516 1767 605 1836 putat
627 1779 660 1837 p.
684 1758 792 1830 LXI,
818 1759 1004 1820 Memmium
1027 1779 1090 1820 non
1110 1757 1213 1820 solum

170 1858 331 1934 Bestiam,
356 1861 411 1920 sed
436 1879 493 1920 una
525 1861 634 1919 eadem
660 1859 731 1940 lege
755 1859 903 1922 Mamilia
927 1860 967 1924 C.
994 1845 1146 1933 Galbam,
1172 1860 1214 1922 L.

171 1959 345 2041 Opimium,
370 1962 428 2041 Sp.
452 1960 605 2021 Albinum
634 1958 665 2022 in
694 1960 843 2024 iudicium
871 1961 1053 2026 vacavisse:
1078 1961 1111 2022 hi
1134 1960 1215 2024 enim

170 2082 280 2126 omnes
303 2074 378 2144 tune
401 2065 640 2124 damnabantur.

451 2342 480 2400 3.
520 2343 668 2398 Dissuasto
692 2340 763 2411 tegis
785 2340 933 2398 Serviliae.

237 2469 352 2534 Oratio
372 2470 456 2534 dieta
487 2482 535 2534 est
563 2493 593 2533 a.
625 2471 688 2532 618
720 2471 821 2547 (tos).
848 2470 976 2531 Ellendt
998 2490 1031 2548 p.
1049 2467 1214 2530 LXXIII.

170 2584 278 2656 putat,
308 2571 349 2636 C.
377 2572 565 2636 Memmium
590 2571 772 2634 discussisse
807 2574 910 2654 legem
945 2569 1140 2632 iudiciariam
1171 2569 1213 2648 Q.

172 2672 304 2735 Servilii
327 2673 502 2756 Caepionis
522 2671 660 2735 consulis
683 2695 712 2735 a.
741 2673 802 2734 6118
825 2675 924 2751 (106),
948 2683 1122 2756 contraque
1143 2691 1217 2734 ora-

169 2773 289 2838 tionem
309 2775 374 2837 eius
395 2797 431 2838 ea
451 2775 534 2837 dicta
555 2794 637 2850 esse,
661 2796 742 2860 quae
769 2797 810 2838 ex
836 2775 954 2839 Crassi
980 2773 1136 2836 oratione
1155 2791 1217 2852 pro

170 2876 244 2959 lege
263 2876 400 2941 Servitia
423 2898 475 2958 ap.
502 2876 575 2939 Cic.
607 2879 646 2938 de
670 2878 765 2940 Orat.
797 2877 834 2952 i,
859 2878 899 2939 59
921 2887 952 2938 et
975 2877 1026 2936 66.
1055 2876 1216 2956 leguntur.

170 2982 206 3042 Iu
229 2981 338 3043 eadem
361 2991 423 3041 stat
445 2977 598 3042 sententia
618 2978 821 3041 Drumauuus
842 2990 867 3039 t.
889 2980 922 3038 1.
947 2998 983 3058 p.
1008 2977 1058 3044 63.

424 3245 454 3301 tt.
495 3244 593 3302 Oratio
613 3261 666 3317 pro
685 3259 717 3301 se
739 3243 976 3315 repetundarum.

236 3385 286 3447 Ea
302 3405 394 3447 causa
407 3394 477 3446 acta
492 3395 540 3446 est
561 3406 590 3448 a.
612 3385 671 3447 661
695 3385 798 3464 (103).
844 3379 1016 3446 Memmius
1032 3391 1215 3460 postprae·

171 3496 273 3548 turam
288 3488 535 3566 repetundarum
551 3486 741 3566 postulatur,
766 3487 823 3547 sed
844 3485 1007 3546 absolutus
1024 3492 1080 3543 est.
1103 3481 1216 3543 Valer.

173 3587 269 3648 Max.
294 3587 331 3659 8,
354 3588 391 3660 6,
416 3587 447 3648 2.
501 3586 619 3650 Cicero
652 3607 714 3667 pro
740 3585 879 3649 Fonteio
914 3588 947 3658 7,
986 3586 1036 3644 llt.
1072 3583 1110 3644 In
1143 3580 1221 3644 edit.

172 3687 285 3768 priore
298 3687 487 3769 fragmenta,
500 3709 582 3773 quae
593 3699 779 3770 sequuntur,
794 3685 867 3746 huic
880 3683 1017 3746 orationi
1028 3682 1220 3754 inserebam,

174 3791 230 3850 sed
247 3809 329 3850 nuno
344 3788 397 3850 alii
420 3789 555 3863 oratori,
578 3792 616 3851 de
640 3809 706 3872 quo
731 3785 815 3850 iufra
839 3785 989 3862 dicemus,
1014 3783 1224 3848 adscribenda

173 3897 268 3970 puto.

238 3989 410 4052 Suetonius
439 3989 518 4052 Vita
550 3988 693 4053 Terentii
729 4011 759 4052 c.
797 3988 830 4051 3.
892 3989 934 4068 Q.
967 3982 1155 4049 Memmius
1188 3978 1225 4040 in
1259 4041 1292 4058 *-

172 4092 331 4154 oratione
349 4112 419 4173 pro
445 4111 481 4152 se
510 4090 579 4152 ait:
612 4092 651 4153 P.
679 4088 894 4179 Africanus,
923 4086 982 4167 qui
1010 4105 1033 4144 a
1059 4079 1223 4144 Terentio

170 4213 358 4274 personam
380 4201 577 4264 mutuatus,
602 4209 690 4273 quae
711 4189 806 4254 domi
824 4191 956 4250 luserat
977 4183 1061 4264 ipse,
1087 4179 1225 4244 nomine

172 4293 267 4358 illius
288 4292 326 4358 in
350 4311 487 4356 scenam
512 4289 645 4354 detulit.
