2992 4844
1194 367 1254 432 stt

200 541 347 604 terrens,
365 527 580 613 supplicans,
605 547 742 590 summa
764 523 937 590 orationis
960 523 1136 600 varietate,
1160 527 1256 588 nulla

201 643 405 695 nostrarum
426 630 566 693 ararium
587 629 757 692 satietate.

265 749 410 815 Velleius
434 753 472 826 2,
500 753 531 815 9.
576 751 708 814 Eodem
728 762 843 812 tractu
865 761 1058 833 temporum
1075 750 1255 814 nituerunt

203 867 360 918 oratores
386 855 501 934 Scipio
533 853 749 914 Aemilianus
780 853 1001 937 Laeliusque,
1025 858 1099 918 Ser.
1130 855 1250 930 Galba,

206 957 276 1019 duo
291 948 458 1029 Gracchi,
484 959 519 1020 C.
547 955 709 1028 Fannius,
735 956 846 1018 Carbo
870 955 1045 1036 Papirius,
1072 978 1131 1018 nec
1150 979 1254 1039 prae-

202 1059 390 1122 tereundus
408 1045 573 1121 Metellus
605 1057 812 1122 Numidicus
842 1069 874 1119 et
905 1061 1081 1134 Scaurus,
1110 1071 1144 1121 et
1174 1071 1254 1121 ante

203 1181 321 1223 omnes
340 1164 381 1222 L.
410 1164 559 1223 Crassus
588 1171 621 1221 et
652 1161 707 1223 M.
739 1149 924 1223 Antonius.
970 1165 1127 1244 Quorum
1147 1161 1255 1224 aetati

202 1262 417 1346 ingeniisque
429 1284 622 1324 successere
646 1266 683 1326 C.
701 1267 830 1326 Caesar
845 1264 990 1335 Strabo,
1009 1267 1048 1326 P.
1066 1263 1251 1346 Sulpicius.

267 1381 418 1443 Valerius
456 1383 552 1444 Max.
591 1383 625 1456 b,
658 1384 694 1456 8,
729 1387 758 1444 1.
812 1386 868 1446 Μ.
904 1382 1077 1446 Antonius
1109 1405 1254 1446 anorum

204 1496 406 1547 nostrorum
432 1485 642 1565 temporibus
667 1485 881 1547 clarissimus
907 1497 1036 1548 orator.

269 1584 462 1648 Macrobius
485 1586 642 1648 saturnal.
673 1588 707 1661 5,
736 1590 767 1649 1.
812 1591 899 1650 Sunt
927 1587 999 1648 stili
1022 1586 1158 1649 dicendi
1185 1586 1255 1670 duo

205 1687 339 1770 dispari
355 1688 548 1749 moralitate
573 1689 710 1762 diversi,
738 1709 827 1749 unus
846 1701 896 1750 est
917 1701 1075 1750 maturus
1091 1700 1123 1750 et
1137 1689 1256 1770 gravis

206 1791 319 1874 qualis
335 1793 463 1852 Crasso
477 1791 692 1872 assignatur,
710 1793 798 1852 alter
819 1791 897 1852 huic
916 1791 1113 1877 contrarius
1129 1791 1256 1852 ardens

205 1903 239 1955 et
261 1904 394 1954 erectus
414 1903 445 1958 et
469 1891 641 1980 irffensus,
661 1892 755 1976 quali
777 1904 828 1954 est
852 1914 935 1955 usus
957 1893 989 1954 A
997 1893 1190 1954 ntonius.

247 2035 250 2040 ·
270 2011 444 2074 Diomedes
460 2035 493 2092 p.
511 2012 584 2074 468.
621 2014 658 2075 Si
672 2013 706 2073 in
725 2012 1041 2102 penultimosaerit
1061 2013 1257 2098 tribrachys

212 2117 264 2176 vel
289 2115 453 2186 dacttilus,
479 2117 529 2175 vel
551 2115 792 2198 pyrrhichius,
820 2127 852 2176 et
883 2115 1086 2177 successerit
1117 2117 1166 2176 vel
1193 2115 1257 2176 tri-

207 2219 354 2300 brachys
375 2219 426 2277 vel
437 2217 661 2302 pyrrhichius
688 2220 738 2278 vel
764 2219 932 2278 molossus
955 2218 1005 2278 nel
1024 2226 1251 2296 anapaestus,

207 2317 274 2380 erit
289 2330 483 2392 structura,
503 2341 588 2402 quae
614 2321 664 2380 vel
687 2319 852 2379 delumbis
875 2319 1052 2409 oelfluxa
1075 2321 1127 2378 vel
1145 2317 1258 2379 mollis

209 2418 348 2481 dicitur.
392 2424 472 2503 Qua
495 2442 579 2482 usus
602 2419 729 2482 dicitur
752 2420 972 2482 Antonius
999 2419 1084 2481 mai
1091 2440 1149 2480 or.

273 2539 433 2602 Antonius
455 2541 523 2620 ipse
545 2539 645 2602 nullas
674 2538 835 2602 orationes
859 2538 994 2600 edidisse
1021 2537 1173 2612 traditur,
1201 2541 1257 2601 sed
1285 2537 1286 2542 ’

209 2637 414 2703 nihilomiuus
433 2653 496 2703 eta
523 2641 685 2703 Cicerone
702 2654 733 2703 et
754 2645 793 2702 ab
818 2641 889 2702 aliis
915 2642 998 2701 velut
1021 2640 1164 2721 exempla
1189 2640 1259 2704 elo·

209 2743 356 2827 quentiae
391 2765 484 2823 saepe
510 2745 695 2804 laudantur:
738 2742 863 2805 librarii
894 2742 976 2805 enim
1009 2764 1061 2804 eas
1092 2754 1145 2804 aut
1178 2741 1258 2806 inte-

210 2865 284 2930 gras
311 2857 363 2906 aut
385 2867 427 2907 ex
450 2858 540 2926 parte
565 2845 736 2908 memoriae
759 2846 969 2908 tradiderant.

274 2963 393 3030 Cicero
404 2965 439 3053 in
455 2967 595 3028 Oratore
608 2988 635 3032 c.
650 2967 701 3027 38.
737 2969 858 3028 Uterer
872 2965 1039 3046 exemplis
1048 2965 1257 3040 domesticis,

210 3067 278 3130 nisi
304 3085 345 3129 ea
379 3069 542 3150 legisses,
579 3079 695 3129 uterer
729 3068 852 3129 alienis
878 3071 930 3128 vel
957 3068 1095 3141 latinis,
1126 3068 1157 3130 si
1187 3070 1260 3130 ulla

211 3170 411 3250 reperirem.
458 3170 525 3233 Sed
551 3171 670 3233 Crassi
692 3191 869 3250 perpauca
891 3181 987 3241 sunt,
1015 3191 1075 3231 nec
1101 3191 1143 3232 ea
1170 3170 1260 3232 iudi·

210 3270 357 3345 ciorum,
378 3271 464 3336 nihil
490 3272 651 3346 Antonii,
675 3272 761 3334 nihil
782 3275 919 3346 Cottae,
948 3271 1034 3334 nihil
1058 3272 1213 3354 Sulpicii.

276 3390 396 3455 Cicero
418 3413 450 3470 p.
474 3391 622 3456 Cluentio
650 3393 703 3454 50.
748 3392 932 3454 Hominem
956 3392 1175 3473 ingeniosum
1203 3395 1259 3456 M.

211 3493 402 3556 Antonium
418 3492 516 3554 aiunt
531 3494 671 3556 solitum
693 3515 767 3556 esse
789 3493 913 3567 dicere,
935 3494 1063 3556 idcirco
1078 3517 1114 3556 se
1130 3497 1261 3556 nullam

211 3613 374 3677 umquam
393 3594 580 3658 orationem
598 3596 794 3676 scripsisse,
819 3607 858 3657 ut
889 3596 920 3657 si
948 3596 1031 3678 quid
1057 3597 1257 3679 aliquando,

212 3697 304 3777 quod
326 3715 394 3757 non
415 3717 502 3777 aprus
530 3709 626 3772 esset,
660 3697 703 3758 ab
731 3715 765 3757 se
786 3709 876 3780 esset
908 3697 1055 3772 dictum,
1085 3710 1203 3780 posset
1225 3717 1260 3759 se

214 3815 343 3876 negare
365 3797 512 3859 dixisse.

277 3897 428 3961 Valerius
453 3901 546 3961 Max.
576 3901 612 3974 7,
647 3899 686 3974 3,
715 3900 747 3960 5.
792 3901 963 3964 Antonius
990 3900 1119 3962 idcirco
1148 3898 1262 3960 aiebat

213 4000 344 4061 nullam
374 4000 567 4063 orationem
597 3999 791 4080 scripsisse,
824 4013 894 4075 ut„
916 4003 946 4063 si
977 4001 1060 4083 quid
1082 3997 1260 4079 superiore

212 4097 343 4163 iudicio
363 4113 479 4162 actum
501 4101 543 4173 ei,
572 4121 671 4183 quem
694 4113 817 4180 postea
836 4100 1045 4189 defensurus
1069 4111 1170 4170 esset,
1198 4121 1260 4162 no·

212 4201 366 4264 citarum
377 4201 504 4290 foret,
529 4200 750 4264 nondictum
772 4223 795 4262 a
820 4222 853 4263 se
874 4201 1068 4291 cfffirmare
1087 4213 1217 4283 posset.
1266 4258 1268 4262 .

278 4302 354 4368 Cic.
379 4304 482 4367 Bruto
514 4304 568 4366 tt.
622 4303 750 4365 Vellem
775 4301 907 4385 aliquid
938 4300 1091 4366 Antonio
1118 4314 1261 4386 praeter
