2966 4842
264 361 323 426 ili

265 539 373 582 verum
388 516 557 600 Capitonis
579 529 657 592 erat,
680 521 718 580 de
733 537 800 601 quo
822 516 919 597 paulo
935 527 1009 597 post
1025 513 1178 580 dicemus.
1194 517 1318 582 Seneca

265 619 428 686 Controv.
442 642 474 701 p.
487 621 561 682 353.
578 621 746 684 Amabam
756 619 975 701 Capitonem,
993 618 1091 680 cuius
1106 619 1316 687 declamatio

263 735 315 788 est
336 724 383 786 de
405 724 599 804 Popillio
623 725 719 799 hoec,
743 743 830 806 quae
854 742 929 785 meo
951 721 1098 784 Latroni
1122 721 1316 786 subiicitur.

339 863 367 921 3.
388 863 566 919 Declamatio
587 864 758 934 deceptore
778 865 888 933 patrem
908 875 991 916 sunm
1012 865 1239 916 consecrante.

327 995 447 1056 Extant
471 1005 623 1076 excerpta
645 994 782 1056 eiusdem
806 989 1042 1056 declamationis
1063 994 1146 1073 apud
1159 991 1312 1054 Senecam

264 1095 427 1160 Controv.
444 1096 468 1159 i.
486 1097 517 1172 2,
537 1099 587 1159 tt.
605 1119 638 1179 p.
658 1097 731 1158 175.

328 1225 464 1308 Quintil.
489 1228 527 1302 9,
552 1227 587 1300 2,
615 1227 667 1288 91.
713 1229 822 1290 Latro
854 1225 980 1308 optime
1010 1225 1161 1306 „occides
1182 1224 1313 1306 ιινςοῗὶα

264 1329 317 1402 ,Si
336 1339 493 1410 poter0.“

558 1467 586 1526 t.
608 1469 786 1526 Declamatio
804 1469 833 1523 in
854 1467 1021 1524 Salustium.

327 1601 427 1662 Extat
449 1599 637 1664 declamatio
667 1600 699 1662 iu
728 1599 917 1677 Salustium,
948 1619 1040 1684 quam
1067 1596 1121 1660 alii
1143 1595 1313 1668 Ciceroni,

266 1700 318 1764 alii
341 1701 478 1765 Latroni
502 1701 704 1764 vindicabant
728 1701 794 1764 sine
819 1701 1007 1765 auctoritate
1031 1699 1191 1763 codicum.

412 1841 440 1898 5.
471 1840 648 1898 Declamatio
668 1845 768 1900 centra
789 1842 822 1898 L.
845 1841 975 1914 Sergium
997 1840 1160 1898 Catilinam.

326 1971 437 2034 Eidem
463 1970 598 2034 Latroni
622 1994 638 2033 a
663 1970 811 2036 Conrado
834 1971 966 2056 aliisque
990 1972 1155 2034 tribuitur.

665 2139 780 2197 CXVll.
805 2140 910 2212 Capito.

327 2255 372 2316 De
389 2250 549 2334 Capitone
572 2252 650 2316 nihil
667 2265 886 2334 compertum:
913 2253 1036 2316 incerta
1058 2251 1140 2315 enim
1163 2273 1217 2327 ea,
1234 2272 1315 2334 quae

267 2354 299 2417 in
329 2353 414 2418 libro
437 2359 492 2420 De
523 2358 609 2418 clar.
644 2377 701 2438 ap.
725 2360 805 2419 Sen.
830 2358 932 2428 rhet„
952 2353 1114 2438 congessit
1147 2355 1311 2417 Schottus.

263 2477 371 2520 verum
389 2456 530 2520 Atteium
556 2456 747 2540 Capitonem
763 2479 830 2521 esse
846 2479 932 2534 reor,
958 2457 1046 2520 cuius
1075 2455 1215 2519 meminit
1235 2457 1315 2518 Sue-

262 2557 368 2622 tonius
395 2563 433 2622 de
459 2559 503 2624 iit.
530 2573 711 2643 grammati.
741 2583 770 2623 c.
793 2559 847 2621 22.

326 2663 445 2725 Seneca
469 2661 632 2726 Controv.
657 2662 678 2727 l.
706 2664 738 2725 5.
760 2661 871 2726 Praef.
895 2683 929 2743 p.
955 2661 1027 2727 353.
1057 2661 1228 2725 Amabam
1246 2663 1312 2724 Ca-

258 2765 424 2846 pitonem,
449 2764 546 2828 cuins
569 2765 773 2828 declamatio
796 2777 847 2827 est
869 2764 910 2826 de
932 2765 1080 2846 Popillio
1102 2767 1202 2839 haec,
1227 2761 1315 2846 quae

262 2888 338 2930 meo
360 2865 506 2930 Latroni
535 2869 733 2932 subiicitur:
766 2868 855 2930 bono
874 2865 955 2944 fide
977 2866 1200 2928 scholasticus
1221 2876 1312 2926 erat.

261 2972 302 3034 ln
324 2969 377 3033 lais
399 2970 716 3046 declamationibus,
741 2993 827 3055 qaae
850 2971 901 3034 illi
916 2973 997 3034 bene
1012 2979 1208 3043 cesserant,
1229 2968 1316 3028 nulli

261 3091 329 3133 non
351 3084 430 3152 post
456 3073 609 3155 primurn
633 3075 819 3137 tetradiam
840 3071 1112 3166 praeferendus.
1158 3069 1314 3134 Primum

262 3175 448 3236 tetradiam
460 3197 607 3258 qnorum
617 3176 767 3258 faciam,
785 3177 977 3260 quaeritis?
998 3174 1174 3248 Latronis,
1201 3171 1313 3244 Fusci,

263 3274 405 3351 Albutii,
431 3277 611 3340 Gallionis.

292 3421 405 3477 primum
424 3421 570 3482 tetradiam]
609 3426 718 3481 Quatuor
741 3426 861 3479 rhetores,
883 3430 923 3482 qui
942 3426 1043 3468 interime
1063 3422 1227 3480 excellebant,
1247 3424 1317 3464 erant

331 3509 365 3557 Μ.
388 3510 491 3556 Porcius
511 3511 595 3565 Latro,
617 3513 722 3556 Arellius
742 3513 842 3566 Fuscus,
864 3511 892 3560 C.
912 3511 1027 3557 Albucius
1046 3512 1120 3564 Silus,
1141 3511 1224 3553 lunius
1234 3507 1316 3551 Gallio

331 3609 406 3659 pater.

324 3723 417 3784 Patet
439 3743 481 3784 ex
505 3726 645 3800 Seneca,
670 3720 860 3804 Capitonem
896 3717 1064 3804 reliquisse
1095 3713 1317 3778 declamatio-

262 3845 338 3888 nem
360 3825 401 3886 de
425 3825 587 3907 Popillio,
613 3824 787 3890 Ciceronis
810 3821 1036 3894 interfectore,
1067 3840 1148 3903 quae
1178 3826 1318 3897 propter

260 3928 448 4005 bonitatem,
471 3925 607 4009 opinor,
634 3938 746 4008 postea
768 3924 868 4008 vulgo
891 3922 1012 3986 Porcio
1032 3917 1172 3982 Latroni
1196 3917 1319 3979 tributa

259 4042 315 4097 est.
361 4030 504 4094 Aliarum
533 4030 570 4091 de
594 4029 704 4090 eodem
730 4025 877 4109 Popillio
913 4022 1177 4088 declamationum
1206 4018 1320 4081 memi-

260 4131 306 4193 nit
329 4133 448 4195 Seneca
473 4132 504 4195 in
530 4131 693 4196 Controv.
719 4127 772 4192 17.
798 4147 833 4210 p.
856 4127 927 4192 139.
