<?xml version="1.0" encoding="UTF-8"?>
<!DOCTYPE html PUBLIC "-//W3C//DTD XHTML 1.0 Transitional//EN"
    "http://www.w3.org/TR/xhtml1/DTD/xhtml1-transitional.dtd">
<html xmlns="http://www.w3.org/1999/xhtml" xml:lang="en" lang="en">
 <head>
  <title>
</title>
<meta http-equiv="Content-Type" content="text/html;charset=utf-8" />
  <meta name='ocr-system' content='tesseract 3.04.00' />
  <meta name='ocr-capabilities' content='ocr_page ocr_carea ocr_par ocr_line ocrx_word'/>
</head>
<body>
  <div class='ocr_page' id='page_1' title='image "./oratorumromanor02meyegoog_0572.png"; bbox 0 0 2966 4842; ppageno 0'>
   <div class='ocr_carea' id='block_1_1' title="bbox 262 363 323 429">
    <p class='ocr_par' dir='ltr' id='par_1_1' title="bbox 262 363 323 429">
     <span class='ocr_line' id='line_1_1' title="bbox 262 363 323 429; baseline -0.033 0"><span class='ocrx_word' id='word_1_1' title='bbox 262 363 323 429; x_wconf 72' lang='lat' dir='ltr'><strong><em>stt</em></strong></span> 
     </span>
    </p>
   </div>
   <div class='ocr_carea' id='block_1_2' title="bbox 266 513 1324 1914">
    <p class='ocr_par' dir='ltr' id='par_1_2' title="bbox 266 513 1324 1308">
     <span class='ocr_line' id='line_1_2' title="bbox 266 513 1324 606; baseline -0.004 -24"><span class='ocrx_word' id='word_1_2' title='bbox 266 513 522 606; x_wconf 77' lang='grc' dir='ltr'><strong>ῥητορικήν.</strong></span> <span class='ocrx_word' id='word_1_3' title='bbox 565 515 690 579; x_wconf 87' lang='lat' dir='ltr'><strong><em>Deinde</em></strong></span> <span class='ocrx_word' id='word_1_4' title='bbox 713 533 778 578; x_wconf 86' lang='lat' dir='ltr'><strong><em>uon</em></strong></span> <span class='ocrx_word' id='word_1_5' title='bbox 807 535 883 578; x_wconf 78' lang='lat' dir='ltr'><strong><em>rara</em></strong></span> <span class='ocrx_word' id='word_1_6' title='bbox 916 515 996 578; x_wconf 82' lang='lat' dir='ltr'><strong><em>alios</em></strong></span> <span class='ocrx_word' id='word_1_7' title='bbox 1026 516 1204 592; x_wconf 75' lang='lat' dir='ltr'><strong><em>accusavit,</em></strong></span> <span class='ocrx_word' id='word_1_8' title='bbox 1235 519 1324 582; x_wconf 78' lang='lat' dir='ltr'><strong><em>alios</em></strong></span> 
     </span>
     <span class='ocr_line' id='line_1_3' title="bbox 269 614 1323 699; baseline -0.001 -17"><span class='ocrx_word' id='word_1_9' title='bbox 269 619 302 683; x_wconf 86' lang='lat' dir='ltr'><strong><em>in</em></strong></span> <span class='ocrx_word' id='word_1_10' title='bbox 323 617 444 681; x_wconf 88' lang='lat' dir='ltr'><strong><em>iudicio</em></strong></span> <span class='ocrx_word' id='word_1_11' title='bbox 474 615 630 691; x_wconf 83' lang='lat' dir='ltr'><strong>defendit,</strong></span> <span class='ocrx_word' id='word_1_12' title='bbox 660 614 758 678; x_wconf 87' lang='lat' dir='ltr'><strong><em>veluti</em></strong></span> <span class='ocrx_word' id='word_1_13' title='bbox 789 637 905 699; x_wconf 82' lang='lat' dir='ltr'><strong><em>regem</em></strong></span> <span class='ocrx_word' id='word_1_14' title='bbox 928 619 1136 682; x_wconf 73' lang='lat' dir='ltr'><strong><em>Archelaum</em></strong></span> <span class='ocrx_word' id='word_1_15' title='bbox 1164 621 1208 697; x_wconf 89' lang='lat' dir='ltr'><strong><em>(v.</em></strong></span> <span class='ocrx_word' id='word_1_16' title='bbox 1232 621 1323 687; x_wconf 86' lang='lat' dir='ltr'><strong><em>Suet.</em></strong></span> 
     </span>
     <span class='ocr_line' id='line_1_4' title="bbox 268 718 1323 804; baseline 0 -21"><span class='ocrx_word' id='word_1_17' title='bbox 268 719 348 784; x_wconf 87' lang='lat' dir='ltr'><strong>Tib.</strong></span> <span class='ocrx_word' id='word_1_18' title='bbox 371 720 401 786; x_wconf 85' lang='grc'><strong>8.</strong></span> <span class='ocrx_word' id='word_1_19' title='bbox 424 718 581 793; x_wconf 76' lang='grc' dir='ltr'><strong>Βίο.ι57,</strong></span> <span class='ocrx_word' id='word_1_20' title='bbox 607 720 691 794; x_wconf 85' lang='grc'><strong>17.),</strong></span> <span class='ocrx_word' id='word_1_21' title='bbox 718 718 915 780; x_wconf 69' lang='lat' dir='ltr'><strong><em>Trallianos</em></strong></span> <span class='ocrx_word' id='word_1_22' title='bbox 936 729 968 780; x_wconf 84' lang='lat' dir='ltr'><strong><em>ct</em></strong></span> <span class='ocrx_word' id='word_1_23' title='bbox 990 721 1188 794; x_wconf 83' lang='lat' dir='ltr'><strong><em>Thessalos,</em></strong></span> <span class='ocrx_word' id='word_1_24' title='bbox 1220 732 1323 804; x_wconf 80' lang='lat' dir='ltr'><strong><em>atque</em></strong></span> 
     </span>
     <span class='ocr_line' id='line_1_5' title="bbox 267 818 1322 905; baseline -0.002 -21"><span class='ocrx_word' id='word_1_25' title='bbox 267 842 329 904; x_wconf 87' lang='lat' dir='ltr'><strong><em>pro</em></strong></span> <span class='ocrx_word' id='word_1_26' title='bbox 358 821 580 894; x_wconf 89' lang='lat' dir='ltr'><strong><em>Laodicenis,</em></strong></span> <span class='ocrx_word' id='word_1_27' title='bbox 618 818 860 905; x_wconf 79' lang='lat' dir='ltr'><strong><em>Thyatirenis,</em></strong></span> <span class='ocrx_word' id='word_1_28' title='bbox 891 819 984 883; x_wconf 85' lang='lat' dir='ltr'><strong><em>Chiis</em></strong></span> <span class='ocrx_word' id='word_1_29' title='bbox 1014 831 1118 882; x_wconf 79' lang='lat' dir='ltr'><strong><em>terrae</em></strong></span> <span class='ocrx_word' id='word_1_30' title='bbox 1151 832 1239 884; x_wconf 86' lang='lat' dir='ltr'><strong><em>motu</em></strong></span> <span class='ocrx_word' id='word_1_31' title='bbox 1269 821 1322 883; x_wconf 82' lang='lat' dir='ltr'><strong><em>ai-</em></strong></span> 
     </span>
     <span class='ocr_line' id='line_1_6' title="bbox 267 919 1318 998; baseline -0.001 -14"><span class='ocrx_word' id='word_1_32' title='bbox 267 920 361 984; x_wconf 86' lang='lat' dir='ltr'><strong><em>flietis</em></strong></span> <span class='ocrx_word' id='word_1_33' title='bbox 381 919 414 984; x_wconf 89' lang='lat' dir='ltr'><strong><em>in</em></strong></span> <span class='ocrx_word' id='word_1_34' title='bbox 436 931 545 983; x_wconf 85' lang='lat' dir='ltr'><strong><em>senatu</em></strong></span> <span class='ocrx_word' id='word_1_35' title='bbox 576 919 752 983; x_wconf 84' lang='lat' dir='ltr'><strong><em>orationem</em></strong></span> <span class='ocrx_word' id='word_1_36' title='bbox 782 919 893 980; x_wconf 84' lang='lat' dir='ltr'><strong><em>habuit</em></strong></span> <span class='ocrx_word' id='word_1_37' title='bbox 921 919 999 998; x_wconf 90' lang='lat' dir='ltr'><strong><em>(Dio</em></strong></span> <span class='ocrx_word' id='word_1_38' title='bbox 1022 922 1080 994; x_wconf 86' lang='lat' dir='ltr'><strong><em>b&#39;l,</em></strong></span> <span class='ocrx_word' id='word_1_39' title='bbox 1106 923 1158 984; x_wconf 89' lang='grc'><strong>17.</strong></span> <span class='ocrx_word' id='word_1_40' title='bbox 1184 923 1318 985; x_wconf 82' lang='lat' dir='ltr'><strong><em>Sueten.</em></strong></span> 
     </span>
     <span class='ocr_line' id='line_1_7' title="bbox 269 1021 1320 1102; baseline -0.001 -17"><span class='ocrx_word' id='word_1_41' title='bbox 269 1024 345 1090; x_wconf 86' lang='lat' dir='ltr'><strong><em>Tib.</em></strong></span> <span class='ocrx_word' id='word_1_42' title='bbox 367 1022 428 1100; x_wconf 83' lang='lat'><strong><em>8.),</em></strong></span> <span class='ocrx_word' id='word_1_43' title='bbox 452 1032 484 1082; x_wconf 89' lang='lat' dir='ltr'><strong><em>et</em></strong></span> <span class='ocrx_word' id='word_1_44' title='bbox 505 1021 672 1084; x_wconf 84' lang='lat' dir='ltr'><strong><em>Fannium</em></strong></span> <span class='ocrx_word' id='word_1_45' title='bbox 694 1021 900 1102; x_wconf 81' lang='lat' dir='ltr'><strong><em>Caepionem</em></strong></span> <span class='ocrx_word' id='word_1_46' title='bbox 922 1021 1092 1083; x_wconf 77' lang='lat' dir='ltr'><strong><em>maiestatis</em></strong></span> <span class='ocrx_word' id='word_1_47' title='bbox 1124 1043 1211 1083; x_wconf 86' lang='lat' dir='ltr'><strong><em>reum</em></strong></span> <span class='ocrx_word' id='word_1_48' title='bbox 1240 1022 1320 1085; x_wconf 87' lang='lat' dir='ltr'><strong><em>fecit</em></strong></span> 
     </span>
     <span class='ocr_line' id='line_1_8' title="bbox 268 1121 1321 1206; baseline 0 -21"><span class='ocrx_word' id='word_1_49' title='bbox 268 1125 369 1204; x_wconf 85' lang='lat' dir='ltr'><strong><em>(Suet.</em></strong></span> <span class='ocrx_word' id='word_1_50' title='bbox 393 1121 469 1192; x_wconf 88' lang='lat' dir='ltr'><strong><em>Tib.</em></strong></span> <span class='ocrx_word' id='word_1_51' title='bbox 490 1122 523 1184; x_wconf 87' lang='lat'><strong><em>8.</em></strong></span> <span class='ocrx_word' id='word_1_52' title='bbox 551 1123 636 1203; x_wconf 83' lang='lat' dir='ltr'><strong><em>Aug.</em></strong></span> <span class='ocrx_word' id='word_1_53' title='bbox 664 1123 712 1187; x_wconf 82' lang='lat'><strong><em>19.</em></strong></span> <span class='ocrx_word' id='word_1_54' title='bbox 737 1121 802 1184; x_wconf 86' lang='lat' dir='ltr'><strong><em>Dia</em></strong></span> <span class='ocrx_word' id='word_1_55' title='bbox 827 1124 879 1199; x_wconf 76' lang='lat'><strong><em>54,</em></strong></span> <span class='ocrx_word' id='word_1_56' title='bbox 903 1123 935 1184; x_wconf 99' lang='grc'><strong>3.</strong></span> <span class='ocrx_word' id='word_1_57' title='bbox 981 1122 1125 1185; x_wconf 85' lang='lat' dir='ltr'><strong><em>Velleius</em></strong></span> <span class='ocrx_word' id='word_1_58' title='bbox 1148 1122 1172 1184; x_wconf 95' lang='lat' dir='ltr'><strong><em>l.</em></strong></span> <span class='ocrx_word' id='word_1_59' title='bbox 1197 1125 1227 1196; x_wconf 78' lang='lat'><strong><em>2,</em></strong></span> <span class='ocrx_word' id='word_1_60' title='bbox 1252 1121 1321 1206; x_wconf 83' lang='lat'><strong><em>91.)</em></strong></span> 
     </span>
     <span class='ocr_line' id='line_1_9' title="bbox 269 1221 1316 1308; baseline 0 -22"><span class='ocrx_word' id='word_1_61' title='bbox 269 1225 332 1288; x_wconf 85' lang='lat' dir='ltr'><strong><em>Sed</em></strong></span> <span class='ocrx_word' id='word_1_62' title='bbox 345 1225 429 1286; x_wconf 80' lang='lat' dir='ltr'><strong><em>haud</em></strong></span> <span class='ocrx_word' id='word_1_63' title='bbox 444 1222 572 1285; x_wconf 84' lang='lat' dir='ltr'><strong><em>videtur</em></strong></span> <span class='ocrx_word' id='word_1_64' title='bbox 583 1221 764 1304; x_wconf 81' lang='lat' dir='ltr'><strong><em>probabile,</em></strong></span> <span class='ocrx_word' id='word_1_65' title='bbox 785 1245 855 1284; x_wconf 89' lang='lat' dir='ltr'><strong><em>eum</em></strong></span> <span class='ocrx_word' id='word_1_66' title='bbox 877 1226 933 1286; x_wconf 84' lang='lat' dir='ltr'><strong><em>hes</em></strong></span> <span class='ocrx_word' id='word_1_67' title='bbox 956 1224 1118 1286; x_wconf 84' lang='lat' dir='ltr'><strong><em>orationes</em></strong></span> <span class='ocrx_word' id='word_1_68' title='bbox 1134 1223 1316 1308; x_wconf 81' lang='lat' dir='ltr'><strong><em>reliquisse.</em></strong></span> 
     </span>
    </p>

    <p class='ocr_par' dir='ltr' id='par_1_3' title="bbox 267 1321 1320 1914">
     <span class='ocr_line' id='line_1_10' title="bbox 333 1321 1318 1410; baseline 0.001 -23"><span class='ocrx_word' id='word_1_69' title='bbox 333 1326 421 1389; x_wconf 88' lang='lat' dir='ltr'><strong><em>Suet.</em></strong></span> <span class='ocrx_word' id='word_1_70' title='bbox 447 1323 526 1388; x_wconf 89' lang='lat' dir='ltr'><strong><em>Tib.</em></strong></span> <span class='ocrx_word' id='word_1_71' title='bbox 559 1321 611 1386; x_wconf 81' lang='lat'><strong><em>70.</em></strong></span> <span class='ocrx_word' id='word_1_72' title='bbox 641 1327 746 1388; x_wconf 86' lang='lat' dir='ltr'><strong><em>Artes</em></strong></span> <span class='ocrx_word' id='word_1_73' title='bbox 773 1325 931 1388; x_wconf 84' lang='lat' dir='ltr'><strong><em>liberales</em></strong></span> <span class='ocrx_word' id='word_1_74' title='bbox 968 1325 1147 1410; x_wconf 82' lang='lat' dir='ltr'><strong><em>utriusque</em></strong></span> <span class='ocrx_word' id='word_1_75' title='bbox 1178 1327 1318 1406; x_wconf 79' lang='lat' dir='ltr'><strong><em>generis</em></strong></span> 
     </span>
     <span class='ocr_line' id='line_1_11' title="bbox 268 1425 1319 1494; baseline 0 -4"><span class='ocrx_word' id='word_1_76' title='bbox 268 1426 516 1490; x_wconf 82' lang='lat' dir='ltr'><strong><em>studiosissime</em></strong></span> <span class='ocrx_word' id='word_1_77' title='bbox 537 1425 654 1489; x_wconf 90' lang='lat' dir='ltr'><strong><em>coluit.</em></strong></span> <span class='ocrx_word' id='word_1_78' title='bbox 708 1429 750 1492; x_wconf 90' lang='lat' dir='ltr'><strong><em>ln</em></strong></span> <span class='ocrx_word' id='word_1_79' title='bbox 775 1428 933 1490; x_wconf 88' lang='lat' dir='ltr'><strong><em>oratione</em></strong></span> <span class='ocrx_word' id='word_1_80' title='bbox 961 1427 1073 1488; x_wconf 87' lang='lat' dir='ltr'><strong><em>latina</em></strong></span> <span class='ocrx_word' id='word_1_81' title='bbox 1098 1441 1235 1494; x_wconf 88' lang='lat' dir='ltr'><strong><em>secutus</em></strong></span> <span class='ocrx_word' id='word_1_82' title='bbox 1269 1441 1319 1490; x_wconf 91' lang='lat' dir='ltr'><strong><em>est</em></strong></span> 
     </span>
     <span class='ocr_line' id='line_1_12' title="bbox 270 1529 1314 1611; baseline -0.002 -18"><span class='ocrx_word' id='word_1_83' title='bbox 270 1529 455 1594; x_wconf 84' lang='lat' dir='ltr'><strong><em>Coruinum</em></strong></span> <span class='ocrx_word' id='word_1_84' title='bbox 476 1530 686 1603; x_wconf 81' lang='lat' dir='ltr'><strong><em>Messalam,</em></strong></span> <span class='ocrx_word' id='word_1_85' title='bbox 711 1549 809 1611; x_wconf 78' lang='lat' dir='ltr'><strong><em>quem</em></strong></span> <span class='ocrx_word' id='word_1_86' title='bbox 838 1549 953 1592; x_wconf 88' lang='lat' dir='ltr'><strong><em>senem</em></strong></span> <span class='ocrx_word' id='word_1_87' title='bbox 980 1529 1177 1592; x_wconf 80' lang='lat' dir='ltr'><strong><em>adolescens</em></strong></span> <span class='ocrx_word' id='word_1_88' title='bbox 1199 1531 1314 1597; x_wconf 89' lang='lat' dir='ltr'><strong><em>obser·</em></strong></span> 
     </span>
     <span class='ocr_line' id='line_1_13' title="bbox 269 1628 1319 1716; baseline 0.002 -24"><span class='ocrx_word' id='word_1_89' title='bbox 269 1642 421 1694; x_wconf 82' lang='lat' dir='ltr'><strong><em>caverat.</em></strong></span> <span class='ocrx_word' id='word_1_90' title='bbox 465 1631 532 1694; x_wconf 82' lang='lat' dir='ltr'><strong><em>Sed</em></strong></span> <span class='ocrx_word' id='word_1_91' title='bbox 553 1628 775 1716; x_wconf 84' lang='lat' dir='ltr'><strong><em>affectatione</em></strong></span> <span class='ocrx_word' id='word_1_92' title='bbox 797 1643 830 1693; x_wconf 90' lang='lat' dir='ltr'><strong><em>et</em></strong></span> <span class='ocrx_word' id='word_1_93' title='bbox 853 1631 1054 1694; x_wconf 79' lang='lat' dir='ltr'><strong><em>morositate</em></strong></span> <span class='ocrx_word' id='word_1_94' title='bbox 1069 1631 1177 1694; x_wconf 88' lang='lat' dir='ltr'><strong><em>nimia</em></strong></span> <span class='ocrx_word' id='word_1_95' title='bbox 1199 1633 1319 1694; x_wconf 90' lang='lat' dir='ltr'><strong><em>obscu-</em></strong></span> 
     </span>
     <span class='ocr_line' id='line_1_14' title="bbox 271 1733 1320 1817; baseline 0.003 -24"><span class='ocrx_word' id='word_1_96' title='bbox 271 1733 371 1794; x_wconf 88' lang='lat' dir='ltr'><strong><em>rabat</em></strong></span> <span class='ocrx_word' id='word_1_97' title='bbox 392 1733 528 1805; x_wconf 87' lang='lat' dir='ltr'><strong><em>stilum,</em></strong></span> <span class='ocrx_word' id='word_1_98' title='bbox 556 1744 594 1794; x_wconf 92' lang='lat' dir='ltr'><strong><em>ut</em></strong></span> <span class='ocrx_word' id='word_1_99' title='bbox 622 1733 800 1814; x_wconf 79' lang='lat' dir='ltr'><strong><em>aliquanto</em></strong></span> <span class='ocrx_word' id='word_1_100' title='bbox 821 1755 869 1794; x_wconf 82' lang='lat' dir='ltr'><strong><em>esc</em></strong></span> <span class='ocrx_word' id='word_1_101' title='bbox 890 1744 1042 1814; x_wconf 87' lang='lat' dir='ltr'><strong><em>tempore</em></strong></span> <span class='ocrx_word' id='word_1_102' title='bbox 1064 1755 1166 1817; x_wconf 79' lang='lat' dir='ltr'><strong><em>quam</em></strong></span> <span class='ocrx_word' id='word_1_103' title='bbox 1189 1756 1212 1796; x_wconf 89' lang='lat' dir='ltr'><strong><em>a</em></strong></span> <span class='ocrx_word' id='word_1_104' title='bbox 1233 1755 1320 1796; x_wconf 91' lang='lat' dir='ltr'><strong><em>cura</em></strong></span> 
     </span>
     <span class='ocr_line' id='line_1_15' title="bbox 267 1833 719 1914; baseline -0.004 -19"><span class='ocrx_word' id='word_1_105' title='bbox 267 1833 504 1914; x_wconf 77' lang='lat' dir='ltr'><strong><em>praestantior</em></strong></span> <span class='ocrx_word' id='word_1_106' title='bbox 524 1834 719 1894; x_wconf 81' lang='lat' dir='ltr'><strong><em>haberetur.</em></strong></span> 
     </span>
    </p>
   </div>
   <div class='ocr_carea' id='block_1_3' title="bbox 282 1972 1321 2112">
    <p class='ocr_par' dir='ltr' id='par_1_4' title="bbox 282 1972 1321 2112">
     <span class='ocr_line' id='line_1_16' title="bbox 282 1972 1321 2037; baseline 0.002 -17"><span class='ocrx_word' id='word_1_107' title='bbox 282 1972 443 2037; x_wconf 26' lang='lat' dir='ltr'><strong><em>’Coruinum</em></strong></span> <span class='ocrx_word' id='word_1_108' title='bbox 469 1973 621 2033; x_wconf 76' lang='lat' dir='ltr'><strong><em>Messalam]</em></strong></span> <span class='ocrx_word' id='word_1_109' title='bbox 658 1989 680 2020; x_wconf 83' lang='lat' dir='ltr'><strong><em>r.</em></strong></span> <span class='ocrx_word' id='word_1_110' title='bbox 713 1991 784 2032; x_wconf 74' lang='lat' dir='ltr'><strong><em>supr·</em></strong></span> <span class='ocrx_word' id='word_1_111' title='bbox 814 1991 837 2030; x_wconf 88' lang='lat' dir='ltr'><strong><em>p.</em></strong></span> <span class='ocrx_word' id='word_1_112' title='bbox 860 1974 930 2030; x_wconf 78' lang='grc'><strong>506..</strong></span> <span class='ocrx_word' id='word_1_113' title='bbox 951 1980 990 2022; x_wconf 85' lang='lat' dir='ltr'><strong><em>ubi</em></strong></span> <span class='ocrx_word' id='word_1_114' title='bbox 1016 1981 1044 2024; x_wconf 80' lang='lat' dir='ltr'><strong><em>ds</em></strong></span> <span class='ocrx_word' id='word_1_115' title='bbox 1072 1980 1116 2023; x_wconf 90' lang='lat' dir='ltr'><strong><em>boc</em></strong></span> <span class='ocrx_word' id='word_1_116' title='bbox 1144 1993 1238 2036; x_wconf 80' lang='lat' dir='ltr'><strong><em>quoque</em></strong></span> <span class='ocrx_word' id='word_1_117' title='bbox 1266 1984 1321 2025; x_wconf 86' lang='lat' dir='ltr'><strong><em>loco</em></strong></span> 
     </span>
     <span class='ocr_line' id='line_1_17' title="bbox 340 2064 452 2112; baseline 0.027 -4"><span class='ocrx_word' id='word_1_118' title='bbox 340 2064 452 2112; x_wconf 79' lang='lat' dir='ltr'><strong><em>diximus.</em></strong></span> 
     </span>
    </p>
   </div>
   <div class='ocr_carea' id='block_1_4' title="bbox 271 2183 1319 2367">
    <p class='ocr_par' dir='ltr' id='par_1_5' title="bbox 271 2183 1319 2367">
     <span class='ocr_line' id='line_1_18' title="bbox 323 2183 1319 2280; baseline 0.001 -36"><span class='ocrx_word' id='word_1_119' title='bbox 323 2183 470 2246; x_wconf 63' lang='lat' dir='ltr'><strong><em>Sueten.</em></strong></span> <span class='ocrx_word' id='word_1_120' title='bbox 496 2183 612 2248; x_wconf 83' lang='lat' dir='ltr'><strong><em>Octav.</em></strong></span> <span class='ocrx_word' id='word_1_121' title='bbox 636 2184 686 2248; x_wconf 81' lang='lat'><strong><em>86.</em></strong></span> <span class='ocrx_word' id='word_1_122' title='bbox 731 2185 913 2266; x_wconf 81' lang='lat' dir='ltr'><strong><em>Augustus</em></strong></span> <span class='ocrx_word' id='word_1_123' title='bbox 941 2203 1001 2246; x_wconf 89' lang='lat' dir='ltr'><strong><em>nec</em></strong></span> <span class='ocrx_word' id='word_1_124' title='bbox 1032 2184 1174 2280; x_wconf 80' lang='lat' dir='ltr'><strong><em>Tiberio</em></strong></span> <span class='ocrx_word' id='word_1_125' title='bbox 1203 2185 1319 2265; x_wconf 84' lang='lat' dir='ltr'><strong><em>parcit</em></strong></span> 
     </span>
     <span class='ocr_line' id='line_1_19' title="bbox 271 2284 1317 2367; baseline 0.002 -21"><span class='ocrx_word' id='word_1_126' title='bbox 271 2295 305 2347; x_wconf 89' lang='lat' dir='ltr'><strong><em>et</em></strong></span> <span class='ocrx_word' id='word_1_127' title='bbox 326 2286 501 2346; x_wconf 81' lang='lat' dir='ltr'><strong><em>exsoletos</em></strong></span> <span class='ocrx_word' id='word_1_128' title='bbox 522 2284 695 2348; x_wconf 88' lang='lat' dir='ltr'><strong><em>interdum</em></strong></span> <span class='ocrx_word' id='word_1_129' title='bbox 717 2297 748 2346; x_wconf 90' lang='lat' dir='ltr'><strong><em>et</em></strong></span> <span class='ocrx_word' id='word_1_130' title='bbox 772 2285 967 2347; x_wconf 87' lang='lat' dir='ltr'><strong><em>reconditas</em></strong></span> <span class='ocrx_word' id='word_1_131' title='bbox 997 2307 1094 2348; x_wconf 87' lang='lat' dir='ltr'><strong><em>uoces</em></strong></span> <span class='ocrx_word' id='word_1_132' title='bbox 1116 2286 1317 2367; x_wconf 86' lang='lat' dir='ltr'><strong><em>aucupanti.</em></strong></span> 
     </span>
    </p>
   </div>
   <div class='ocr_carea' id='block_1_5' title="bbox 309 2445 1323 3116">
    <p class='ocr_par' dir='ltr' id='par_1_6' title="bbox 309 2445 1323 3116">
     <span class='ocr_line' id='line_1_20' title="bbox 309 2445 1321 2504; baseline -0.001 -13"><span class='ocrx_word' id='word_1_133' title='bbox 309 2445 456 2504; x_wconf 77' lang='lat' dir='ltr'><strong><em>aucupanti]</em></strong></span> <span class='ocrx_word' id='word_1_134' title='bbox 494 2450 511 2491; x_wconf 86' lang='lat' dir='ltr'><strong><em>i.</em></strong></span> <span class='ocrx_word' id='word_1_135' title='bbox 532 2461 554 2492; x_wconf 90' lang='lat' dir='ltr'><strong><em>e.</em></strong></span> <span class='ocrx_word' id='word_1_136' title='bbox 574 2449 724 2492; x_wconf 84' lang='lat' dir='ltr'><strong><em>cretionibus</em></strong></span> <span class='ocrx_word' id='word_1_137' title='bbox 742 2451 793 2492; x_wconf 82' lang='lat' dir='ltr'><strong><em>suis</em></strong></span> <span class='ocrx_word' id='word_1_138' title='bbox 812 2449 920 2492; x_wconf 70' lang='lat' dir='ltr'><strong><em>obsoleta</em></strong></span> <span class='ocrx_word' id='word_1_139' title='bbox 939 2448 1054 2492; x_wconf 71' lang='lat' dir='ltr'><strong><em>recubuit</em></strong></span> <span class='ocrx_word' id='word_1_140' title='bbox 1074 2450 1224 2492; x_wconf 69' lang='lat' dir='ltr'><strong><em>immiscens.</em></strong></span> <span class='ocrx_word' id='word_1_141' title='bbox 1258 2448 1321 2492; x_wconf 76' lang='lat' dir='ltr'><strong><em>Che-</em></strong></span> 
     </span>
     <span class='ocr_line' id='line_1_21' title="bbox 343 2531 1317 2594; baseline 0.002 -18"><span class='ocrx_word' id='word_1_142' title='bbox 343 2535 416 2578; x_wconf 82' lang='lat' dir='ltr'><strong><em>risius</em></strong></span> <span class='ocrx_word' id='word_1_143' title='bbox 434 2548 457 2588; x_wconf 86' lang='lat' dir='ltr'><strong><em>p.</em></strong></span> <span class='ocrx_word' id='word_1_144' title='bbox 480 2531 538 2578; x_wconf 77' lang='lat'><strong>124.</strong></span> <span class='ocrx_word' id='word_1_145' title='bbox 575 2533 657 2578; x_wconf 87' lang='lat' dir='ltr'><strong><em>Diuus</em></strong></span> <span class='ocrx_word' id='word_1_146' title='bbox 677 2533 806 2594; x_wconf 79' lang='lat' dir='ltr'><strong><em>Augustae</em></strong></span> <span class='ocrx_word' id='word_1_147' title='bbox 826 2534 956 2578; x_wconf 77' lang='lat' dir='ltr'><strong><em>Tiberium</em></strong></span> <span class='ocrx_word' id='word_1_148' title='bbox 978 2532 1109 2578; x_wconf 78' lang='lat' dir='ltr'><strong><em>Claudium</em></strong></span> <span class='ocrx_word' id='word_1_149' title='bbox 1128 2533 1317 2592; x_wconf 81' lang='lat' dir='ltr'><strong><em>reprebendens</em></strong></span> 
     </span>
     <span class='ocr_line' id='line_1_22' title="bbox 345 2597 1318 2680; baseline -0.001 -15"><span class='ocrx_word' id='word_1_150' title='bbox 345 2624 381 2665; x_wconf 90' lang='lat' dir='ltr'><strong><em>ita</em></strong></span> <span class='ocrx_word' id='word_1_151' title='bbox 401 2621 530 2680; x_wconf 85' lang='lat' dir='ltr'><strong><em>loquitur:</em></strong></span> <span class='ocrx_word' id='word_1_152' title='bbox 549 2621 641 2664; x_wconf 84' lang='lat' dir='ltr'><strong><em>scribis</em></strong></span> <span class='ocrx_word' id='word_1_153' title='bbox 660 2623 726 2665; x_wconf 85' lang='lat' dir='ltr'><strong><em>eni-m</em></strong></span> <span class='ocrx_word' id='word_1_154' title='bbox 743 2621 893 2680; x_wconf 84' lang='lat' dir='ltr'><strong><em>peruiam</em></strong></span> <span class='ocrx_word' id='word_1_155' title='bbox 922 2614 990 2670; x_wconf 75' lang='grc' dir='ltr'><strong><em>ἀντὶ</em></strong></span> <span class='ocrx_word' id='word_1_156' title='bbox 1008 2617 1063 2670; x_wconf 72' lang='grc' dir='ltr'><strong><em>τοῦ</em></strong></span> <span class='ocrx_word' id='word_1_157' title='bbox 1089 2621 1177 2666; x_wconf 82' lang='lat' dir='ltr'><strong><em>obiter.</em></strong></span> <span class='ocrx_word' id='word_1_158' title='bbox 1212 2597 1318 2670; x_wconf 56' lang='lat' dir='ltr'><strong><em>baeton.</em></strong></span> 
     </span>
     <span class='ocr_line' id='line_1_23' title="bbox 342 2706 1322 2775; baseline 0.001 -24"><span class='ocrx_word' id='word_1_159' title='bbox 342 2709 376 2753; x_wconf 88' lang='lat' dir='ltr'><strong><em>De</em></strong></span> <span class='ocrx_word' id='word_1_160' title='bbox 397 2710 432 2752; x_wconf 81' lang='lat' dir='ltr'><strong><em>itt.</em></strong></span> <span class='ocrx_word' id='word_1_161' title='bbox 453 2713 590 2766; x_wconf 71' lang='lat' dir='ltr'><strong><em>grammati.</em></strong></span> <span class='ocrx_word' id='word_1_162' title='bbox 611 2723 633 2752; x_wconf 85' lang='lat' dir='ltr'><strong><em>e.</em></strong></span> <span class='ocrx_word' id='word_1_163' title='bbox 656 2706 697 2753; x_wconf 75' lang='lat'><strong><em>22.</em></strong></span> <span class='ocrx_word' id='word_1_164' title='bbox 735 2708 885 2766; x_wconf 82' lang='lat' dir='ltr'><strong><em>Pomponius</em></strong></span> <span class='ocrx_word' id='word_1_165' title='bbox 905 2706 1045 2752; x_wconf 77' lang='lat' dir='ltr'><strong><em>Marcellus</em></strong></span> <span class='ocrx_word' id='word_1_166' title='bbox 1069 2723 1126 2775; x_wconf 78' lang='lat' dir='ltr'><strong><em>cum</em></strong></span> <span class='ocrx_word' id='word_1_167' title='bbox 1145 2723 1179 2752; x_wconf 75' lang='lat' dir='ltr'><strong><em>ex</em></strong></span> <span class='ocrx_word' id='word_1_168' title='bbox 1207 2710 1322 2753; x_wconf 81' lang='lat' dir='ltr'><strong><em>oratioue</em></strong></span> 
     </span>
     <span class='ocr_line' id='line_1_24' title="bbox 344 2791 1322 2857; baseline 0 -17"><span class='ocrx_word' id='word_1_169' title='bbox 344 2795 474 2840; x_wconf 82' lang='lat' dir='ltr'><strong><em>Tiberium</em></strong></span> <span class='ocrx_word' id='word_1_170' title='bbox 492 2793 695 2852; x_wconf 78' lang='lat' dir='ltr'><strong><em>reprehendisset</em></strong></span> <span class='ocrx_word' id='word_1_171' title='bbox 723 2792 868 2857; x_wconf 83' lang='lat' dir='ltr'><strong><em>affirmante</em></strong></span> <span class='ocrx_word' id='word_1_172' title='bbox 885 2795 968 2840; x_wconf 82' lang='lat' dir='ltr'><strong><em>Atteio</em></strong></span> <span class='ocrx_word' id='word_1_173' title='bbox 989 2791 1116 2852; x_wconf 75' lang='lat' dir='ltr'><strong><em>Capitone,</em></strong></span> <span class='ocrx_word' id='word_1_174' title='bbox 1136 2801 1160 2839; x_wconf 86' lang='lat' dir='ltr'><strong><em>et</em></strong></span> <span class='ocrx_word' id='word_1_175' title='bbox 1178 2808 1234 2840; x_wconf 84' lang='lat' dir='ltr'><strong><em>eeee</em></strong></span> <span class='ocrx_word' id='word_1_176' title='bbox 1253 2795 1322 2840; x_wconf 83' lang='lat' dir='ltr'><strong><em>illud</em></strong></span> 
     </span>
     <span class='ocr_line' id='line_1_25' title="bbox 343 2879 1321 2942; baseline -0.001 -15"><span class='ocrx_word' id='word_1_177' title='bbox 343 2884 459 2937; x_wconf 83' lang='lat' dir='ltr'><strong><em>latinum,</em></strong></span> <span class='ocrx_word' id='word_1_178' title='bbox 479 2889 503 2928; x_wconf 86' lang='lat' dir='ltr'><strong><em>et</em></strong></span> <span class='ocrx_word' id='word_1_179' title='bbox 519 2885 544 2926; x_wconf 85' lang='lat' dir='ltr'><strong><em>ei</em></strong></span> <span class='ocrx_word' id='word_1_180' title='bbox 561 2895 611 2928; x_wconf 89' lang='lat' dir='ltr'><strong><em>uon</em></strong></span> <span class='ocrx_word' id='word_1_181' title='bbox 628 2887 702 2936; x_wconf 82' lang='lat' dir='ltr'><strong><em>eeeet,</em></strong></span> <span class='ocrx_word' id='word_1_182' title='bbox 715 2879 835 2942; x_wconf 84' lang='lat' dir='ltr'><strong><em>salarum</em></strong></span> <span class='ocrx_word' id='word_1_183' title='bbox 853 2890 923 2926; x_wconf 84' lang='lat' dir='ltr'><strong><em>certe</em></strong></span> <span class='ocrx_word' id='word_1_184' title='bbox 935 2883 985 2926; x_wconf 80' lang='lat' dir='ltr'><strong><em>iam</em></strong></span> <span class='ocrx_word' id='word_1_185' title='bbox 997 2882 1071 2928; x_wconf 87' lang='lat' dir='ltr'><strong><em>inde.</em></strong></span> <span class='ocrx_word' id='word_1_186' title='bbox 1089 2885 1214 2932; x_wconf 84' lang='lat' dir='ltr'><strong><em>mentitur.</em></strong></span> <span class='ocrx_word' id='word_1_187' title='bbox 1229 2883 1321 2941; x_wconf 81' lang='lat' dir='ltr'><strong><em>inquit,</em></strong></span> 
     </span>
     <span class='ocr_line' id='line_1_26' title="bbox 342 2967 1323 3031; baseline -0.002 -15"><span class='ocrx_word' id='word_1_188' title='bbox 342 2967 436 3028; x_wconf 75' lang='lat' dir='ltr'><strong><em>Capito.</em></strong></span> <span class='ocrx_word' id='word_1_189' title='bbox 458 2970 497 3015; x_wconf 87' lang='lat' dir='ltr'><strong><em>Tu</em></strong></span> <span class='ocrx_word' id='word_1_190' title='bbox 516 2971 592 3024; x_wconf 84' lang='lat' dir='ltr'><strong><em>euim,</em></strong></span> <span class='ocrx_word' id='word_1_191' title='bbox 612 2967 717 3031; x_wconf 76' lang='lat' dir='ltr'><strong><em>Caesar,</em></strong></span> <span class='ocrx_word' id='word_1_192' title='bbox 736 2970 863 3014; x_wconf 82' lang='lat' dir='ltr'><strong><em>ciuitatem</em></strong></span> <span class='ocrx_word' id='word_1_193' title='bbox 897 2968 959 3014; x_wconf 85' lang='lat' dir='ltr'><strong><em>dare</em></strong></span> <span class='ocrx_word' id='word_1_194' title='bbox 974 2975 1046 3026; x_wconf 86' lang='lat' dir='ltr'><strong><em>potee</em></strong></span> <span class='ocrx_word' id='word_1_195' title='bbox 1066 2967 1225 3023; x_wconf 84' lang='lat' dir='ltr'><strong><em>bominibus,</em></strong></span> <span class='ocrx_word' id='word_1_196' title='bbox 1245 2970 1323 3014; x_wconf 85' lang='lat' dir='ltr'><strong><em>uerbo</em></strong></span> 
     </span>
     <span class='ocr_line' id='line_1_27' title="bbox 344 3064 551 3116; baseline -0.014 -12"><span class='ocrx_word' id='word_1_197' title='bbox 344 3073 393 3104; x_wconf 90' lang='lat' dir='ltr'><strong><em>non</em></strong></span> <span class='ocrx_word' id='word_1_198' title='bbox 407 3064 489 3116; x_wconf 86' lang='lat' dir='ltr'><strong><em>potes.</em></strong></span> <span class='ocrx_word' id='word_1_199' title='bbox 546 3095 551 3106; x_wconf 81' lang='grc'>,</span> 
     </span>
    </p>
   </div>
   <div class='ocr_carea' id='block_1_6' title="bbox 263 3176 1321 4172">
    <p class='ocr_par' dir='ltr' id='par_1_7' title="bbox 263 3176 1321 3564">
     <span class='ocr_line' id='line_1_28' title="bbox 339 3176 1320 3260; baseline 0 -22"><span class='ocrx_word' id='word_1_200' title='bbox 339 3176 470 3238; x_wconf 83' lang='lat' dir='ltr'><strong><em>Tacitus</em></strong></span> <span class='ocrx_word' id='word_1_201' title='bbox 492 3179 610 3239; x_wconf 85' lang='lat' dir='ltr'><strong><em>Annei.</em></strong></span> <span class='ocrx_word' id='word_1_202' title='bbox 636 3179 686 3250; x_wconf 90' lang='grc'><strong><em>13,</em></strong></span> <span class='ocrx_word' id='word_1_203' title='bbox 710 3178 742 3238; x_wconf 87' lang='grc'><strong>3.</strong></span> <span class='ocrx_word' id='word_1_204' title='bbox 789 3177 950 3256; x_wconf 80' lang='lat' dir='ltr'><strong><em>Augusto</em></strong></span> <span class='ocrx_word' id='word_1_205' title='bbox 977 3189 1139 3258; x_wconf 88' lang='lat' dir='ltr'><strong><em>prompta</em></strong></span> <span class='ocrx_word' id='word_1_206' title='bbox 1169 3199 1209 3238; x_wconf 91' lang='lat' dir='ltr'><strong><em>ac</em></strong></span> <span class='ocrx_word' id='word_1_207' title='bbox 1237 3199 1320 3260; x_wconf 90' lang='lat' dir='ltr'><strong><em>pro-</em></strong></span> 
     </span>
     <span class='ocr_line' id='line_1_29' title="bbox 263 3276 1321 3369; baseline 0.002 -31"><span class='ocrx_word' id='word_1_208' title='bbox 263 3277 402 3369; x_wconf 90' lang='lat' dir='ltr'><strong><em>fluens,</em></strong></span> <span class='ocrx_word' id='word_1_209' title='bbox 425 3296 511 3358; x_wconf 81' lang='lat' dir='ltr'><strong><em>quae</em></strong></span> <span class='ocrx_word' id='word_1_210' title='bbox 534 3279 665 3339; x_wconf 82' lang='lat' dir='ltr'><strong><em>deceret</em></strong></span> <span class='ocrx_word' id='word_1_211' title='bbox 685 3276 886 3358; x_wconf 87' lang='lat' dir='ltr'><strong><em>principem,</em></strong></span> <span class='ocrx_word' id='word_1_212' title='bbox 910 3279 1103 3362; x_wconf 79' lang='lat' dir='ltr'><strong><em>eloquentia</em></strong></span> <span class='ocrx_word' id='word_1_213' title='bbox 1113 3276 1211 3366; x_wconf 90' lang='lat' dir='ltr'><strong><em>fuit.</em></strong></span> <span class='ocrx_word' id='word_1_214' title='bbox 1252 3279 1321 3342; x_wconf 88' lang='lat' dir='ltr'><strong><em>Ti-</em></strong></span> 
     </span>
     <span class='ocr_line' id='line_1_30' title="bbox 273 3376 1316 3462; baseline -0.001 -21"><span class='ocrx_word' id='word_1_215' title='bbox 273 3376 421 3441; x_wconf 89' lang='lat' dir='ltr'><strong><em>berius</em></strong></span> <span class='ocrx_word' id='word_1_216' title='bbox 444 3388 556 3439; x_wconf 89' lang='lat' dir='ltr'><strong><em>artem</em></strong></span> <span class='ocrx_word' id='word_1_217' title='bbox 570 3398 702 3459; x_wconf 78' lang='lat' dir='ltr'><strong><em>quoque</em></strong></span> <span class='ocrx_word' id='word_1_218' title='bbox 722 3378 876 3452; x_wconf 85' lang='lat' dir='ltr'><strong><em>callebat,</em></strong></span> <span class='ocrx_word' id='word_1_219' title='bbox 894 3399 962 3460; x_wconf 80' lang='lat' dir='ltr'><strong><em>qua</em></strong></span> <span class='ocrx_word' id='word_1_220' title='bbox 980 3381 1082 3442; x_wconf 88' lang='lat' dir='ltr'><strong><em>uerba</em></strong></span> <span class='ocrx_word' id='word_1_221' title='bbox 1097 3379 1316 3462; x_wconf 82' lang='lat' dir='ltr'><strong><em>expenderet,</em></strong></span> 
     </span>
     <span class='ocr_line' id='line_1_31' title="bbox 275 3476 1158 3564; baseline 0.003 -22"><span class='ocrx_word' id='word_1_222' title='bbox 275 3491 350 3542; x_wconf 92' lang='lat' dir='ltr'><strong><em>tum</em></strong></span> <span class='ocrx_word' id='word_1_223' title='bbox 369 3477 504 3540; x_wconf 88' lang='lat' dir='ltr'><strong><em>ualidas</em></strong></span> <span class='ocrx_word' id='word_1_224' title='bbox 525 3476 681 3540; x_wconf 86' lang='lat' dir='ltr'><strong><em>sensibus</em></strong></span> <span class='ocrx_word' id='word_1_225' title='bbox 702 3491 764 3540; x_wconf 91' lang='lat' dir='ltr'><strong><em>aut</em></strong></span> <span class='ocrx_word' id='word_1_226' title='bbox 784 3482 940 3542; x_wconf 88' lang='lat' dir='ltr'><strong><em>consulto</em></strong></span> <span class='ocrx_word' id='word_1_227' title='bbox 961 3482 1158 3564; x_wconf 84' lang='lat' dir='ltr'><strong><em>ambiguus.</em></strong></span> 
     </span>
    </p>

    <p class='ocr_par' dir='ltr' id='par_1_8' title="bbox 272 3577 1321 4172">
     <span class='ocr_line' id='line_1_32' title="bbox 338 3577 1316 3662; baseline -0.001 -18"><span class='ocrx_word' id='word_1_228' title='bbox 338 3577 490 3644; x_wconf 82' lang='lat' dir='ltr'><strong><em>Aurelius</em></strong></span> <span class='ocrx_word' id='word_1_229' title='bbox 512 3577 631 3644; x_wconf 86' lang='lat' dir='ltr'><strong><em>Victor</em></strong></span> <span class='ocrx_word' id='word_1_230' title='bbox 653 3579 803 3662; x_wconf 86' lang='lat' dir='ltr'><strong><em>Epitome</em></strong></span> <span class='ocrx_word' id='word_1_231' title='bbox 827 3580 999 3645; x_wconf 84' lang='lat' dir='ltr'><strong><em>Caesarum</em></strong></span> <span class='ocrx_word' id='word_1_232' title='bbox 1037 3584 1069 3644; x_wconf 77' lang='lat'><strong><em>2.</em></strong></span> <span class='ocrx_word' id='word_1_233' title='bbox 1110 3585 1229 3648; x_wconf 88' lang='lat' dir='ltr'><strong><em>Inerat</em></strong></span> <span class='ocrx_word' id='word_1_234' title='bbox 1255 3581 1316 3645; x_wconf 86' lang='lat' dir='ltr'><strong><em>Ti-</em></strong></span> 
     </span>
     <span class='ocr_line' id='line_1_33' title="bbox 276 3681 1317 3767; baseline -0.001 -22"><span class='ocrx_word' id='word_1_235' title='bbox 276 3682 371 3745; x_wconf 90' lang='lat' dir='ltr'><strong><em>berio</em></strong></span> <span class='ocrx_word' id='word_1_236' title='bbox 392 3681 536 3744; x_wconf 86' lang='lat' dir='ltr'><strong><em>scientia</em></strong></span> <span class='ocrx_word' id='word_1_237' title='bbox 563 3682 744 3746; x_wconf 87' lang='lat' dir='ltr'><strong><em>literarum</em></strong></span> <span class='ocrx_word' id='word_1_238' title='bbox 768 3687 888 3747; x_wconf 87' lang='lat' dir='ltr'><strong><em>multa.</em></strong></span> <span class='ocrx_word' id='word_1_239' title='bbox 922 3688 953 3748; x_wconf 81' lang='lat' dir='ltr'><strong><em>ll</em></strong></span> <span class='ocrx_word' id='word_1_240' title='bbox 961 3685 1111 3767; x_wconf 81' lang='lat' dir='ltr'><strong><em>loquio</em></strong></span> <span class='ocrx_word' id='word_1_241' title='bbox 1140 3683 1317 3755; x_wconf 83' lang='lat' dir='ltr'><strong><em>clarior,</em></strong></span> 
     </span>
     <span class='ocr_line' id='line_1_34' title="bbox 275 3781 1320 3865; baseline -0.001 -18"><span class='ocrx_word' id='word_1_242' title='bbox 275 3784 336 3847; x_wconf 87' lang='lat' dir='ltr'><strong><em>scd</em></strong></span> <span class='ocrx_word' id='word_1_243' title='bbox 356 3781 496 3865; x_wconf 84' lang='lat' dir='ltr'><strong><em>ingenio</em></strong></span> <span class='ocrx_word' id='word_1_244' title='bbox 514 3784 677 3864; x_wconf 87' lang='lat' dir='ltr'><strong><em>pessimo,</em></strong></span> <span class='ocrx_word' id='word_1_245' title='bbox 701 3788 802 3858; x_wconf 88' lang='lat' dir='ltr'><strong><em>truci,</em></strong></span> <span class='ocrx_word' id='word_1_246' title='bbox 826 3807 949 3860; x_wconf 84' lang='lat' dir='ltr'><strong><em>auaro,</em></strong></span> <span class='ocrx_word' id='word_1_247' title='bbox 962 3786 1139 3861; x_wconf 88' lang='lat' dir='ltr'><strong><em>insidioso,</em></strong></span> <span class='ocrx_word' id='word_1_248' title='bbox 1152 3785 1320 3848; x_wconf 89' lang='lat' dir='ltr'><strong><em>simulans</em></strong></span> 
     </span>
     <span class='ocr_line' id='line_1_35' title="bbox 276 3884 1321 3977; baseline -0.002 -28"><span class='ocrx_word' id='word_1_249' title='bbox 276 3907 318 3950; x_wconf 84' lang='lat' dir='ltr'><strong><em>ea</em></strong></span> <span class='ocrx_word' id='word_1_250' title='bbox 338 3907 375 3948; x_wconf 85' lang='lat' dir='ltr'><strong><em>se</em></strong></span> <span class='ocrx_word' id='word_1_251' title='bbox 403 3887 484 3948; x_wconf 85' lang='lat' dir='ltr'><strong><em>velle</em></strong></span> <span class='ocrx_word' id='word_1_252' title='bbox 513 3906 600 3967; x_wconf 80' lang='lat' dir='ltr'><strong><em>quae</em></strong></span> <span class='ocrx_word' id='word_1_253' title='bbox 628 3889 750 3960; x_wconf 86' lang='lat' dir='ltr'><strong><em>nollet,</em></strong></span> <span class='ocrx_word' id='word_1_254' title='bbox 783 3887 836 3949; x_wconf 86' lang='lat' dir='ltr'><strong><em>his</em></strong></span> <span class='ocrx_word' id='word_1_255' title='bbox 864 3887 962 3970; x_wconf 79' lang='lat' dir='ltr'><strong><em>quasi</em></strong></span> <span class='ocrx_word' id='word_1_256' title='bbox 989 3884 1163 3977; x_wconf 87' lang='lat' dir='ltr'><strong><em>infensus,</em></strong></span> <span class='ocrx_word' id='word_1_257' title='bbox 1198 3885 1321 3970; x_wconf 79' lang='lat' dir='ltr'><strong><em>quibus</em></strong></span> 
     </span>
     <span class='ocr_line' id='line_1_36' title="bbox 275 3987 1319 4071; baseline -0.003 -20"><span class='ocrx_word' id='word_1_258' title='bbox 275 3991 467 4052; x_wconf 84' lang='lat' dir='ltr'><strong><em>consultum</em></strong></span> <span class='ocrx_word' id='word_1_259' title='bbox 488 3987 654 4068; x_wconf 83' lang='lat' dir='ltr'><strong><em>cupiebat,</em></strong></span> <span class='ocrx_word' id='word_1_260' title='bbox 676 3987 730 4050; x_wconf 84' lang='lat' dir='ltr'><strong><em>lris</em></strong></span> <span class='ocrx_word' id='word_1_261' title='bbox 753 4009 832 4050; x_wconf 86' lang='lat' dir='ltr'><strong><em>aero</em></strong></span> <span class='ocrx_word' id='word_1_262' title='bbox 853 4009 936 4071; x_wconf 83' lang='lat' dir='ltr'><strong><em>quos</em></strong></span> <span class='ocrx_word' id='word_1_263' title='bbox 959 3989 1079 4051; x_wconf 87' lang='lat' dir='ltr'><strong><em>oclcrat</em></strong></span> <span class='ocrx_word' id='word_1_264' title='bbox 1099 3987 1200 4070; x_wconf 81' lang='lat' dir='ltr'><strong><em>quasi</em></strong></span> <span class='ocrx_word' id='word_1_265' title='bbox 1221 3987 1319 4050; x_wconf 84' lang='lat' dir='ltr'><strong><em>bene·</em></strong></span> 
     </span>
     <span class='ocr_line' id='line_1_37' title="bbox 272 4092 573 4172; baseline -0.01 -20"><span class='ocrx_word' id='word_1_266' title='bbox 272 4092 369 4154; x_wconf 84' lang='lat' dir='ltr'><strong><em>volus</em></strong></span> <span class='ocrx_word' id='word_1_267' title='bbox 389 4109 573 4172; x_wconf 89' lang='lat' dir='ltr'><strong><em>apparens.</em></strong></span> 
     </span>
    </p>
   </div>
   <div class='ocr_carea' id='block_1_7' title="bbox 0 0 1496 4842">
    <p class='ocr_par' dir='ltr' id='par_1_9' title="bbox 0 0 1496 4842">
     <span class='ocr_line' id='line_1_38' title="bbox 0 0 1496 4842; baseline 0 0"><span class='ocrx_word' id='word_1_268' title='bbox 0 0 1496 4842; x_wconf 95' lang='lat' dir='ltr'><strong><em> </em></strong></span> 
     </span>
    </p>
   </div>
  </div>
 </body>
</html>
