2984 4842
1171 387 1230 452 357

189 529 226 592 in
241 530 374 605 causis,
399 531 664 616 interiectusque
686 535 776 599 inter
797 537 886 600 duas
907 550 1036 603 aetates
1056 543 1232 606 Hortensii

187 643 221 694 et
244 631 388 714 Sulpicii
419 653 478 697 nec
503 635 669 699 maiorem
698 640 859 722 consequi
889 652 1026 722 poterat
1049 654 1081 704 et
1104 644 1231 708 minori

189 755 324 796 necesse
339 746 415 816 erat
430 736 562 799 cedere.
595 739 710 802 Huius
725 739 1008 832 omnisfacultas
1022 767 1069 805 eu·
1083 746 1231 808 historia

187 836 295 918 ipsius
308 837 461 919 perspici
480 850 605 919 potest,
634 862 720 924 quae
745 864 822 904 cum
836 842 956 933 facile
977 845 1090 924 vincat
1112 867 1229 910 omnes

187 939 397 1020 superiores,
412 951 485 1002 tum
496 940 625 1005 indicat
640 955 765 1021 tamen,
780 958 945 1028 quantum
961 947 1046 1010 absit
1061 968 1229 1012 asumma

186 1061 356 1124 quamque
378 1062 489 1123 genus
510 1045 573 1107 hoc
602 1046 800 1127 scriptionis
828 1040 984 1110 nondum
1003 1049 1048 1111 sit
1070 1050 1156 1113 satis
1178 1053 1228 1112 la-

184 1143 268 1205 tinis
290 1142 413 1206 litteris
433 1143 654 1208 illustratum.

223 1283 357 1344 inferioris
376 1287 477 1349 aetatis]
514 1291 614 1335 Sisenna
634 1293 714 1337 minor
733 1297 785 1338 erat
803 1299 858 1338 natu
879 1308 949 1352 quun
967 1295 1086 1350 Sulpicius
1105 1302 1129 1339 et
1147 1295 1226 1349 Gotts,

259 1375 298 1432 qui
317 1390 340 1420 a.
362 1372 410 1422 ⁶³0
429 1373 504 1434 (itt)
524 1379 571 1422 nati
591 1383 655 1423 sunt.
693 1379 728 1423 Es
748 1382 792 1425 boc
811 1381 884 1439 igitur
904 1384 956 1426 loco
975 1367 1048 1437 putet,
1063 1383 1227 1428 Weicbcrtum

257 1466 286 1507 sle
303 1477 367 1508 cuno
386 1467 458 1509 nstsli
479 1466 594 1510 Sisennae
614 1480 725 1527 errasse,
750 1468 861 1513 Rotbium
887 1475 966 1513 nutem
984 1475 1127 1526 ceterosque
1144 1483 1227 1516 verum

257 1552 399 1600 coniecisse.
436 1554 537 1598 Sissuns
556 1555 634 1598 minor
653 1560 707 1600 crat
724 1557 885 1613 quinquennio
903 1570 973 1614 quun
992 1559 1125 1612 Sulpicius,
1146 1560 1185 1616 qui
1203 1572 1226 1600 r.

257 1634 489 1696 illiniuntur
514 1645 563 1700 est,
591 1642 668 1685 maior
689 1643 850 1700 quinquennio
879 1658 949 1700 quam
967 1645 1124 1699 Hortensius,
1145 1646 1183 1702 qui
1203 1659 1227 1689 r.

258 1722 306 1770 610
326 1723 399 1784 (itt)
418 1733 487 1771 ustus
506 1733 556 1773 est:
580 1730 652 1788 igitur
677 1730 739 1774 inter
759 1733 819 1775 durs
837 1736 927 1776 retatus
947 1733 1045 1787 Sulpicii
1064 1737 1087 1776 et
1106 1733 1227 1778 Hortensii

256 1816 404 1868 interiectus,
425 1828 447 1858 a.
469 1809 517 1859 635
538 1813 610 1874 (119)
629 1821 698 1861 uatus
716 1822 761 1862 cst.

218 1919 352 1981 maiorem]
389 1922 529 1976 Sulpicium.

219 2025 323 2084 minori]
359 2028 498 2071 Hortensio.

250 2162 323 2228 Cic.
353 2166 390 2227 dc
415 2163 561 2246 Legibus
594 2167 627 2240 1,
658 2165 696 2242 2,
722 2167 752 2228 7.
805 2166 950 2230 Sisenna
975 2187 1092 2232 omnes
1115 2169 1227 2232 adhuc

186 2279 324 2330 nostros
345 2267 530 2348 scriptores
545 2265 664 2356 facile
686 2267 870 2348 superauit.
921 2272 958 2333 Is
983 2280 1098 2332 tamen
1119 2291 1227 2353 neque

185 2379 307 2430 orator
322 2366 365 2430 'in
385 2389 529 2432 numero
558 2381 671 2432 uestro
700 2389 851 2452 unquam
878 2381 928 2432 est
956 2371 1111 2448 habitus,
1135 2384 1168 2435 et
1189 2371 1226 2435 in

185 2469 334 2532 historia
352 2470 482 2552 puerile
503 2470 667 2555 quiddam
689 2481 918 2534 consectatur.

334 2665 361 2720 1.
402 2663 500 2722 Oratio
519 2681 571 2737 pro
591 2665 624 2725 G.
646 2666 754 2724 Rutilio
772 2667 872 2723 contra
892 2665 925 2724 G.
946 2666 1075 2724 nussum.

247 2796 479 2878 Argumentum
501 2794 667 2864 incertum.

249 2913 321 2980 Cic.
346 2917 440 2978 Brut.
473 2937 503 2979 c.
533 2917 585 2978 tt.
638 2917 783 2980 Sisenna
812 2899 914 3001 quasi
933 2917 1133 2981 emendator
1153 2939 1227 2982 ser·

184 3019 296 3082 monis
316 3017 437 3082 usitati
457 3039 535 3082 cum
557 3039 630 3081 esse
652 3021 764 3094 uellet,
788 3040 831 3083 ne
852 3041 875 3082 a
896 3023 935 3084 G.
959 3018 1069 3083 Rusio
1090 3019 1228 3102 quidem

183 3132 384 3185 accusatore
400 3119 567 3182 deterreri
586 3121 703 3201 potuit
713 3164 723 3195 ,
747 3142 815 3204 quo
837 3121 950 3183 minus
965 3121 1141 3184 inusitatis
1155 3144 1228 3184 ver-

184 3223 235 3286 bis
268 3234 436 3286 uteretur.
492 3225 531 3286 0.
558 3223 686 3287 Rusius
696 3220 782 3313 fuit
810 3234 992 3286 accusator
1014 3234 1131 3298 uetus,
1161 3245 1228 3307 quo

184 3337 366 3388 accusante
381 3328 419 3388 G.
437 3325 608 3388 Rutilium
622 3325 768 3390 Sisenna
788 3323 980 3414 defendens
1002 3324 1108 3398 discit,
1126 3345 1229 3409 quae·

184 3426 265 3488 dam
286 3427 362 3489 eius
383 3427 582 3508 sputatilica
608 3445 675 3490 esse
703 3428 860 3491 crimina.
906 3431 998 3492 Tum
1020 3430 1059 3491 0.
1083 3427 1224 3503 Rusius,

184 3528 444 3603 circumvenior,
461 3529 582 3612 inquit,
601 3529 743 3604 iudices,
768 3530 836 3592 nisi
850 3521 1046 3594 subvenitis.
1083 3527 1231 3592 Sisenna

185 3630 268 3711 quid
289 3631 382 3692 dicat
402 3632 531 3694 nescio:
563 3644 677 3694 metuo
703 3631 858 3697 insidias.
902 3629 1127 3712 Sputatilica,
1147 3630 1231 3714 quid

185 3743 237 3792 est
260 3733 349 3794 hoc?
371 3743 475 3816 sputa
497 3732 580 3815 quid
600 3733 646 3796 sit
667 3733 750 3808 scio,
775 3731 869 3794 tilica
891 3731 1018 3794 nescio.

221 3871 248 3918 C.
269 3871 355 3932 Rusio]
391 3873 417 3924 0.
438 3874 534 3920 Erucio
552 3877 668 3934 Pighius,
695 3877 752 3920 item
771 3876 897 3920 Weicbert
920 3877 943 3919 in
963 3874 1091 3930 opusculis
1111 3887 1135 3928 p.
1158 3871 1227 3926 101„

254 3963 293 4019 qui
314 3965 414 4008 eundem
434 3965 554 4008 bominem
579 3964 705 4021 intelligit,
729 3976 798 4019 quem
823 3963 910 4008 Cicero
928 3963 989 4016 apud
1010 3959 1184 4024 Quintilianum
1203 3956 1227 4009 8,

255 4031 349 4104 unm·
388 4051 502 4095 Erucium
520 4051 699 4093 Antoniustrum
718 4053 830 4104 appellnt.

219 4153 246 4201 G.
266 4153 398 4215 Rutilium]
436 4157 514 4200 nullus
533 4156 607 4200 codex
625 4150 652 4198 G.
671 4152 810 4208 Rutilium,
836 4167 895 4210 pene
914 4164 996 4195 omnes
1016 4145 1167 4196 Chirtilium.
1188 4149 1229 4192 At.

255 4259 301 4301 qus
315 4243 437 4288 Ellendtio
457 4237 548 4302 (luhnii
566 4241 653 4285 Annei.
674 4254 730 4286 nov.
753 4237 817 4285 1836
839 4255 861 4295 p.
884 4232 944 4290 261)
963 4240 1049 4292 placet,
1072 4235 1091 4276 si
1111 4233 1229 4280 scribatur

255 4329 282 4380 G.
304 4329 437 4376 Hirtilium
457 4329 494 4373 vel
513 4329 654 4384 simpliciter
673 4325 813 4372 Hirtilium.
834 4325 955 4370 Duebner.
