2970 4836
1192 373 1232 434 59

255 541 355 585 Ceteris
376 542 443 584 locus
462 540 498 584 sie
513 539 672 596 corrigendus
693 539 739 584 eit:
760 537 837 582 Aliud
855 543 902 592 eet,
923 539 1003 596 inquit
1020 533 1088 591 Coto,
1108 535 1232 596 Philipps,

254 641 336 688 arnor,
348 619 436 686 'luinge
457 625 530 670 uliud
548 632 586 670 eet
602 624 693 684 cupido
704 637 713 671 :
734 627 844 671 accessit
861 627 933 672 illico
952 627 1025 678 alter.
1047 625 1089 670 ubi
1106 628 1174 670 alter
1192 641 1232 672 re·

255 716 356 769 νοσοίη·
374 717 445 758 ulter
462 715 541 758 banus
571 715 742 760 altermelue.
777 717 903 758 adnotavit
923 715 1082 760 Duebnerust
1103 715 1157 768 „lta
1178 718 1230 764 ced.

255 805 336 848 Paris.
358 806 403 847 nisi
423 806 485 860 quod
506 817 548 858 per
571 803 782 858 interpolationem
803 804 880 864 longe
901 817 974 862 prtum
996 803 1094 860 cupida.
1108 800 1161 838 “-

218 944 345 1004 Philippe]
387 947 411 990 ls
436 951 486 1007 est,
509 957 579 1004 quem
604 947 687 992 Liuius
712 961 803 992 aarum
824 959 855 991 ue
879 947 960 994 nubile
983 954 1095 994 ereetum
1118 951 1231 1005 appellat.

255 1033 283 1082 lu
302 1037 348 1080 boc
371 1037 441 1095 loco,
460 1033 539 1094 ligura
558 1037 659 1094 quadam
678 1037 795 1080 orationis
817 1047 889 1090 usus,
912 1038 941 1080 ad
962 1036 1099 1092 Philippum
1122 1039 1186 1082 velut
1206 1051 1232 1084 ss

257 1127 417 1176 convertens,
443 1123 504 1166 Cato
527 1124 648 1168 libidinem
670 1125 720 1168 sive
748 1138 848 1179 pravum
872 1138 980 1169 sanorem
1005 1127 1121 1184 castigat,
1148 1131 1172 1169 ut
1192 1127 1232 1186 qui

256 1211 420 1256 committendi
449 1211 564 1256 facinoris
590 1217 674 1256 auctor
695 1212 782 1256 fuisset
801 1213 908 1270 Quintio.
947 1214 1009 1256 Tota
1035 1214 1133 1257 Catonis
1155 1217 1233 1259 oratio

255 1299 278 1343 in
302 1299 424 1343 amoribus
445 1299 472 1342 L.
493 1299 621 1343 Flaminini
650 1305 672 1343 st
691 1299 795 1354 Philippi
816 1301 881 1352 pueri
899 1306 993 1344 versata
1013 1306 1058 1345 est.

496 1546 545 1605 25.
579 1545 679 1606 Oratio
703 1548 735 1604 iu
756 1547 919 1607 Manilium.

251 1678 443 1742 Plutarchus
468 1677 501 1740 in
526 1678 651 1744 Catone
677 1680 730 1742 17.
757 1679 878 1743 refert:
907 1675 1033 1747 ’Ἁλλον
1052 1683 1087 1747 δέ
1110 1684 1234 1767 βουλῆς

186 1781 336 1867 ἐξέβαλεν
359 1776 555 1848 ὑπατεύσειν
577 1781 726 1863 ἐπίδοξον
752 1779 844 1864 ὄντα,
868 1784 1073 1863 Μανίλλιον,
1098 1776 1151 1852 ὅτι
1176 1783 1235 1868 τὴν

186 1880 292 1950 αὐτοῦ
318 1887 460 1970 γυναῖκα
485 1879 565 1971 μεθ’
588 1879 715 1975 ἡμέραν
737 1879 865 1970 ὁρώσης
890 1886 947 1967 τῆς
973 1884 1150 1978 θυγατρὸς
1175 1912 1235 1954 κα·

185 1987 369 2078 capitanea.
408 1981 519 2078 ‘Aurgi
547 1982 580 2053 δ’
609 1987 673 2080 ἔφη
701 1983 762 2069 τὴν
789 1993 930 2074 γυναῖκα
958 1992 1121 2075 μηδέποτε
1150 1988 1235 2073 πλὴν

185 2090 328 2177 βροντῆς
344 2084 491 2177 μεγάλης
513 2094 687 2178 γενομένης
700 2091 951 2180 περιπλακῆναι,
971 2097 1027 2158 καὶ
1050 2090 1134 2181 μετὰ
1156 2119 1235 2161 παι·

187 2193 262 2271 διᾶς
277 2188 375 2259 εἰπεῖν
391 2187 503 2274 αὐτὸν,
522 2188 565 2271 ὡς
579 2188 746 2283 μακάριός
764 2195 835 2260 έστι
850 2195 910 2260 τοῦ
924 2191 1003 2273 Διὸς
1020 2197 1235 2286 βροντῶντος.

250 2297 340 2359 Idem
361 2295 464 2360 refert
483 2295 515 2358 in
540 2295 730 2379 Praeceptis
755 2295 981 2380 coniugalibus
1003 2299 1046 2363 T.
1067 2301 1099 2363 7.
1120 2321 1154 2382 p.
1173 2301 1235 2364 tlt

187 2401 239 2462 ed.
262 2401 358 2462 Hutt.
404 2401 443 2462 ld
465 2420 538 2463 sane
561 2421 700 2462 summae
727 2399 908 2463 severitatis
939 2401 1104 2465 censoriae
1126 2425 1235 2466 roma·

186 2523 245 2564 uae
268 2500 449 2583 exemplum
474 2515 533 2578 est,
561 2501 707 2584 quadis,
736 2501 791 2586 qui
815 2502 913 2565 uxori
939 2525 1013 2564 suae
1037 2514 1148 2566 coram
1168 2505 1235 2568 filia

188 2605 296 2667 oscula
322 2607 470 2682 dederat,
498 2603 691 2668 libidinosus
716 2627 784 2668 esse
810 2603 1046 2667 existimaretur
1067 2616 1098 2668 et
1120 2628 1137 2668 a
1161 2627 1238 2669 cen·

188 2727 263 2769 sore
290 2718 491 2771 notareturs
516 2705 615 2772 Cani.
648 2711 687 2769 de
716 2709 777 2770 hac
804 2704 978 2771 acerbitate
1005 2729 1128 2772 morum
1156 2711 1235 2774 Pai-

188 2809 313 2872 'damas
338 2809 405 2873 Die
428 2809 596 2873 rtimische
617 2811 744 2874 Erotis
764 2833 799 2892 p.
822 2811 873 2872 18.

254 2911 334 2993 Quis
354 2912 395 2975 sit
416 2911 471 2976 ille
497 2911 653 2976 Manilius
673 2913 754 2990 (sive
777 2914 936 2988 Manlius,
957 2926 991 2976 ut
1015 2913 1068 2976 alii
1091 2915 1234 2994 volunt),

187 3013 330 3098 ignoro,
362 3037 434 3077 curn
457 3017 567 3098 plures
589 3027 665 3078 tuuc
686 3016 842 3097 temporis
861 3015 989 3080 Manilii
1011 3029 1120 3080 essent
1134 3017 1237 3101 magi·

188 3127 318 3180 stratus.
365 3117 505 3201 Pighius
531 3131 633 3182 autern
657 3117 690 3180 iu
716 3117 896 3180 Annalibus
924 3122 965 3181 T.
989 3121 1021 3182 2.
1038 3141 1073 3200 p.
1090 3120 1165 3183 326.
1193 3123 1235 3184 P.

189 3219 346 3282 Manlium
369 3220 548 3285 Vulsouem
571 3231 753 3303 praetorem
774 3219 846 3283 anni
864 3223 925 3286 572
946 3221 1037 3303 (182)
1055 3221 1237 3306 intelligen-

190 3322 262 3383 dum
292 3321 384 3386 dicit.
1263 3409 1271 3413 Π

252 3426 410 3488 Fortasse
445 3424 575 3489 Manius
612 3425 767 3489 Manilius
796 3425 1038 3512 intelligendus,
1071 3425 1127 3511 qui
1155 3447 1238 3491 anuo

190 3527 315 3590 demum
336 3529 396 3592 605
417 3525 508 3613 (149)
532 3530 731 3593 consulatum
758 3529 870 3614 gessit.

512 3787 561 3846 26.
593 3787 693 3846 Oratio
714 3788 745 3846 iu
768 3788 914 3856 Nasicam.

256 3915 377 3981 Cicero
399 3919 438 3981 de
460 3919 602 3983 Oratore
623 3919 655 3996 2,
680 3919 731 3994 64,
750 3919 824 3982 260.
855 3918 1012 3984 Ridicule
1032 3919 1137 3982 etiam
1152 3919 1240 3981 iilud

190 4023 234 4083 L.
264 4019 439 4100 [Portius]
466 4023 600 4086 Nasica
628 4022 764 4085 censori
792 4022 934 4094 Catoni,
966 4043 1045 4083 cum
1069 4024 1147 4084 ille:
1178 4024 1239 4084 Ex

190 4121 244 4184 tui
267 4121 377 4184 animi
404 4124 640 4187 sententiata
670 4145 819 4188 uxorem
846 4123 977 4184 habes?
1002 4123 1085 4186 Non
1107 4126 1239 4196 meher-

190 4225 279 4298 cule,
303 4224 428 4307 inquit,
453 4247 500 4288 aar
522 4226 588 4288 mei
609 4226 718 4289 animi
739 4223 922 4288 sententia.

246 4326 381 4390 Gellius
405 4327 437 4405 ll,
457 4326 511 4390 20.
534 4331 630 4392 Inter
653 4345 836 4392 censorum
852 4321 1052 4385 severitates
1071 4326 1143 4390 tria
1159 4329 1240 4388 haee
