2984 4842
1158 363 1220 428 359

235 495 399 590 Extnbaut
421 520 581 586 orationes
603 520 814 585 Lucullorum
836 519 868 582 iu
891 539 989 602 opere
1013 519 1170 584 Muciani.

158 720 165 726 ,
235 649 315 710 Tac.
348 643 435 708 Dial.
465 644 503 705 dc
530 643 624 706 Orat.
656 641 708 704 37.
759 641 888 706 Nescio
920 661 965 702 an
997 641 1149 704 venerint
1179 641 1214 702 in

171 771 294 814 manus
311 757 441 810 uestras
463 748 543 808 lroec
565 758 697 819 vetera,
721 764 808 826 quae
831 744 921 805 etin
936 742 1215 826 antiquariorum

171 851 380 917 bibliothecis
397 847 508 910 adhuc
530 857 667 910 manent
688 857 722 908 et
743 865 820 907 cum
843 843 995 907 maxime
1010 865 1032 907 a
1047 844 1215 908 Muciano

170 955 440 1024 contrahuntur,
464 972 503 1012 oc
527 950 598 1011 iam
620 948 794 1021 undecim,
821 959 858 1008 ut
880 947 1022 1028 opinor,
1048 949 1215 1010 Actorum

170 1055 267 1120 libris
290 1066 322 1116 et
344 1054 454 1116 tribus
478 1051 715 1132 Epistularum
743 1049 935 1132 composita
955 1061 988 1111 et
1010 1047 1103 1128 edita
1124 1060 1216 1112 sunt.

171 1183 217 1223 ex
233 1159 276 1221 iis
298 1155 447 1238 intelligi
465 1165 598 1236 potest,
623 1157 685 1217 Cn.
709 1153 909 1234 Pompeium
931 1161 963 1214 et
979 1153 1034 1214 M.
1051 1154 1215 1214 Crassum

171 1282 239 1324 non
269 1260 397 1322 uiribus
428 1257 530 1318 modo
563 1267 596 1317 et
625 1254 733 1316 armis
766 1254 827 1316 sed
856 1253 996 1336 ingenio
1028 1261 1217 1336 quoquest

172 1363 329 1428 oratione
358 1360 522 1430 uoluisse,·
553 1359 715 1419 Lentulos
745 1368 777 1418 et
807 1357 968 1419 Metellos
999 1365 1032 1416 et
1055 1354 1217 1416 Lucullos
1266 1413 1268 1417 ,

172 1479 205 1530 et
227 1465 391 1530 Curiones
414 1473 447 1524 et
469 1471 619 1522 ceteram
643 1478 827 1539 procerum
850 1478 989 1518 manum
1012 1459 1157 1518 insultum
1180 1454 1216 1516 in

172 1570 225 1632 iris
247 1567 371 1632 studiis
393 1584 518 1645 operae
540 1581 709 1644 curaeque
729 1559 904 1642 posuisse,
931 1577 989 1621 nec
1012 1577 1216 1642 quemquam

172 1671 241 1734 illis
263 1667 476 1750 temporibus
505 1685 668 1746 magnam
694 1661 885 1746 potentiam
913 1661 985 1726 sinc
1007 1661 1125 1744 aliqua
1145 1662 1214 1722 clo·

171 1771 311 1858 quentia
331 1778 562 1833 consecutum.

207 1933 223 1962 a
240 1913 370 1974 Muciano]
407 1920 471 1958 tolus
491 1915 557 1958 lorus
577 1911 639 1955 infra
658 1912 681 1955 in
700 1909 816 1967 Pompeio
835 1909 1004 1965 explicabitur.

140 2042 144 2051 “
190 2109 193 2112 ,
238 2036 323 2105 Plut.
344 2033 499 2096 Lucullus
526 2038 557 2094 1.
609 2023 652 2094 ‘O
685 2031 720 2094 δὲ
752 2023 967 2108 Λούκουλλος
1002 2023 1126 2108 ἤσκητο
1161 2031 1218 2091 καὶ

174 2143 276 2224 λέγειν
305 2138 423 2212 ἱκανῶς
452 2135 609 2223 ἑκατέραν
635 2132 802 2217 γλῶσσαν·
832 2116 872 2210 ἦν
900 2125 964 2218 γὰρ
994 2123 1053 2194 οὐκ
1081 2129 1131 2192 ἐπὶ
1160 2121 1218 2206 τὴν

171 2242 285 2331 χρείαν
313 2235 417 2326 μόνην
449 2232 587 2323 ἐμμελὴς
620 2229 724 2300 αὐτοῦ
764 2236 819 2298 καὶ
850 2226 1023 2320 πρόχειρος
1057 2224 1076 2294 ὁ
1107 2223 1216 2313 λόγος,

173 2338 333 2426 καθάπερ
350 2335 445 2406 ὁτῶν
467 2334 575 2404 ἄλλων
597 2333 656 2416 τὴν
676 2343 735 2421 μὲν
751 2329 878 2423 ἀγορὰν
903 2327 1057 2410 „sicima
1078 2332 1218 2414 βολαῖος

175 2447 318 2528 πέλαγος
343 2435 385 2518 ὣς
406 2435 606 2530 ὃαοτρόβει“
636 2431 806 2522 γενόμενος
833 2437 869 2500 δὲ
899 2458 957 2513 της
978 2456 1105 2520 αγορας
1126 2453 1218 2506 curce

176 2533 281 2628 „ivor
299 2541 444 2634 ἀμουσίᾳ
465 2536 665 2622 ττθνηκὼς,“
688 2534 774 2605 ἄλλα
796 2541 851 2603 καὶ
873 2530 931 2616 τὴν
953 2533 1073 2619 ἐμμελῆ
1097 2528 1218 2610 ταύτην

175 2649 420 2734 collocutum
442 2647 633 2732 ἐλευθέριον
655 2643 706 2707 ἐντὶ
728 2640 772 2732 τῷ
796 2637 886 2730 καλῷ
899 2641 1127 2727 προσεποιεῖτο
1142 2659 1219 2701 παι-

175 2751 265 2818 δείαν
287 2750 334 2818 ἔτι
355 2754 410 2816 καὶ
431 2741 601 2837 μειράκιον
624 2739 676 2812 ὤν.

339 2927 364 2983 1.
406 2924 504 2983 Oratio
524 2923 662 2981 adversus
681 2921 713 2978 P.
738 2919 891 2977 Servilium
911 2930 1057 2986 augurum.

240 3061 324 3122 Acta
353 3069 400 3121 cst
426 3075 519 3120 causa
545 3077 574 3119 a.
602 3053 663 3115 662
685 3049 768 3136 (92),
793 3049 820 3112 si
849 3047 970 3130 Pighio
997 3045 1075 3108 fides
1097 3051 1145 3105 est
1164 3043 1220 3104 ad·

177 3161 328 3224 hibenda.
373 3159 416 3222 L.
438 3157 592 3220 Lucullus
616 3178 687 3220 oum
714 3154 832 3216 Marco
855 3150 956 3213 fratrc
983 3149 1025 3213 P.
1049 3142 1221 3208 Servilium

179 3285 350 3349 augurem,
382 3259 482 3342 patris
518 3270 752 3331 accusatorem,
791 3252 845 3338 (P.
883 3249 1054 3314 Servilium
1091 3244 1222 3310 Vatium

177 3366 353 3430 Isauricum
382 3385 450 3426 cos.
487 3384 517 3425 a.
551 3363 611 3422 675
647 3357 713 3443 (79)
739 3355 877 3440 appellat
906 3351 1047 3418 Orellius
1074 3348 1107 3412 in
1130 3347 1224 3414 Ouo·

180 3468 326 3546 mastico)
352 3488 440 3530 reum
465 3465 621 3531 fecerunt.

242 3586 450 3671 Quintilli,
476 3587 513 3662 7,
542 3587 572 3654 3.
615 3583 793 3664 Principes
815 3579 851 3640 in
873 3574 1048 3658 republica
1069 3570 1135 3634 viri
1155 3587 1224 3632 non

87 3743 88 3746 τ
180 3692 456 3754 detrectaverunt
482 3689 569 3749 hanc
591 3683 713 3776 officii
730 3692 867 3765 partem
891 3672 1127 3757 (accusatoris),
1152 3692 1225 3734 cre·

181 3793 310 3875 ditique
332 3804 413 3855 surrt
442 3790 546 3867 etiam
567 3788 653 3851 clari
681 3787 818 3850 iuuenes
846 3780 999 3844 obsidem
1021 3775 1226 3857 reipublicae

182 3895 267 3956 clare
284 3895 453 3957 malorum
475 3891 602 3954 ciuium
621 3887 898 3958 accusationem,
923 3881 1008 3965 quia
1029 3899 1089 3939 nec
1111 3874 1226 3938 odisse

181 3995 357 4080 improbos
385 4017 446 4060 nec
474 3994 663 4063 simultates
693 4006 884 4072 prouocare
916 3981 984 4045 nisi
1017 3999 1065 4041 eac
1087 3971 1228 4051 fiducia

181 4101 289 4164 bonae
311 4098 437 4162 mentis
453 4087 677 4158 'videbantum
725 4089 832 4171 quue
861 4103 939 4146 cum
960 4079 1003 4141 ab
1024 4072 1226 4148 Hortensio,

182 4201 350 4278 Lucullis,
376 4197 539 4281 Srrlpicio,
563 4193 743 4263 Cicerone,
768 4192 930 4256 Caesare,
952 4174 1115 4261 plurimis
1135 4171 1227 4248 aliis,

182 4316 258 4368 tum
279 4304 323 4368 ab
345 4312 492 4384 utroquo
513 4299 643 4362 Catone
653 4288 802 4384 factum
823 4297 887 4351 est.
