2992 4840
403 568 430 624 1.
463 565 561 624 Oratio
581 583 633 640 pro
650 567 750 626 Servio
769 567 868 626 Fulvio
888 567 924 625 de
944 569 1065 626 incestu.

270 721 453 794 Incertum,
487 741 553 804 quo
580 740 663 782 anno
690 739 783 782 cansa
809 717 849 782 sit
878 730 960 785 acta.
989 740 1046 782 nec
1072 721 1110 784 de
1137 719 1253 784 Servio

207 822 326 888 Fulvio
356 820 528 906 quidquam
557 832 693 886 constat.
722 842 812 896 nam,
846 824 935 906 quod
965 821 1105 886 nonnulli
1129 821 1252 898 dicunt,

206 927 368 990 consulem
389 923 487 987 fuisse
515 947 544 988 a.
567 925 628 988 619
651 924 756 1002 (135),
788 944 846 987 nec
869 925 1033 1000 affirmari,
1060 945 1118 987 nec
1141 923 1253 1008 negari

204 1039 323 1110 potest.

269 1128 389 1194 Cicero
407 1131 509 1192 Bruto
531 1129 581 1192 32.
626 1129 732 1194 Curio
743 1126 829 1216 fuit
849 1149 932 1191 sane
959 1128 1108 1191 illustris
1129 1142 1252 1194 orator

204 1232 303 1296 cuiue
320 1233 361 1294 de
374 1231 515 1314 ingenio
534 1255 581 1294 ex
596 1232 812 1294 orationibus
824 1231 897 1293 eius
910 1231 1109 1293 existimari
1121 1244 1248 1314 potest.

204 1339 291 1402 Sunt
315 1334 405 1396 enim
433 1347 466 1396 et
490 1334 581 1396 oliae
607 1345 640 1396 et
666 1355 734 1416 pro
760 1333 879 1397 Seruio
906 1333 1024 1396 Fulvio
1050 1334 1091 1396 de
1117 1335 1250 1398 incestu

203 1437 327 1502 nobilio
360 1437 487 1500 oratio.
533 1436 645 1502 Nobis
670 1436 806 1520 quidem
834 1435 954 1517 pueris
983 1437 1065 1498 hoec
1096 1436 1249 1500 omnium

202 1540 335 1624 optima
358 1539 572 1620 putabatur,
606 1559 693 1622 quae
722 1539 784 1600 vix
812 1538 882 1600 iam
913 1550 1089 1620 comparet
1121 1539 1157 1600 in
1186 1541 1251 1602 hac

202 1642 305 1704 turbo
330 1663 497 1705 novorum
524 1641 747 1706 voluminum.
772 1675 813 1686 -
839 1640 947 1722 Atqui
968 1642 1069 1716 haec,
1095 1640 1247 1724 inquom,

203 1743 244 1806 de
271 1743 404 1806 incestu
434 1745 578 1806 laudata
610 1743 725 1807 oratio
748 1743 894 1825 puerilis
925 1753 976 1806 eot
1005 1743 1088 1806 locis
1114 1744 1249 1818 multi&

202 1845 243 1907 de
264 1867 402 1920 amore,
431 1845 473 1908 de
497 1845 694 1920 tormentis,
720 1845 760 1908 de
777 1867 916 1908 rumore
932 1845 998 1908 loci
1017 1866 1099 1906 sane
1114 1845 1245 1922 inanem

202 1960 435 2010 verumtamen
457 1949 608 2011 nondum
624 1947 716 2010 tritis
740 1960 941 2011 nostrorum
959 1948 1135 2010 hominum
1149 1948 1246 2011 auri·

201 2051 264 2112 bus
288 2072 348 2112 nec
374 2050 513 2112 erudito
537 2051 673 2113 civitate
694 2051 896 2114 tolerabilis.

264 2151 395 2216 Scholia
428 2152 600 2215 Bobiensin
631 2153 662 2215 in
690 2150 761 2215 Cic.
791 2153 852 2215 Or.
883 2150 914 2214 in
942 2150 1091 2215 Clodium
1125 2174 1158 2233 p.
1187 2153 1249 2214 330

201 2258 252 2318 ed.
280 2255 399 2318 Orelli.
457 2260 545 2318 Tres
575 2256 644 2318 illic
677 2254 887 2336 temporibus
917 2255 1082 2318 Curiones
1120 2253 1248 2318 illustri

200 2357 336 2420 nomine
362 2358 573 2434 extiterunt,
604 2370 707 2441 atque
729 2357 779 2418 itu
804 2356 839 2418 in
864 2355 960 2418 libris
987 2357 1098 2418 adhuc
1110 2355 1247 2444 ferun·
1269 2344 1285 2364 ⁶

201 2470 280 2522 tur:
302 2461 407 2524 Curio
430 2482 532 2534 nouo,
563 2460 622 2544 qui
644 2458 800 2522 Servium
825 2457 981 2521 Fuluium
1007 2457 1127 2520 incesti
1149 2479 1248 2520 reum

201 2558 379 2652 defendit,
403 2575 436 2625 et
464 2562 517 2624 hic
543 2567 581 2626 C.
606 2561 712 2626 Curio
733 2572 853 2642 poter,
886 2558 945 2642 qui
975 2562 1014 2622 P.
1039 2558 1160 2622 Clodio
1185 2559 1247 2619 ad·
1278 2551 1279 2555 ¹

187 2662 293 2754 suin·
316 2677 348 2728 et
373 2667 498 2728 tertius
520 2665 576 2727 ille
597 2663 703 2728 Curio
724 2662 942 2738 tribunicius,
967 2661 1026 2744 qui
1047 2661 1133 2724 bello
1156 2659 1248 2724 cicili

199 2768 409 2850 Pompeiano
435 2768 471 2830 in
492 2766 623 2855 Africa
644 2766 763 2850 periit.

236 2912 263 2956 in
281 2910 373 2972 libris]
410 2915 432 2957 in
453 2913 611 2959 orationibus.

262 3057 381 3123 Cicero
417 3062 456 3122 de
487 3059 674 3123 Inventione
708 3057 830 3138 nnn.
875 3057 977 3140 Quod
995 3079 1062 3139 pro
1087 3055 1243 3119 credibili

198 3174 350 3224 sumtum
375 3161 458 3237 erit,
483 3162 520 3225 id
545 3161 579 3223 in
599 3160 802 3236 amabitur,
827 3159 859 3222 oi
880 3161 932 3235 id,
958 3159 1051 3244 quod
1073 3182 1155 3222 raro
1173 3159 1243 3236 fit,

133 3330 135 3334 ,
188 3263 435 3341 fleriomnino
451 3276 613 3346 negetur,
638 3275 676 3325 ut
692 3263 824 3328 Curio
843 3284 924 3344 pro
942 3263 1110 3326 Fuluio:
1132 3263 1246 3326 Nemo
1287 3307 1328 3321 „-

193 3378 309 3447 potest
340 3387 409 3430 uno
431 3367 617 3450 adspectu,
652 3387 759 3450 neque
781 3365 997 3448 praeteriens
1027 3365 1061 3427 in
1091 3385 1246 3428 amorem

198 3468 361 3530 incidere.

260 3580 388 3642 Auctor
418 3583 457 3642 ad
488 3581 684 3646 Herennium
716 3583 756 3658 2,
788 3583 841 3643 20.
898 3579 1035 3646 Vitiosa
1069 3579 1245 3662 expositio

196 3693 264 3756 est,
294 3704 373 3744 cum
398 3682 453 3759 id,
470 3690 472 3694 ‘
487 3685 579 3767 quod
603 3706 686 3746 raro
702 3683 774 3759 fit,
800 3681 892 3758 fleri
912 3682 1052 3744 omnino
1075 3694 1244 3764 negatur,

196 3783 260 3844 hoc
282 3785 404 3848 modo:
426 3787 540 3850 Nemo
560 3797 674 3868 potest
699 3807 768 3848 uno
793 3784 958 3868 adspectu
983 3805 1089 3868 neque
1106 3795 1243 3865 proete-

197 3883 291 3948 rieno
313 3887 348 3948 in
370 3910 525 3952 amorem
547 3889 709 3952 incidere.

439 4099 603 4157 xxxvln.
644 4101 686 4160 M.
708 4101 841 4158 Aemilius
861 4099 992 4156 Scaurus.

257 4229 361 4292 Natus
383 4241 431 4293 cot
453 4253 483 4294 a.
508 4231 567 4294 591
593 4227 694 4314 (163).
739 4232 963 4312 Proquaestor
990 4248 1020 4288 a.
1048 4224 1109 4286 (228
1135 4223 1241 4302 (126),

194 4327 306 4393 aedilis
326 4331 444 4395 curulis
464 4354 494 4396 a.
521 4333 581 4395 631
609 4332 713 4413 (133),
741 4342 873 4416 praetor
895 4351 925 4395 a.
950 4326 1011 4391 631
1036 4327 1142 4408 (120),
1165 4347 1242 4390 con-
