2984 4842
540 559 655 616 LXXV.
696 561 729 616 Ι..
752 561 862 636 Serpius
884 562 1014 620 Catilina,

318 692 473 776 Aequalis
492 693 562 755 iere
583 692 764 756 Ciceronis.
788 695 927 758 Praetor
947 717 975 758 a.
1002 697 1062 758 686
1083 697 1164 774 (68).
1188 695 1300 759 deinde

256 795 401 858 Africam
420 793 622 876 provinciam
642 794 791 871 obtinuit,
817 799 897 861 unde
924 819 1082 873 reversus,
1103 821 1133 860 a.
1156 800 1217 862 689
1233 798 1302 883 (65)

254 901 500 978 repetundarum
536 897 617 962 dixit
651 919 788 960 causam.
833 901 876 962 A.
917 901 978 962 690
1011 902 1078 978 (fill)
1104 900 1299 964 consulatum

253 1003 400 1081 petebat;
428 1002 481 1061 sed
512 1000 648 1062 ambitus
678 1001 857 1082 postulatus
887 1026 903 1065 a
928 1003 1106 1078 Cicerone,
1141 1004 1298 1084 repulsam

253 1101 335 1164 tulit.
355 1102 411 1164 Bis
431 1114 543 1166 contra
567 1104 795 1186 rempublicam
822 1105 1013 1180 coniuravit,
1037 1106 1172 1188 primum
1190 1129 1217 1168 a.
1238 1107 1300 1169 688

253 1203 339 1287 (66),
364 1206 476 1268 deinde
500 1228 529 1269 a.
554 1207 617 1271 690
645 1205 726 1290 (66);
759 1210 813 1269 sed
835 1211 926 1272 'haec
948 1208 1146 1284 coniuratio,
1174 1232 1242 1270 cum
1268 1232 1297 1272 a.

253 1309 311 1371 691
337 1307 405 1392 (63)
434 1321 583 1391 eruptura
612 1322 710 1386 esset,
741 1332 757 1371 a
785 1310 944 1376 Cicerone
972 1315 1101 1376 consule
1126 1311 1297 1396 detegitur.

254 1410 393 1476 Catilina
414 1413 526 1496 effugit
551 1413 745 1498 proelioque
773 1415 932 1478 occiditur
953 1437 982 1478 a.
1011 1416 1072 1479 692
1092 1417 1172 1496 (62).
1199 1403 1297 1479 Coni.

253 1514 418 1578 Druruann
446 1528 470 1577 t.
500 1519 529 1581 5.
556 1540 589 1598 p.
619 1518 694 1580 888.

547 1694 646 1750 Oratio
667 1696 805 1749 adversos
827 1693 1005 1750 Ciceronem.

259 1905 262 1910 Ι
317 1825 399 1886 Acta
421 1834 469 1884 est
493 1843 584 1884 causa
613 1845 643 1885 a.
672 1824 734 1886 690
759 1824 836 1899 (66),
873 1825 937 1887 Sex
963 1827 1192 1907 competitores
1219 1849 1299 1892 con-

249 1925 367 1988 solatus
391 1924 482 1988 fuere
506 1947 534 1988 a.
565 1927 628 1988 690
655 1925 740 2001 (66),
765 1924 847 1988 inter
873 1948 955 2012 quos
980 1926 1136 2005 Catilina,
1161 1929 1202 1994 C.
1230 1936 1297 1995 An-

248 2027 369 2104 tonius,
395 2028 527 2092 Cicero.
561 2027 698 2091 Catilina
723 2038 753 2088 et
780 2029 937 2092 Antonius
957 2032 1005 2110 (ut
1029 2035 1124 2095 modo
1144 2033 1295 2114 diximus)

249 2154 266 2194 a
301 2132 461 2196 Cicerone
500 2130 635 2192 ambitus
672 2141 873 2194 accusantur.
919 2132 1003 2196 Vide
1041 2138 1296 2218 Argumentum

251 2236 393 2299 Asconii
407 2235 444 2297 in.
459 2233 633 2298 Ciceronis
650 2234 842 2296 orationem
861 2235 896 2296 in
912 2248 998 2317 toga
1011 2239 1160 2302 candida
1174 2217 1296 2303 contra

226 2342 287 2404 ⁴0.
313 2338 500 2402 Antonium
530 2348 563 2398 et
593 2341 634 2399 L.
665 2336 849 2400 Catilinam
875 2341 1115 2421 competitores
1137 2365 1214 2426 pag.
1239 2343 1293 2405 82.

313 2442 491 2503 Ferebatur
518 2437 622 2503 oratio
643 2437 799 2504 Catilinae
822 2443 975 2504 adversus
1001 2441 1205 2521 Ciceronem,
1229 2466 1294 2509 non

250 2546 290 2608 ab
315 2544 387 2625 ipso
413 2541 567 2617 Catilina,
595 2564 700 2605 rerum
728 2562 745 2602 a
772 2543 903 2606 rhetore
929 2549 1067 2628 quodam
1090 2547 1219 2630 scripta.

312 2645 474 2712 Asconius
496 2644 529 2707 iu
553 2647 648 2709 Orat.
674 2643 707 2706 in
733 2655 800 2727 tog.
827 2648 920 2710 cand.
943 2668 978 2727 p.
1005 2648 1057 2711 95.
1102 2651 1192 2714 Huic
1215 2672 1295 2714 ora·

249 2753 337 2816 tioni
363 2751 538 2816 Ciceronis
559 2760 592 2812 et
622 2748 772 2814 Catilina
800 2760 833 2810 et
855 2751 1028 2814 Antonius
1049 2753 1293 2816 contumeliose

249 2855 519 2940 responderunt,
543 2851 636 2937 quod
656 2853 768 2914 solum
787 2862 972 2932 poterant,
994 2853 1118 2917 innecti
1139 2855 1175 2917 in
1196 2856 1291 2918 noui·

247 2972 354 3024 tatem
365 2959 451 3022 eius.
485 2961 655 3019 Feruntur
670 2975 803 3037 quoque
818 2955 994 3018 orationes
1006 2957 1142 3019 nomine
1152 2957 1292 3020 illorum

247 3063 378 3136 editae,
404 3080 470 3122 non
497 3057 540 3120 ab
568 3057 653 3138 ipsis
676 3056 845 3138 scriptae,
878 3058 939 3120 sed
959 3059 1013 3122 ,ab
1035 3059 1209 3123 Ciceronis
1233 3061 1291 3124 ob·

246 3163 506 3234 tractatoribus,
529 3181 617 3244 quas
639 3159 754 3221 nescio
775 3180 821 3220 an
843 3159 953 3222 satius
976 3161 1021 3224 sit
1042 3162 1220 3244 ignorare.

312 3264 441 3329 Scholia
463 3261 636 3326 Bobiensia
659 3261 691 3324 in
716 3263 808 3330 Orat.
833 3285 867 3344 p.
892 3263 977 3326 Sulla
1003 3286 1037 3345 p.
1063 3265 1137 3327 363.
1182 3266 1291 3330 Novi.

246 3383 352 3436 tatem
374 3367 548 3434 Ciceronis
576 3364 676 3428 multi
701 3363 839 3447 quidem
863 3387 928 3447 per
950 3365 1010 3428 ilia
1031 3378 1190 3448 tempora
1211 3388 1291 3429 con·
1360 3407 1373 3432 .

247 3472 398 3539 tumeliis
419 3471 555 3554 agitare
578 3471 778 3541 voluerunt,
808 3481 846 3529 ut
868 3469 1018 3533 Catilina
1038 3481 1071 3534 et
1093 3469 1234 3533 Clodius
1256 3483 1290 3533 et

246 3579 337 3660 ipse,
362 3574 517 3659 quamuis
539 3574 671 3656 collega
681 3569 823 3661 fuerit,
849 3573 887 3635 C.
912 3572 1097 3636 Antonius.

309 3675 507 3742 Declamatio
535 3672 655 3757 antiqui
678 3672 818 3736 rhetoris
842 3693 904 3736 nou
935 3673 1069 3756 amplius
1095 3685 1198 3750 extat,
1229 3674 1289 3739 alia

245 3794 365 3856 autem,
384 3777 619 3842 recentioribus
638 3776 713 3839 ficta
741 3775 958 3856 temporibus,
979 3776 1156 3840 etiamnunc
1172 3777 1289 3855 fertur,

244 3897 338 3972 atque
368 3880 504 3965 primum
525 3879 610 3962 typis
633 3899 785 3959 expressa
810 3889 873 3952 est,
901 3890 934 3939 ut
958 3879 1086 3944 Orellio
1111 3879 1237 3943 videtur
1257 3877 1290 3970 in

245 3988 361 4052 Indice
393 3983 595 4050 Editionum
629 3981 845 4062 Scriptorum
877 3981 1052 4046 Ciceronis
1079 4005 1114 4064 p.
1140 3983 1233 4062 268,
1258 3981 1290 4044 in

244 4088 395 4162 editione,
408 4085 498 4148 cuins
513 4083 622 4146 titulus
638 4094 703 4144 est:
725 4083 910 4147 Orationes
933 4087 967 4149 V
979 4085 1154 4149 Ciceronis
1169 4097 1291 4149 contra

245 4183 443 4253 Catilinam.
468 4186 591 4251 Oratio
607 4184 772 4247 invectiva
793 4197 914 4250 contra
929 4187 1140 4251 Ciceronem.
1165 4187 1290 4251 Oratio

246 4289 360 4368 Crispi
383 4287 540 4351 Sallustii
567 4299 690 4352 contra
721 4287 929 4352 Ciceronem.
966 4291 1020 4355 M.
1047 4294 1090 4354 T.
1114 4288 1290 4354 Ciceronis
