2976 4844
246 314 308 377 loc

243 474 435 556 quodcum
461 493 544 556 rege
568 477 671 537 Perse
694 474 887 558 gessimus,
916 474 1133 538 Rhodiorum
1158 476 1292 554 ciuitas,

247 596 377 657 magua
400 587 502 659 atque
529 575 735 660 magnifica,
759 598 846 661 quae
865 577 989 659 populi
1013 577 1150 640 romani
1172 581 1293 661 opibus

243 690 416 753 creuerat,
440 678 555 757 infida
578 692 680 762 atque
705 679 856 742 advorsa
878 680 976 744 nobis
990 677 1097 770 fuit,·
1119 681 1181 742 sed
1198 693 1295 765 post-

244 801 348 864 quam
371 782 458 844 bello
482 781 644 872 corffecto
666 782 707 845 de
733 783 879 846 Rhodiis
901 785 1096 845 consultum
1121 795 1192 861 est,
1221 805 1295 846 ma-

243 883 337 947 iores
366 883 498 961 nostri,
534 906 575 947 ne
606 884 683 968 quis
706 885 908 948 divitiarum
934 886 1049 969 magis
1074 907 1178 970 quam
1203 888 1295 950 iniu-

245 986 320 1049 riae
349 1007 456 1049 causa
483 987 608 1050 bellum
638 987 811 1072 inceptum
842 988 993 1064 diceret,
1010 990 1206 1070 inpunitos
1235 1011 1295 1053 eos

246 1089 421 1152 dimisere.

311 1192 435 1255 Gellius
461 1197 489 1267 7,
512 1194 543 1259 3.
575 1197 663 1259 Cato
685 1193 733 1256 sic
755 1215 892 1257 exorsus
914 1205 961 1256 est
987 1192 1186 1257 orationem:

215 1293 221 1315 ¹
313 1297 344 1356 1.
369 1296 449 1360 ‘Scio
483 1299 594 1361 solere
622 1297 797 1380 plerisque
826 1295 1022 1359 bominibus
1049 1296 1086 1357 in
1115 1297 1217 1359 rebus
1242 1317 1295 1360 se·

249 1399 373 1460 cundis
404 1411 508 1482 atque
537 1399 691 1482 prolixis
720 1411 822 1482 atque
846 1400 1027 1482 prosperis
1053 1400 1208 1462 animum
1232 1423 1294 1464 eu·-

244 1502 376 1576 cellere,
405 1513 508 1586 atque
536 1502 734 1583 superbiam
764 1513 867 1584 atque
886 1499 1072 1591 ferociam
1103 1523 1292 1586 augescere

247 1614 351 1686 atque
373 1625 538 1666 crescere.
582 1603 686 1686 Quod
712 1604 796 1666 mihi
818 1623 908 1665 nunc
932 1625 1081 1687 magnae
1103 1626 1207 1667 curae
1229 1616 1292 1682 est,

247 1705 341 1788 quad
362 1707 448 1768 baec
470 1727 527 1768 res
556 1718 629 1767 tam
658 1706 803 1770 secunde
823 1707 1055 1788 processerit,
1084 1728 1126 1770 ne
1151 1708 1235 1792 quid
1259 1708 1294 1770 in

247 1809 460 1871 consulendo
488 1808 629 1870 advorsi
658 1808 808 1883 eveniat,
839 1810 933 1892 quod
961 1823 1101 1874 nostras
1128 1811 1296 1873 secundas

247 1931 305 1973 res
328 1908 500 2000 confutet,
527 1931 608 1974 neve
631 1913 714 1973 haec
734 1911 869 1973 laetitia
893 1912 996 1976 nimis
1016 1913 1200 1976 luxuriose
1221 1935 1292 1976 eve·

248 2013 337 2076 niat.
383 2015 414 2074 2.
441 2013 619 2076 Advorsae
639 2035 696 2076 res
712 2013 873 2076 edomant
893 2027 927 2077 et
949 2015 1082 2090 docent,
1102 2017 1187 2099 quid
1207 2035 1296 2094 opus

249 2117 295 2180 sit
308 2113 433 2204 facto,
461 2116 630 2178 secundae
656 2137 712 2179 res
734 2116 868 2180 laetitia
892 2129 1128 2180 transuersum
1155 2117 1296 2179 trudere

248 2222 358 2282 solent
389 2241 413 2282 a
444 2231 535 2282 recte
567 2219 777 2282 consulendo
805 2231 907 2304 atque
935 2217 1173 2300 intelligendo.
1217 2221 1296 2300 Quo

250 2322 383 2385 maiore
408 2344 513 2404 opere
538 2321 616 2384 dico
645 2323 864 2405 suadeoque,
895 2321 947 2382 uti
972 2321 1055 2382 baec
1080 2341 1138 2382 res
1163 2319 1297 2404 aliquot

251 2425 325 2488 dies
346 2423 581 2514 proferatur,
616 2426 698 2486 dum
728 2449 775 2487 ex
804 2435 902 2486 tanto
931 2422 1063 2505 gaudio
1086 2423 1123 2485 in
1141 2433 1296 2508 potesta·

248 2540 317 2591 tem
339 2540 497 2590 nostram
524 2528 718 2592 redeamus.

261 2672 264 2680 ·
313 2631 346 2694 3.
370 2634 484 2713 Atque
506 2653 573 2713 ego
596 2631 734 2714 quidem
759 2629 932 2705 arbitror,
960 2630 1173 2694 Rhodienses
1199 2633 1298 2692 nolu-

250 2735 330 2805 isse,
360 2753 424 2796 nos
446 2733 497 2795 ita
523 2735 735 2816 depugnare,
764 2733 816 2794 uti
842 2733 1079 2814 depugnatum
1102 2743 1164 2807 est,
1190 2750 1297 2817 neque

250 2857 369 2918 regem
392 2839 518 2898 Persen
542 2827 675 2900 uicisse.
721 2838 802 2900 Non
824 2833 1034 2898 Rhodienses
1058 2834 1160 2895 modo
1177 2833 1215 2894 id
1235 2853 1298 2896 no-

250 2941 365 3012 luere,
399 2939 461 3000 sed
495 2942 621 3003 multos
653 2941 802 3022 populos
839 2948 942 3019 atque
978 2938 1106 2996 multas
1139 2935 1297 2998 nationes

250 3041 342 3102 idem
363 3043 515 3104 noluisse
538 3043 704 3105 arbitror.
751 3044 862 3124 Atque
884 3038 979 3100 haud
1000 3038 1073 3101 scio
1098 3058 1143 3100 an
1164 3038 1297 3120 partim

251 3163 372 3206 eorum
386 3144 556 3235 fuerint,
584 3145 644 3228 qui
674 3164 742 3206 non
771 3155 912 3206 nostrae
938 3141 1165 3204 contumeliae
1191 3161 1298 3204 causa

251 3247 289 3309 id
308 3248 482 3311 noluerint
504 3248 657 3310 euenire:
680 3246 741 3309 sed
767 3247 858 3308 enim
883 3245 920 3306 id
944 3257 1118 3320 metuere,
1141 3243 1174 3307 si
1198 3265 1300 3307 nemo

252 3362 341 3414 esset
361 3353 475 3426 homo,
504 3370 604 3434 quem
630 3369 837 3421 vereremur,
861 3348 1018 3431 quodque
1044 3348 1176 3411 luberet
1187 3345 1298 3436 face·

253 3475 381 3529 remus,
404 3470 446 3518 ne
468 3454 531 3516 sub
553 3455 628 3516 solo
650 3452 797 3534 imperio
824 3463 945 3515 nostro
969 3453 1005 3514 in
1030 3451 1194 3514 seruitute
1219 3469 1299 3510 nos·

252 3569 310 3620 tra
333 3570 463 3627 essent:
489 3555 659 3619 libertatis
682 3575 766 3617 suae
791 3575 900 3618 causa
921 3553 957 3616 in
984 3573 1026 3616 ea
1047 3547 1299 3636 sententiosu-

252 3661 321 3722 isse
352 3659 517 3721 arbitror.
574 3657 605 3718 l.
642 3659 754 3740 Atque
785 3656 998 3720 Rhodienses
1028 3665 1141 3715 tamen
1172 3653 1299 3713 Persen

249 3761 384 3845 publice
414 3780 599 3843 numquam
629 3759 804 3821 adiuvere.
857 3755 1036 3837 Cogitate,
1072 3762 1202 3836 quanto
1235 3774 1299 3817 nos

253 3865 343 3928 inter
379 3883 442 3925 nos
476 3861 642 3943 privatim
678 3861 814 3924 cautius
839 3855 1016 3947 facimus.
1076 3859 1171 3920 Nam
1208 3877 1298 3920 unus

252 3969 395 4052 quisque
421 3979 598 4038 nostrum,
628 3964 659 4025 ei
687 3963 764 4045 quis
790 3959 961 4021 advorsus
987 3981 1059 4021 rem
1087 3980 1186 4021 suam
1216 3958 1300 4044 quid

248 4071 338 4147 fieri
362 4069 567 4140 arbitratur,
589 4085 725 4129 summa
747 4062 780 4123 vi
802 4071 924 4124 contra
945 4061 1081 4138 nititur,
1110 4083 1150 4124 nc
1173 4062 1298 4124 advor-

254 4194 314 4236 sus
337 4193 412 4235 eam
432 4171 528 4249 fiat:
549 4166 642 4254 quod
663 4165 715 4230 illi
737 4177 850 4228 tamen
870 4165 1042 4248 perpessi.

319 4279 349 4338 b.
374 4279 428 4339 Ea
461 4293 551 4334 nunc
582 4270 763 4352 derepente
794 4281 892 4334 tanta
921 4290 984 4332 nos
1010 4266 1179 4345 beneficia
1206 4267 1301 4328 ultro
