2976 4844
261 355 320 418 tta

261 516 298 579 G·
324 513 555 594 Sempronius,
578 531 724 594 quorum
744 521 847 590 pater
866 512 968 571 liomo
990 508 1145 588 prudeus
1171 519 1204 573 et
1223 530 1307 591 gra·

262 615 312 678 vio
344 613 678 696 haudquaquam
714 614 916 695 eloqueas
949 623 982 674 et
1016 632 1117 693 caepe
1152 610 1242 673 aliae
1276 625 1308 674 et

262 717 414 780 maxime
440 737 561 778 censor
585 717 690 777 satuti
713 715 764 777 rei
784 715 940 796 publicae
955 710 1054 800 fuit.

295 861 487 922 haudquaquam
506 861 634 920 eloqueas]
677 864 739 918 qood
761 861 784 905 tt.
808 863 825 905 t.
846 861 932 904 Cicero
954 873 997 914 per
1019 860 1149 906 Seueretce
1182 873 1308 916 perronem

332 953 398 1005 eicit,
420 951 464 998 Τί.
484 949 618 994 Gracchum
648 955 739 1004 petrem
762 963 808 992 non
830 949 905 993 rutae«
923 949 1083 1004 ctoqueutem,
1110 949 1180 992 etiter
1200 950 1251 1002 ipae
1273 950 1308 992 iu·

332 1041 393 1085 dieat
414 1042 436 1083 in
458 1039 544 1093 Bruto,
568 1044 592 1082 nt
613 1051 686 1093 cupre
710 1037 822 1082 vidimus.
869 1037 916 1080 Sed
939 1037 962 1079 h.
986 1037 1003 1083 Ι.
1024 1037 1153 1090 opponitur
1174 1033 1241 1090 fitiie,
1269 1038 1308 1093 qui

332 1129 468 1184 eloquentia
501 1128 575 1170 inuito
607 1127 682 1183 iringi·
715 1125 854 1180 conspicui,
895 1123 1049 1168 nititomtnm
1083 1124 1160 1166 tneiua
1199 1125 1310 1167 datnnum

332 1229 401 1273 quem
421 1217 522 1260 aetatem
544 1215 690 1269 reipublicae
713 1215 850 1257 attuleram.
889 1211 960 1256 Cant.
984 1211 1141 1255 ttenricheen.

298 1341 412 1386 manime
434 1337 534 1397 centor]
573 1353 622 1384 rem
643 1341 725 1383 narret
746 1338 827 1383 Livius
849 1340 865 1382 1.
884 1335 925 1392 15,
949 1336 996 1382 15:
1021 1335 1052 1380 In
1069 1341 1175 1395 quatuor
1197 1335 1309 1381 urbanae

332 1427 414 1472 tribur
434 1426 558 1484 deeerr'pti
580 1432 654 1471 erant
671 1425 831 1473 libertini.-
855 1439 883 1460 ⁴-
905 1423 1035 1470 Poetremo
1050 1438 1078 1469 eo
1095 1423 1244 1470 deaceaeum
1261 1430 1308 1476 ert,

334 1521 360 1560 ut
380 1529 415 1559 ex
437 1521 544 1574 quatuor
569 1514 675 1560 urbanis
695 1513 810 1558 tribubus
832 1526 907 1558 uaom
930 1513 1016 1570 palam
1037 1513 1063 1556 in
1085 1514 1152 1556 atrio
1173 1511 1309 1556 Libertatis

334 1604 507 1664 sortirentur,
528 1605 555 1646 in
574 1615 648 1660 quam
669 1615 756 1646 omaee
767 1634 774 1656 ,
796 1604 839 1661 qui
860 1602 1004 1647 seruitutem
1027 1601 1176 1652 servierant,
1196 1600 1308 1644 coniice-

337 1697 402 1736 reat.
446 1688 596 1748 Esquilinae
620 1703 679 1734 core
701 1690 784 1742 exiit,
811 1691 838 1734 ia
859 1703 889 1734 ea
911 1688 943 1733 T.
964 1687 1097 1734 Graeciae
1115 1687 1289 1746 pronuntiauit
1301 1719 1308 1742 ‚

333 1778 464 1822 tibertinae
485 1791 570 1822 ornnes
593 1778 693 1821 eeaeeri
712 1779 824 1833 placere.
876 1775 973 1837 Magne
1005 1791 1035 1820 ea
1062 1791 1105 1820 ree
1135 1775 1225 1821 honori
1250 1788 1307 1818 cen·

335 1866 435 1912 eorihue
459 1863 528 1923 apud
548 1871 663 1909 renatum
677 1861 743 1923 suit.
781 1863 888 1910 Gratiae
906 1871 978 1909 artae
997 1871 1020 1908 et
1039 1863 1196 1921 Sempronio.
1234 1863 1309 1908 eona.

335 1955 444 2012 G'otttiug
461 1954 551 2000 Geeeh.
573 1955 595 2002 d.
622 1955 684 1998 rttm.
708 1954 849 1998 Staetevert.
874 1969 897 2008 p.
924 1949 981 2000 ttt.

517 2205 543 2262 1.
574 2205 672 2262 Oratio
694 2221 797 2274 graeca
818 2209 893 2278 apud
917 2206 1051 2262 Rhodios.

330 2359 377 2420 Ea
400 2357 480 2420 dicta
507 2355 630 2418 videtur
652 2377 681 2417 a.
704 2357 766 2419 590
788 2358 892 2435 (tet).
939 2357 997 2418 Eat
1021 2356 1103 2421 enim
1131 2355 1309 2430 verisimile,

267 2460 320 2524 Τί.
349 2461 530 2523 Gracchum
554 2478 636 2520 anno
672 2459 733 2522 590
757 2459 857 2534 (tet),
884 2481 949 2542 quo
974 2480 1055 2521 anno
1083 2462 1123 2520 ab
1148 2471 1255 2522 senatu
1279 2461 1310 2520 in

265 2563 375 2627 Asiam
404 2562 525 2640 legatus
552 2559 663 2623 missus
686 2574 733 2623 est
759 2563 797 2621 ad
822 2583 874 2623 res
897 2561 1061 2624 sociorum
1087 2561 1310 2643 inspiciendas,

265 2665 296 2726 in
327 2665 446 2727 Rhodo
476 2663 574 2726 insula
609 2676 838 2727 cottanoratnm
870 2685 956 2736 esse,
990 2676 1019 2725 et
1046 2663 1216 2727 occasione
1241 2667 1310 2725 data

266 2766 444 2830 orationem
464 2765 495 2826 in
521 2777 629 2826 senatu
650 2766 852 2828 Rhodiorum
874 2765 1030 2828 habuisse.
1079 2764 1236 2844 Polybius
1252 2764 1310 2828 tib.

266 2869 420 2934 XXVII.
464 2869 508 2932 tt.
538 2868 676 2952 Legatio
702 2870 922 2931 Romanorum
948 2866 979 2928 in
1004 2866 1128 2930 Asiam.
1178 2869 1217 2932 Oi
1238 2873 1313 2953 περὶ

266 2969 325 3036 τὸν
355 2972 507 3060 Τιβέριον
534 2976 590 3037 καὶ
622 2969 839 3056 Ποστούμιον
867 2965 952 3033 κατὰ
982 2969 1058 3046 τοὺς
1085 2963 1206 3045 αὐτοὺς
1237 2993 1311 3034 και-

266 3070 345 3162 ροὺς
364 3068 630 3162 ἐπιπορευόμενοι
652 3069 711 3151 τὰς
729 3067 850 3152 νήσους
869 3076 923 3138 καὶ
944 3069 1003 3150 τὰς
1018 3068 1104 3137 κατὰ
1121 3069 1180 3153 τὴν
1193 3067 1313 3139 Ἀσίαν

267 3171 395 3256 πόλεις,
424 3179 577 3243 πλεῖστον
603 3172 682 3242 δ’ἐν
707 3175 745 3269 τῇ
766 3170 891 3268 Ῥόδῳ,
918 3177 1033 3265 καίπερ
1058 3171 1096 3241 οὐ
1117 3178 1312 3266 προςδεομὲ-

267 3302 331 3344 νον
353 3278 417 3344 τῶν
439 3272 575 3345 Ῥοδίων
597 3275 684 3344 κατὰ
708 3276 785 3356 τούς
811 3275 885 3344 τότε
909 3275 1059 3368 χρόνους.
1111 3276 1310 3343 Freinshcim

269 3381 435 3463 Supplem.
481 3380 636 3455 Liuio,
662 3381 714 3444 13.
759 3381 896 3446 Constat
927 3394 1048 3457 autem,
1084 3383 1250 3446 Romanos
1279 3378 1311 3443 in

269 3480 359 3545 bellis
390 3503 469 3566 quae
495 3505 564 3545 enm
591 3483 752 3546 Antiocho
780 3495 811 3546 et
837 3486 959 3548 Perseo
985 3484 1116 3568 regibus
1147 3481 1178 3544 in
1209 3483 1311 3544 Grae·

269 3583 316 3646 cia
345 3597 375 3646 et
406 3586 598 3649 Macedonia
627 3599 811 3669 gesserunt,
843 3587 931 3650 varic
961 3569 1113 3649 tractasse
1140 3582 1310 3659 Rhodios,

270 3691 368 3749 modo
395 3687 494 3750 amice
525 3699 556 3750 et
589 3689 725 3770 benigne
759 3689 797 3752 iis
832 3701 974 3762 utentes,
1009 3690 1103 3749 modo
1131 3684 1312 3748 inimicitiae

270 3809 341 3850 cum
365 3788 405 3850 iis
431 3802 628 3864 exercentes,
654 3813 712 3852 nec
739 3791 867 3852 muttum
896 3789 1008 3862 abfuit,
1035 3786 1111 3872 quin
1134 3786 1173 3866 iis
1196 3809 1225 3850 a.
1249 3788 1309 3850 587

268 3891 358 3972 (167)
388 3891 504 3954 betium
534 3891 740 3954 indiceretur.
766 3889 867 3955 Coos.
891 3911 985 3972 cupra
1008 3913 1041 3972 p.
1066 3890 1139 3952 102.

333 3998 480 4076 Apparet
503 4015 617 4068 exeo,
642 3995 730 4076 quod
757 4013 874 4074 graece
900 3991 991 4068 dixit,
1019 3992 1094 4056 satis
1121 4015 1190 4056 eum
1217 4014 1311 4077 grae·

270 4096 315 4158 cie
346 4094 448 4160 literis
479 4095 577 4158 fuisse
610 4094 775 4157 imbutum.
821 4089 941 4160 Cicero
973 4093 1005 4159 in
1035 4097 1138 4159 Bruto
1164 4097 1224 4174 20,
1258 4096 1310 4158 79.

269 4211 411 4272 testatur,
442 4198 621 4261 orationem
653 4197 734 4258 hanc
764 4197 830 4260 suis
866 4201 968 4262 adhue
1001 4198 1199 4280 temporibus
1230 4196 1311 4260 exti-

269 4313 356 4361 tuse.
