2984 4842
1199 342 1259 404 393

202 499 271 562 dici
295 498 483 570 uideretur,
505 497 590 562 nihil
611 499 702 584 quod
731 499 898 561 memoria
921 498 1051 560 maiore
1074 499 1114 560 de
1137 517 1253 560 exem·

199 603 287 686 plis,
320 601 406 662 nihil
433 601 580 683 peritius
618 601 658 664 dc
687 599 909 686 foederibus,
946 600 1032 662 nihil
1062 599 1251 664 illustriore

203 704 413 766 auctoritate
429 704 470 765 de
495 703 601 778 bellis,
626 704 711 765 nihil
735 705 776 766 de
801 703 975 785 republica
990 703 1146 783 gravius,
1169 703 1256 766 nihil

204 809 245 870 de
272 806 350 888 ipso
375 805 581 880 modestius,
610 805 695 868 nihil
720 807 761 868 de
792 827 899 868 causa
929 816 961 867 et
987 805 1131 867 crimine
1153 827 1255 868 orna-

204 911 292 982 tius,
324 921 361 969 ut
389 907 472 970 mihi
502 907 571 970 iam
600 930 717 971 uerum
747 909 904 971 uideatur
931 907 1016 969 illud
1042 930 1138 981 esse,
1165 910 1258 990 qnod

204 1012 361 1074 nonnulli
397 1011 522 1073 litteris
560 1033 599 1072 ac
638 1011 763 1073 studiis
801 1011 977 1074 doctrinae
1016 1010 1124 1072 dediti
1158 1012 1258 1094 quasi

205 1114 370 1198 quiddam
382 1113 579 1176 incredibile
591 1113 703 1176 dicere
714 1114 938 1195 putabantur,
952 1135 1043 1187 eum,
1061 1113 1120 1196 qui
1138 1135 1255 1176 omnes

205 1217 322 1278 animo
346 1216 490 1277 virtutes
513 1218 654 1297 penitus
680 1218 1003 1298 comprehendisset,
1034 1216 1151 1278 omnia
1169 1239 1255 1299 quae

196 1317 362 1410 faceret,
372 1316 553 1408 facillime
576 1329 741 1380 tractare.
786 1323 882 1402 Quae
904 1319 995 1380 enim
1017 1319 1052 1380 in
1068 1323 1110 1382 L.
1128 1323 1255 1384 Crasso

202 1420 330 1505 potuit,
354 1422 490 1485 homine
513 1432 596 1485 nato
618 1421 665 1482 ad
690 1422 825 1484 dicendi
846 1421 1060 1503 singularem
1082 1422 1256 1505 quandam

194 1522 423 1614 facultatem,
444 1522 475 1586 si
496 1525 582 1584 hanc
606 1545 747 1586 causam
772 1535 905 1604 ageret,
931 1524 1042 1586 maior
1064 1545 1135 1587 esse
1158 1526 1256 1587 uber·

206 1640 278 1700 tas,
310 1626 478 1701 uarietas,
506 1626 624 1708 copia,
653 1649 757 1710 quam
771 1625 858 1717 fuit
887 1625 921 1688 in
949 1647 1007 1701 ea,
1038 1626 1097 1709 qui
1122 1638 1257 1689 tantum

204 1729 319 1811 potuit
345 1728 522 1810 impertire
547 1729 626 1790 huic
651 1730 767 1792 studio
789 1731 971 1812 temporis,
998 1743 1165 1814 quantum
1187 1730 1257 1811 ipse

207 1853 230 1892 a
250 1830 406 1913 pueritia
428 1853 534 1914 usque
559 1830 606 1892 ad
630 1834 716 1893 hanc
744 1843 892 1896 aetatem
916 1854 939 1906 a
966 1833 1138 1896 continuis
1162 1833 1257 1896 bellis

207 1945 241 1995 et
266 1933 419 1996 uictoriis
439 1927 654 2016 conquieuit?

271 2035 352 2098 ibid.
372 2057 401 2098 c.
424 2037 458 2108 7,
490 2039 540 2097 17.
587 2037 741 2119 Pompeii
765 2039 881 2102 oratio
903 2039 1272 2101 omnibusornamen-¹

208 2139 254 2202 tis
276 2139 474 2202 abundauit.

274 2240 346 2304 Cic.
373 2244 410 2303 dc
434 2241 558 2325 legibus
584 2243 620 2317 9,
647 2243 678 2304 3.
726 2244 882 2323 Magnus
915 2243 970 2304 ille
1001 2256 1119 2305 noster
1139 2243 1257 2324 posuit

209 2345 245 2407 in
270 2342 413 2419 iudicio,
442 2368 520 2408 cum
542 2367 606 2419 pro
626 2345 733 2407 Balbo
754 2356 866 2406 tecum
889 2344 990 2406 simul
1012 2344 1159 2417 diceret,
1185 2367 1258 2407 rem

206 2445 379 2527 publicam
398 2459 554 2511 nostram
576 2447 786 2510 iustissimas
812 2445 892 2507 huic
916 2445 1101 2528 municipio
1122 2447 1257 2528 gratias

210 2569 315 2630 agere
336 2571 457 2630 posse,
480 2550 575 2632 ,quod
599 2573 646 2611 ea
671 2571 712 2611 eo
737 2549 806 2611 duo
832 2549 886 2610 sui
909 2559 1167 2612 conservatores
1194 2571 1256 2612 ex-

209 2651 373 2714 tuissent.

246 2795 369 2858 Magnus]
406 2800 536 2854 Pompeius
556 2800 578 2842 id
598 2801 620 2842 iu
642 2800 757 2842 honorem
778 2797 903 2841 Ciceronis
923 2798 990 2839 dixis.

245 2884 303 2930 hnic
322 2885 471 2944 municipio]
508 2889 624 2941 Arpinum
644 2887 766 2943 inlelligit.

246 2973 295 3020 duo
313 2976 354 3018 sui
372 2971 575 3030 conservatores]
612 2974 706 3017 Marius
729 2978 752 3017 ot
770 2971 867 3016 Cicero.

431 3129 459 3184 5.
501 3127 601 3185 Oratio
622 3143 673 3198 pro
694 3128 726 3183 L.
751 3127 900 3184 Scribonio
921 3129 1039 3185 Libona.

276 3265 359 3326 Acta
375 3271 423 3323 est
439 3281 531 3323 causa
555 3281 584 3324 a.
607 3259 667 3323 699
691 3259 758 3337 (55)
781 3259 938 3341 Pompeio
959 3273 990 3323 et
1006 3261 1127 3324 Crasso
1144 3261 1259 3326 iterum

214 3364 397 3428 oonsulibus
417 3365 500 3446 apud
516 3384 666 3426 censores
690 3362 741 3425 M.
767 3363 844 3426 Val.
874 3364 1047 3426 Messalam
1071 3375 1102 3426 et
1128 3367 1168 3428 P.
1187 3366 1262 3429 Ser-

215 3465 323 3527 vilium
351 3465 480 3528 Vatiam
504 3466 691 3533 Isauricum.
739 3465 917 3530 Accusavit
939 3465 1100 3530 Libonem
1123 3467 1260 3530 Helvius

215 3568 357 3644 Mancia,
383 3569 470 3631 cuius
497 3592 592 3652 supra
619 3570 782 3634 retulimus
806 3567 995 3643 orationem,
1020 3590 1098 3652 pag.
1123 3570 1197 3632 327.

535 3719 583 3802 bs
606 3747 712 3805 Concio
733 3749 769 3812 ad
790 3748 937 3817 populum.

252 3958 254 3962 Ι
280 3875 359 3936 Eam
382 3878 492 3940 habuit
518 3878 628 3940 consul
651 3879 765 3942 iterum
793 3900 821 3944 a.
852 3877 912 3941 699
937 3878 1017 3958 (55).

279 3977 366 4041 Plut.
396 3980 572 4060 Pompeius
596 4001 624 4047 c.
652 3981 703 4043 54.
747 3980 872 4045 Καίτοι
895 3982 1072 4064 Πομπηΐος
1094 3967 1163 4042 εἶπέ
1182 3999 1261 4042 ποτε

215 4081 423 4170 δημογορῶα,
448 4073 498 4146 ὅτι
521 4080 632 4145 πᾶσαν
662 4077 765 4169 ἀρχὴν
793 4077 891 4164 λάβοι
920 4073 1079 4168 πρότερον
1101 4072 1122 4157 ἢ
1143 4101 1262 4166 προσο-

214 4177 331 4262 δόκησε
354 4189 408 4272 καὶ
438 4175 629 4246 κατάθοιτο
659 4181 791 4248 θᾶττον
814 4177 833 4246 i‘
863 4174 1116 4268 προσεδοκήθη,
1146 4184 1202 4245 καὶ
1223 4177 1261 4259 νὴ

218 4285 280 4350 Δία
291 4277 528 4371 μαρτορούσας
540 4272 621 4367 εἶχεν
633 4279 683 4348 ἀεὶ
694 4279 753 4359 τοὶς
765 4277 930 4358 διαλύσεις
946 4282 1007 4348 τῶν
1020 4283 1259 4371 στρατοπέδων.
