2992 4840
1160 387 1220 452 tta

169 533 259 596 uiro.
304 533 528 598 Gracchus
549 534 591 598 in
606 538 850 602 Maenium:
871 541 1112 620 Considerate,
1133 546 1218 629 Qui·
1237 573 1282 594 -s

169 637 273 712 rites,
298 635 479 699 sinistram
504 637 596 710 eires:
629 659 690 714 cn,
715 640 813 704 cuius
839 644 1083 708 auctoritatem
1106 648 1219 732 sequi-

169 739 274 814 mini,
309 739 369 822 qui
392 751 537 822 propter
567 742 751 806 mulierum
782 744 1007 827 cupiditatem
1032 759 1071 812 ut
1095 750 1220 814 mulier

168 853 222 905 est
247 853 406 904 ornatus.

203 1012 344 1075 Maenium]
382 1017 417 1060 sic
439 1016 555 1062 Arctatus
577 1024 601 1062 et
623 1020 681 1063 edit.
708 1021 874 1080 antiquissima
897 1036 917 1067 s.
939 1026 954 1067 Ι.
973 1030 996 1070 st
1014 1039 1037 1070 a.
1069 1025 1134 1071 Unus
1151 1028 1217 1072 coti·

242 1117 295 1146 cum
314 1103 408 1147 ParIss.
432 1103 551 1150 medium.
575 1105 697 1156 Duobuer.

202 1253 359 1314 sinistruml
393 1257 494 1300 Romani
514 1259 583 1322 'enirn
605 1259 627 1304 in
651 1262 716 1304 lacre
739 1263 890 1316 potissimum
920 1275 990 1306 mann
1015 1268 1100 1310 anulos
1122 1272 1217 1323 gestare

243 1344 361 1388 solebant.
399 1345 471 1389 Cous.
486 1346 604 1390 Heindorf
615 1349 643 1392 ud
664 1348 750 1394 Horat.
765 1349 815 1396 Sat.
839 1347 868 1403 2,
892 1347 920 1404 l,
944 1348 968 1398 9.
1008 1351 1113 1398 Beckeri
1132 1353 1217 1402 Gallus

238 1439 255 1478 t.
272 1433 296 1478 2.
317 1447 340 1489 p.
364 1429 419 1478 106.
459 1435 620 1490 Quintilianus
640 1436 681 1480 hac
701 1450 795 1494 quoque
815 1439 842 1484 de
863 1452 889 1482 rc
910 1441 1032 1496 praecepit
1050 1441 1216 1486 iniustitutitr·

239 1523 309 1569 nibus
322 1523 437 1566 oratoriis
456 1521 503 1574 11,
525 1517 549 1576 3,
572 1519 630 1567 112.
669 1521 762 1569 lllunur
781 1539 830 1570 non
848 1527 984 1585 impleatur
1002 1529 1098 1584 renuite,
1110 1531 1213 1588 prasci-

234 1625 284 1668 pue
305 1608 401 1654 medios
420 1608 543 1654 articulos
561 1623 611 1656 non
629 1612 828 1658 transeuntibus.

528 1823 574 1882 16.
615 1823 714 1881 Oratio
736 1843 788 1896 pro
808 1842 851 1884 se.

230 1975 302 2041 vie.
319 1996 416 2057 supra
433 1974 559 2040 Oratio
567 1997 635 2058 pro
647 1998 683 2039 se
695 1977 860 2040 aduersus
872 1978 1060 2061 Opimium,
1081 2001 1116 2061 p.
1133 1967 1209 2044 333.

294 2210 340 2265 t't.
381 2205 479 2264 Oratio
498 2207 528 2263 in
551 2208 698 2276 rogatione
723 2206 777 2264 Cn.
799 2207 900 2265 Marcii
923 2208 1085 2266 Censorini.

231 2355 295 2438 Qui
316 2355 415 2420 fuerit
437 2354 496 2421 Cn.
513 2355 658 2419 Marcius
684 2354 898 2433 Censorinus,
922 2357 1074 2440 ignorare
1095 2383 1143 2424 me
1165 2360 1215 2423 ia-

165 2471 260 2536 teor,
291 2481 348 2520 nec
378 2461 415 2520 de
442 2471 631 2542 argumento
657 2459 838 2542 rogationis
872 2461 1043 2544 quidquam
1077 2473 1214 2526 constat.

131 2639 133 2642 Ι
167 2561 304 2646 Pighius
325 2560 462 2624 Lucium
479 2559 639 2624 Marcium
664 2560 875 2624 Censorinum
901 2574 1082 2643 praetorem
1104 2584 1134 2626 a.
1152 2563 1214 2628 633

166 2665 270 2743 (131),
302 2674 333 2726 et
358 2661 471 2727 Caium
507 2661 666 2726 Marcium
699 2661 912 2726 Censorinum
946 2676 1215 2748 proquaestorem

166 2789 197 2829 a.
224 2768 281 2828 tat
306 2765 404 2828 fuisse
427 2765 536 2828 tradit.
581 2767 652 2828 Nec
675 2778 776 2828 tamen
802 2769 922 2841 arides,
947 2788 1140 2848 praenomen
1166 2765 1215 2830 iu-

165 2868 350 2951 scriptionis
375 2868 562 2952 corrigere,
595 2892 665 2930 cum
688 2891 726 2930 ne
751 2868 796 2930 sie
824 2867 952 2952 quidem
976 2871 1125 2932 tenebrae
1151 2869 1214 2932 dis·

165 2970 262 3052 sipari
287 2971 422 3052 possint.
468 2971 598 3034 Ellendt
619 2995 653 3052 p.
671 2971 787 3035 XLIII
811 2971 995 3034 adnotavit:
1022 2970 1159 3051 ,Qualis
1176 2993 1213 3034 ea

163 3073 294 3160 rogatio
329 3072 449 3150 fuerit,
492 3073 660 3157 ignoratur
707 3095 767 3134 nee
807 3076 845 3136 de
884 3085 1027 3155 tempore
1074 3083 1212 3138 constat.

166 3177 307 3240 Praetor
335 3198 405 3236 eum
429 3175 527 3238 luerit
555 3196 584 3237 a.
610 3175 690 3252 633,
719 3196 784 3258 quo
809 3175 975 3240 Gracchus
1000 3173 1126 3237 occisus
1148 3187 1211 3251 est,

163 3277 289 3362 aliquot
314 3277 404 3340 anuis
434 3289 504 3340 ante
530 3276 690 3339 tribunum
717 3277 805 3359 pleb.
839 3276 936 3340 fuisse
968 3290 1211 3341 consentaneum

163 3379 257 3442 erit.“
281 3415 321 3431 «-
344 3381 407 3442 Sed
429 3381 513 3461 apud
528 3379 679 3461 Pighium
695 3381 737 3442 L.
755 3379 901 3444 Marcius
917 3378 1125 3455 Censorium,
1150 3400 1213 3443 non

165 3480 288 3556 Cusus,
315 3493 446 3564 praetor
474 3504 503 3544 a.
533 3482 595 3545 633
620 3483 709 3566 (tat)
746 3481 845 3545 inisse
867 3481 1022 3558 traditur,
1052 3493 1085 3544 ut
1116 3483 1212 3546 modo

163 3581 312 3646 diximus.

231 3721 398 3785 Charisius
426 3746 459 3805 p.
490 3723 562 3785 123.
607 3725 650 3786 G.
675 3724 851 3785 Gracchus
877 3721 913 3784 in
938 3721 1120 3804 rogatione
1148 3723 1211 3785 On.
1236 3755 1277 3790 x

165 3825 284 3888 Marci
313 3825 516 3890 Censorini:
552 3825 590 3890 Si
622 3824 716 3888 vobis
742 3823 883 3906 probati
914 3834 1027 3886 essent
1056 3822 1211 3886 hornines

164 3926 417 4002 adulescentes,
443 3939 557 3992 tamen
580 3927 776 3990 necessaria
801 3926 895 3990 vobis
920 3935 966 3987 tr.
988 3923 1060 3985 mil.
1085 3933 1212 3986 veteres

153 4024 330 4116 faciundi
355 4041 481 4092 essent.
763 4037 766 4044 '

198 4196 230 4236 ir.
255 4189 330 4253 mih]
367 4191 410 4237 Ex
427 4192 514 4237 verbis
535 4203 551 4233 a
571 4186 688 4234 Chariclo
709 4191 798 4235 ullutir
820 4188 851 4234 dr
874 4185 982 4236 tribunis
1003 4181 1111 4226 militum
1133 4196 1149 4225 o
1168 4198 1213 4243 p..

230 4279 294 4340 pulo
314 4279 435 4327 creandis
456 4281 541 4343 egisse
562 4276 732 4335 suspicamur.
770 4277 874 4323 Ellendt.
