2984 4842
247 377 309 438 384

250 555 383 618 quoque
402 546 435 596 et
464 532 621 597 oratione
644 537 807 609 uoluisse,
834 538 998 599 Lentulos
1021 545 1054 596 et
1080 536 1239 598 Metellos
1262 547 1294 596 et

250 639 411 700 Lucullos
440 649 472 698 et
504 637 669 700 Curiones
703 649 735 700 et
767 649 914 701 ceteram
944 659 1129 719 procerum
1155 657 1295 698 manum

249 740 394 800 multum
414 739 449 799 iu
470 740 524 800 his
547 739 672 802 studiis
698 759 822 821 operae
845 761 1015 823 curaeque
1035 740 1211 821 posuisse,
1235 759 1296 800 uer

248 861 453 924 quemquam
483 841 552 903 illis
578 842 789 924 temporibus
820 863 983 924 maguam
1008 841 1199 923 potentiam
1224 841 1295 902 sine

248 943 366 1026 aliqua
387 943 581 1026 eloquentia
602 956 833 1006 consecutum.

283 1103 298 1130 a
319 1085 447 1145 llius-iano]
485 1101 506 1131 ν.
528 1087 606 1132 Orstt.
631 1089 751 1144 Pompeii.

315 1209 400 1270 Plut.
437 1205 573 1270 Crassus
603 1232 633 1271 ο.
669 1209 701 1270 3.
755 1207 917 1285 Παιδείας
948 1209 982 1274 δὲ
1017 1209 1074 1288 τῆς
1100 1214 1172 1296 περὶ
1198 1203 1297 1293 λόγον

246 1305 394 1395 μάλιστα
416 1317 476 1396 μὲν
497 1306 535 1374 τὸ
556 1307 730 1399 ῥητορικὸν
756 1316 812 1376 καὶ
830 1311 982 1400 χρειῶδες
1007 1305 1053 1388 εἰς
1074 1307 1216 1388 πολλοὺς
1237 1307 1297 1391 ἤσ-

247 1435 336 1493 κησε,
359 1416 415 1476 καὶ
440 1407 613 1497 γενόμενος
636 1409 741 1490 δεινὸς
764 1409 863 1478 εἰπεῖν
892 1415 925 1478 ἐν
951 1418 1020 1490 τοῖς
1040 1407 1188 1499 μάλιστα
1213 1407 1298 1478 Ῥω-

246 1515 352 1599 μαίων
364 1515 529 1604 ἐπιμελείᾳ
544 1520 600 1579 καὶ
620 1510 709 1605 πόνῳ
732 1512 810 1592 τοὺς
830 1511 1074 1606 εὐφυεστάτους
1089 1509 1296 1604 ὑπερέβαλεν.

247 1613 414 1703 Οὐδεμὶαν
432 1613 497 1702 γάρ
518 1608 603 1681 οὕτω
629 1617 720 1695 δίκην
743 1622 828 1706 φασὶ
849 1611 970 1702 μικράν
996 1611 1068 1680 οὐδ’
1087 1612 1297 1705 εὐκαταφρό-

250 1743 347 1798 νητον
367 1721 545 1801 γενέσθαι,
569 1712 653 1803 πρὸς
678 1711 717 1795 ἣν
739 1711 969 1804 ἀπαράσκευος
992 1702 1113 1794 ἦλθεν,
1135 1711 1220 1781 άλλά
1242 1723 1300 1782 καὶ

248 1823 428 1904 Πομπηΐου
443 1812 603 1893 πολλάκις
625 1813 799 1893 ὀκνοῦντος
819 1821 874 1881 καὶ
891 1816 1066 1903 Καίσαρος
1081 1817 1298 1899 ἐξαναστῆναι

247 1927 300 1987 καὶ
332 1923 520 2008 Κικέρωνος
548 1922 667 1995 ἐκεῖνος
699 1914 882 2006 άνεπλάρου
920 1915 976 1998 τὴν
1003 1921 1217 2009 συνηγορίαν,
1241 1929 1296 1989 καὶ

249 2020 304 2089 διά
325 2023 424 2088 τοῦτο
446 2023 574 2108 μάλλον
597 2018 729 2108 ἤρεσκεν
755 2015 798 2098 ὡς
823 2017 974 2105 ἐπιμελὴς
999 2027 1054 2087 καὶ
1077 2017 1297 2106 βοηθλιτικός.

311 2125 391 2188 ibid.
415 2149 442 2190 ο.
472 2127 502 2186 7.
548 2116 716 2206 Σάματος
742 2116 770 2187 δ’
790 2117 916 2209 ἀξίωμα
940 2129 995 2189 καὶ
1019 2121 1297 2209 λόγουπειθώ

248 2234 304 2293 καὶ
322 2223 499 2313 προσώπου
515 2219 613 2312 χάριν
634 2219 764 2308 άγωγόν
781 2219 984 2316 άμροτέροις
1004 2225 1138 2303 (Crasso
1152 2240 1183 2291 et
1198 2231 1295 2293 Pom-

249 2329 338 2413 peio)
360 2325 480 2414 ὁμοίως
502 2331 675 2414 προσεῖναι
701 2329 860 2411 λέγουσιν.

487 2522 512 2578 t.
552 2520 653 2579 Oratio
673 2539 724 2593 pro
746 2524 776 2578 L.
800 2524 909 2579 Licinio
929 2524 1059 2581 Murena.

314 2651 415 2717 Causa
441 2666 488 2716 est
515 2665 583 2716 uota
612 2675 641 2715 a.
670 2655 728 2717 691
759 2655 839 2732 (63).
875 2653 953 2718 Vid.
979 2676 1103 2738 argum.
1132 2666 1215 2718 orat.
1239 2654 1295 2718 Ci-

249 2776 358 2819 ceron.
384 2767 414 2817 et
442 2755 473 2818 in
501 2757 609 2817 eadem
635 2778 664 2816 ο.
691 2758 728 2830 lt,
756 2760 806 2817 10.

484 2951 513 3006 λ.
555 2949 654 3006 Oratio
674 2966 727 3021 pro
747 2952 778 3006 L.
802 2951 936 3009 Cornelio
956 2953 1057 3009 Balbo.

313 3083 396 3142 Acta
416 3090 462 3142 est
481 3102 574 3142 causa
597 3103 624 3143 a.
653 3082 713 3146 698
739 3072 993 3159 (56).‘Defendit
1017 3104 1103 3145 reum
1120 3082 1295 3164 Pompeius

250 3203 309 3243 una
332 3193 363 3244 et
387 3180 518 3246 Cicero.

314 3283 387 3347 Cic.
408 3307 443 3364 p.
471 3284 582 3352 Balbo.
609 3288 644 3361 t,
673 3290 723 3347 17.
768 3291 824 3350 M.
850 3291 996 3351 Crassus
1023 3298 1131 3348 totam
1155 3305 1295 3347 oausam

248 3396 281 3446 et
302 3407 369 3465 pro
379 3383 563 3476 facultate
585 3399 619 3448 et
641 3409 709 3469 pro
728 3388 809 3465 fide
834 3410 899 3452 sua
922 3386 1182 3469 diligentissime
1206 3385 1297 3446 uobis

249 3487 448 3568 explicavit.

314 3588 391 3658 ibid,
409 3612 439 3651 o.
463 3591 520 3666 22,
548 3593 602 3654 50.
647 3592 766 3674 Quid?
787 3593 841 3653 hio
862 3591 921 3674 qui
941 3591 1051 3662 adest,
1076 3611 1099 3652 α
1117 3611 1184 3673 quo
1200 3591 1293 3662 isaeo,

246 3711 333 3773 quae
364 3714 429 3773 ego
466 3715 555 3754 ιιιιαο
586 3715 774 3775 percurro,
811 3693 1029 3757 subtilissime
1065 3703 1145 3754 suut
1180 3691 1297 3755 omnia

247 3794 432 3874 perpolita,
454 3799 508 3858 M.
532 3799 690 3871 Crassus,
710 3817 779 3858 non
802 3797 1052 3859 Aletrirreusem
1069 3792 1296 3880 foederatum

247 3896 385 3959 ciuitate
411 3898 578 3960 donauit?

515 4075 541 4130 3.
581 4072 679 4129 Oratio
700 4089 751 4143 pro
770 4074 811 4131 Μ.
834 4074 933 4132 Coelio
953 4077 1036 4132 Rufo.

313 4198 416 4263 Causa
444 4212 491 4262 est
515 4215 582 4264 uota
608 4223 635 4265 a.
660 4204 722 4266 698
749 4204 829 4282 (56).
863 4205 1027 4268 Drumauu
1054 4217 1077 4269 t.
1105 4207 1133 4274 2.
1159 4229 1193 4287 p.
1224 4205 1295 4266 412.

248 4299 348 4360 Reum
373 4301 516 4364 defendit
536 4316 565 4365 et
590 4302 725 4368 Cicero.
