2958 4840
1143 407 1205 480 579

143 582 180 630 a‘n
204 558 367 634 sub⁷Cai0
398 561 592 652 imperatore
626 563 798 630 incertum.
845 569 965 632 Seneca
991 570 1125 638 Consul.
1159 580 1198 638 ad

144 673 292 760 Helviam
326 695 354 735 c.
393 677 441 740 17.
477 675 519 734 Α.
557 673 617 735 791
647 673 716 750 (11)
744 671 774 732 in
809 659 940 734 insulam
966 671 1134 738 Corsicam
1165 677 1197 739 in

144 775 274 838 exilium
308 775 459 850 mittitur,
485 773 622 838 Claudio
655 775 849 855 imperatore
879 773 1017 840 iubente.
1070 781 1111 846 A.
1135 779 1197 842 802

145 879 213 955 (19)
238 881 277 940 ab
300 879 399 942 exilio
423 889 612 951 revocatus,
636 889 818 958 praeturam
844 878 984 953 obtinet,
1023 891 1054 940 et
1088 894 1198 944 rector

146 981 321 1042 studiorum
351 983 386 1042 lit
416 979 558 1042 Neronis
580 979 713 1043 iuvenis.
769 978 901 1040 Tacitus
932 981 1050 1043 Annal.
1085 983 1142 1054 19,
1168 985 1197 1052 8,

144 1084 342 1164 Agrippina
365 1099 405 1143 ne
441 1085 540 1144 malis
568 1095 703 1144 tantum
727 1081 956 1172 facinoribus
986 1077 1193 1158 notesceret,

144 1185 276 1245 ueniam
298 1185 400 1248 exilii
420 1208 486 1265 pro
511 1188 654 1247 Annaeo
677 1189 821 1260 Seneca,
858 1187 962 1248 simut
991 1178 1194 1266 praeturam

145 1286 319 1366 impetrat,
345 1289 472 1347 laetum
488 1288 521 1346 in
532 1287 708 1367 publicum
724 1299 802 1348 rata
817 1289 866 1350 ob
887 1291 1016 1350 clarit
1027 1289 1099 1349 aedi
1111 1311 1198 1351 nem

145 1388 401 1448 studiorum
424 1389 531 1460 eius,
557 1391 830 1474 utqueDomitii
856 1391 1009 1472 pueritia
1042 1392 1104 1453 tali
1127 1411 1198 1453 ma*

144 1491 258 1572 gistro
279 1491 507 1565 adolesceret,
532 1503 564 1552 et
587 1492 739 1552 consiliis
762 1492 915 1553 eiusdem
943 1494 991 1553 ad
1019 1516 1113 1574 spem
1136 1495 1196 1556 do·

146 1593 347 1654 minationis
367 1605 533 1666 uteretur,
559 1595 640 1678 qreia
657 1597 782 1656 Seneca
797 1593 902 1670 fidus
918 1587 952 1656 in.
964 1596 1196 1677 Agrippinam

146 1696 313 1757 memoria
335 1695 494 1771 beneficii
516 1709 548 1757 et
565 1693 725 1783 infamem
739 1697 882 1759 Claudio
899 1701 1007 1782 (aquo
1025 1697 1196 1760 inexilium

147 1797 258 1859 missus
281 1800 342 1874 est)
365 1799 483 1859 dolore
505 1798 654 1858 iniuriae
683 1799 897 1859 credebatur.
946 1797 1043 1863 Conl.
1078 1799 1195 1862 Annal.

148 1901 197 1973 13,
221 1901 249 1967 2.
294 1901 403 1968 Schol,
427 1901 588 1961 lrrvcnalis
627 1903 665 1961 ad
697 1903 764 1961 Sat.
796 1903 830 1974 5,
864 1901 936 1964 109.
966 1906 1102 1968 Seneca
1135 1904 1197 1965 sub

146 2003 290 2066 Claudio
312 2003 413 2083 quasi
435 2003 593 2063 conscius
617 2003 869 2064 adulteriorum
893 2005 1019 2077 Iuliae,
1052 2008 1197 2067 Germa-

146 2105 215 2164 nici
240 2103 367 2178 saliae,
403 2103 438 2163 in
461 2105 637 2172 Corsicam
670 2106 863 2184 relegatus,
900 2118 980 2185 post
1011 2106 1198 2168 triennium

147 2205 227 2286 (leg.
250 2214 330 2284 post
353 2204 585 2284 septennium)
616 2218 795 2267 revocatus
817 2218 879 2268 est.
905 2207 963 2288 qui
985 2209 1049 2269 etsi
1071 2230 1200 2291 magno

147 2305 319 2368 desiderio
350 2309 504 2369 Athenas
535 2307 741 2381 intenderet,
776 2308 820 2369 ab
851 2300 1048 2390 Agrippina
1084 2325 1197 2373 tamen

147 2406 341 2470 erudiendo
364 2409 500 2471 Neroni
522 2409 556 2469 in
577 2409 748 2490 palatium
771 2411 952 2484 adductus,
978 2432 1114 2474 saevum
1136 2414 1199 2474 im-

149 2532 348 2594 manemque
370 2522 489 2572 natum
512 2523 545 2572 et
566 2511 671 2573 sensit
692 2511 760 2574 cito
787 2525 819 2575 et
854 2512 1037 2594 mitigavit.
1074 2513 1198 2578 Consul

150 2636 180 2674 a.
206 2613 267 2674 815
290 2613 370 2692 (ὁῖ).
396 2610 565 2676 Occiditur
587 2613 672 2674 iussu
696 2613 836 2677 Neronis
859 2637 887 2676 a.
914 2617 975 2676 818
998 2617 1076 2694 (65),
1107 2639 1199 2678 unum

148 2729 179 2776 et
213 2714 412 2797 septuaginta
437 2735 535 2776 annos
558 2727 661 2776 natus.
701 2715 802 2778 Conl.
836 2717 966 2780 'l'acitus
998 2719 1115 2780 Annal.
1151 2722 1198 2786 15.

150 2818 286 2879 60-65.
320 2817 540 2896 Hieronymus
571 2819 609 2878 nd
638 2818 770 2881 Eusebii
800 2818 925 2882 Chron.
962 2820 1093 2903 Olymp.
1124 2823 1198 2882 211.

149 2919 289 2982 Neronis
313 2920 374 2981 Xl.
412 2917 534 2980 Christi
557 2919 606 2978 66.
637 2943 678 2976 =
707 2921 788 2982 818:
814 2926 854 2984 L.
880 2925 1043 2984 Annaeus
1066 2927 1195 2985 Seneca

149 3021 387 3094 Cordubensis,
416 3033 618 3101 praeceptor
646 3025 798 3085 Neronis
828 3035 860 3084 et
887 3036 1034 3104 patruus
1067 3025 1199 3088 Lucani

148 3136 287 3204 poetae,
314 3123 481 3184 incisione
504 3144 666 3185 uenarum
699 3137 732 3186 et
769 3145 897 3186 ueneno·
922 3127 1048 3186 barasto
1082 3125 1199 3206 periit.

150 3225 258 3289 Vitam
280 3228 420 3287 Senecae
444 3224 612 3305 descripsit
637 3227 665 3288 l.
691 3226 831 3308 Lipsius,
856 3227 968 3289 deinde
991 3227 1142 3290 Visconti
1166 3225 1196 3288 in

152 3327 387 3410 lconographia
414 3330 557 3390 Romana
579 3340 603 3389 t.
632 3329 661 3392 9.
686 3350 719 3410 p.
747 3329 820 3392 399.
846 3327 980 3412 aliique,
1017 3349 1100 3412 quos
1123 3350 1200 3391 enu-

151 3442 250 3492 merat
272 3433 533 3492 Westermannus
557 3453 589 3510 p.
616 3431 687 3497 286,

215 3531 351 3610 Quintil.
371 3537 465 3605 10,1,
485 3533 556 3594 125.
584 3533 643 3594 Ex
666 3531 840 3592 industria
863 3535 1024 3593 Senecam
1047 3531 1081 3591 in
1107 3532 1201 3592 omni

150 3655 275 3715 genere
297 3635 509 3713 eloquentiae
540 3633 658 3692 distuli
685 3643 831 3712 propter
861 3634 1036 3712 cstigatam
1056 3629 1200 3719 falsam

150 3736 191 3796 de
215 3755 267 3795 me
289 3734 495 3813 opinionem,
521 3732 604 3815 quia
625 3733 791 3792 damnare
813 3753 891 3792 eum
904 3744 935 3792 et
951 3731 1200 3814 inuisumquo·¹

150 3857 214 3918 que
236 3837 359 3897 habere
381 3855 458 3894 sum
491 3834 663 3894 creditus.
699 3835 802 3915 Quod
828 3834 953 3895 accidit
983 3835 1085 3908 milri,
1119 3835 1200 3895 dum

151 3949 352 4017 corruptum
376 3949 408 3997 et
430 3936 587 3998 omnibus
619 3935 706 3998 vitiis
726 3933 895 4024 flaccum
927 3936 1062 3997 dicendi
1091 3957 1201 4016 genus

151 4061 311 4102 reuocare
333 4039 379 4098 ad
400 4037 574 4098 severiora
595 4037 724 4098 iudicia
745 4039 924 4099 contendo.
972 4042 1062 4099 Tum
1084 4049 1200 4098 autem

151 4144 247 4205 solies
268 4140 322 4202 hic
332 4122 423 4228 fere
445 4139 480 4201 in
505 4139 661 4202 manibus
682 4139 949 4202 adolescentium
961 4139 1058 4225 ficit.
1088 4141 1198 4219 Quem

152 4264 221 4307 non
235 4242 391 4326 equidem
413 4240 552 4304 omnino
574 4241 724 4302 conabar
739 4253 912 4313 excutere,
930 4242 992 4303 sed
1004 4239 1197 4322 potioribus

150 4344 332 4434 praeferri
354 4365 422 4407 non
434 4342 598 4417 sinebam,
622 4365 709 4427 quos
729 4343 785 4405 itte
808 4363 877 4406 non
893 4344 1070 4406 destiterat
1087 4342 1197 4404 iaces·-
