2966 4842
1164 356 1222 418 531

243 522 305 578 leur,
325 519 457 562 adulateur.
495 513 639 562 0111111111
663 519 760 570 adnitar,
783 518 905 562 idolatras.
951 516 998 560 Nee
1021 519 1065 562 buc
1090 521 1223 564 vocairdum

242 593 596 657 01111111νοῖ11111111111,11111111
617 618 719 658 sonans,
747 605 813 647 euius
839 605 946 648 litaminit
966 601 1046 650 Varro
1073 611 1097 650 et
1115 607 1222 650 Doeder-

241 693 285 736 lein
304 693 395 737 Lateia.
418 694 553 746 synonyme
573 693 680 750 Beilage.
701 693 727 738 S.
750 689 790 738 35.
814 691 927 734 Celerum
949 689 1040 736 Vtiliter
1058 691 1096 735 De
1113 689 1139 736 Ο.
1160 689 1218 738 Cor-

241 779 304 823 nelio
324 777 398 824 Gallo
416 779 445 822 P.
468 776 491 823 1.
514 794 536 834 p.
561 775 600 826 11.
627 793 655 824 ex
676 793 723 833 eo,
753 780 814 837 quod
833 777 953 822 Labienus
980 777 1075 824 Gallico
1105 781 1220 826 vocabulo

241 851 362 926 nauseet,
381 868 541 925 colligendum
559 871 634 921 putat,
656 869 733 922 ipsum
752 879 781 910 ex
801 865 879 910 Gallia
899 867 1025 910 oriundum
1043 866 1127 919 faisse,
1149 870 1219 912 sicali

239 957 309 1000 eliam
328 959 413 1013 reliqui
434 957 575 1011 scriptores,
596 967 696 1013 quorum
717 955 878 1012 Quintilianus
896 953 954 998 facit
971 954 1132 1003 mentionem.
1152 967 1219 1008 pere·

236 1044 313 1102 grinis
333 1049 426 1088 utentes
446 1045 579 1097 vocabulis,
599 1057 629 1089 ex
647 1045 678 1088 iis
697 1042 837 1101 regionibus
856 1044 903 1086 arti
922 1047 986 1095 sunl,
1006 1042 1092 1096 quibus
1112 1043 1152 1086 illa
1167 1056 1221 1096 pro-

238 1133 289 1184 pria
309 1137 386 1176 111111.

261 1250 289 1307 3.
322 1249 421 1307 Oratio
442 1254 542 1304 contra
561 1249 738 1322 Bathyllum,
763 1249 943 1306 Maecenatis
963 1250 1107 1306 libertum.

234 1378 396 1441 Labienus
421 1379 602 1458 Bathyllum
631 1379 860 1460 pantomimum
886 1379 1030 1461 (Lipsius
1059 1380 1091 1443 in
1114 1378 1222 1441 Taciti

174 1481 348 1553 Α111111.1,
383 1482 436 1543 51.
482 1481 546 1546 Dio
572 1481 664 1545 Cass.
696 1481 754 1557 51,
779 1484 837 1560 17.
885 1478 1221 1560 GrysarRheiuisch.

170 1585 258 1644 Mus.
286 1583 380 1646 1833.
407 1587 436 1644 1.
462 1585 516 1678 Η.
540 1607 575 1666 p.
602 1583 654 1646 76.
699 1581 869 1645 Weichert
900 1587 937 1644 dc
962 1579 1101 1646 Caesare
1131 1585 1218 1666 Aug.

172 1683 299 1748 Comm.
325 1685 343 1746 2
359 1708 393 1766 p.
412 1687 476 1762 tt.)
499 1686 608 1750 nescio
625 1707 690 1770 quo
707 1684 840 1748 crimine
853 1707 941 1748 reum
954 1685 1095 1748 lecerat:
1112 1685 1219 1748 Gallio

166 1788 218 1866 (dc
242 1809 306 1870 quo
330 1787 411 1849 infra
435 1809 541 1851 sermo
556 1788 616 1850 erit
632 1811 663 1869 p.
675 1789 765 1866 513.)
784 1787 813 1850 ei
834 1787 999 1869 respondit
1023 1786 1218 1851 orationem-

166 1909 227 1973 que
250 1911 311 1970 pro
333 1891 486 1970 Bathyllo
508 1890 687 1972 rescripsit.

232 1993 353 2056 Seneca
387 1989 551 2056 Controv.
587 1992 611 2054 l.
644 1994 675 2056 5.
698 2014 732 2073 p.
758 1992 832 2054 351.
888 1993 1097 2056 Monstrabo
1127 1991 1221 2056 vobis

169 2095 296 2156 bellam
316 2095 476 2168 libellam,
499 2115 599 2176 pacm
620 2115 643 2154 a
664 2093 821 2156 Gallione
844 2106 959 2156 vestro
979 2094 1120 2175 pietatis.
1155 2097 1220 2158 Re-

169 2197 285 2260 citabit
307 2197 511 2276 rescriptam
533 2196 684 2258 Labieno
711 2217 778 2276 pro
800 2196 963 2280 Bathyllo
986 2195 1214 2270 Maecenatis,

165 2299 201 2358 in
223 2319 291 2380 qno
320 2298 529 2379 suspicietis·
546 2297 773 2359 adolescentis
787 2285 968 2372 animam,
999 2297 1077 2360 illos
1099 2297 1221 2360 dentes

171 2401 216 2462 ad
239 2400 462 2462 mordendum
481 2401 713 2481 provocantis.

209 2539 257 2584 pro
276 2523 409 2584 Bathyllo]
447 2529 469 2570 in
494 2528 551 2569 edit.
578 2527 659 2580 priore
683 2527 776 2578 erravi,
805 2539 857 2570 cnm
880 2527 999 2578 dicerem,
1021 2527 1151 2569 Labienum
1175 2539 1217 2579 pro

240 2615 351 2667 Bathyllo
381 2615 515 2658 orationem
538 2614 663 2658 habuisse:
695 2614 815 2658 Labienus
842 2617 905 2656 enim
930 2619 1013 2658 contra
1034 2627 1088 2657 eum
1111 2613 1216 2669 scripsit,

235 2704 333 2760 eiusque
353 2715 450 2746 causam
467 2702 571 2746 1111111111
594 2701 683 2746 Gallio.
721 2702 799 2744 Causa
819 2703 912 2745 erroris
932 2715 961 2744 ex
983 2703 1136 2760 ambiguitate
1158 2711 1216 2742 var-

236 2792 320 2834 burum
345 2791 450 2834 Senecae
468 2795 553 2834 exorta
576 2795 620 2834 est.

493 2909 597 2966 cxlll.
638 2909 783 2964 Passienus
800 2915 890 2979 paler.

227 3037 398 3104 Passienus
421 3050 512 3120 pater
533 3051 564 3100 et
585 3035 681 3114 filius,
706 3048 855 3100 oratores
878 3039 995 3112 ambo,
1027 3038 1131 3118 probe
1169 3035 1216 3096 di-

167 3141 349 3226 stinguendi
372 3153 459 3203 sunt:
485 3141 517 3202 id
540 3143 626 3225 quod
648 3162 707 3203 nec
730 3141 769 3202 ab
792 3139 860 3202 aliis
892 3141 993 3201 adhuc
1024 3160 1082 3203 nec
1122 3157 1138 3199 1
1168 3158 1217 3199 me

161 3245 193 3308 in
217 3244 330 3326 priore
354 3242 492 3307 editione
514 3243 633 3305 factum
657 3254 714 3305 cst.
762 3242 932 3304 Passienus
958 3252 1049 3321 pater
1079 3238 1218 3323 aequalis

167 3345 236 3409 lere
259 3345 371 3409 Porcii
393 3346 546 3410 Latronis
575 3356 607 3407 et
636 3343 743 3434 Marci
766 3345 904 3408 Senecae
938 3341 1078 3405 rhetoris
1107 3345 1215 3424 (quem

168 3471 197 3510 1.
223 3449 284 3514 1193
306 3451 374 3528 (61)
397 3461 501 3510 natum
523 3447 638 3512 scribit
661 3446 792 3511 Clinton
816 3449 854 3508 ad
877 3468 907 3508 1.
931 3447 1031 3523 153),
1061 3455 1092 3504 11
1123 3454 1214 3504 natus

164 3573 232 3613 csse
255 3552 380 3613 videtur
403 3551 488 3612 circa
512 3573 626 3610 annum
650 3551 711 3611 1190
736 3551 815 3625 (ot).
861 3547 1013 3606 Mortuus
1037 3553 1083 3602 est
1107 3563 1135 3602 1.
1154 3543 1216 3602 tlt

163 3655 217 3728 (10
241 3673 269 3714 a.
294 3649 391 3726 Chr.)
413 3661 492 3710 teste
515 3647 721 3723 Hieronymo
745 3647 777 3706 in
795 3643 927 3706 Eusebii
942 3639 1212 3722 Chron.01ymp.

164 3751 237 3812 192.
263 3749 294 3810 3.
340 3747 480 3829 Augusti
519 3747 571 3808 31.
604 3747 718 3806 Ξ1111
749 3746 829 3823 (10).
882 3743 1065 3806 Passienus
1099 3757 1212 3824 pater,

164 3851 374 3912 declamator
396 3846 557 3929 insignis,
582 3847 673 3910 diem
695 3845 790 3909 obiit.

228 3951 349 4012 Seneca
372 3947 533 4012 Controv.
567 3947 617 4011 13.
642 3971 675 4029 p.
700 3949 774 4011 tol.
819 3948 1026 4019 Passienus,
1061 3943 1113 4004 vir
1145 3944 1213 4003 elo-

163 4052 407 4140 quentissimas
426 4062 469 4111 'et
497 4053 663 4131 temporis
696 4051 751 4113 sai
781 4050 917 4131 primas
950 4055 1090 4116 orator,
1127 4043 1213 4102 hane

163 4155 385 4221 subtilitatem
407 4151 554 4215 actionis
576 4169 644 4212 non
663 4152 831 4233 probabat
854 4149 889 4209 in
913 4151 1073 4208 Latrone.

227 4261 347 4321 Seneca
371 4253 456 4318 Exc.
482 4253 643 4318 Controv.
674 4249 732 4314 lib.
763 4251 794 4314 3.
827 4269 860 4329 p.
886 4245 957 4312 135.
1005 4242 1133 4308 Cassius
1158 4244 1214 4307 Se-
