2992 4844
483 571 485 574 ¹
534 589 559 646 t.
601 591 700 650 Oratio
721 593 882 654 tribunicia.

250 718 297 780 Ea
320 715 403 780 dicte
432 730 480 780 eet
502 741 531 784 e.
564 722 625 786 666
655 723 736 804 (90).
779 729 891 800 Locus
919 731 975 815 qui
1002 746 1106 813 extet,
1129 760 1169 804 ex
1193 763 1228 804 ee

184 829 275 900 parte
306 816 462 884 orationis
492 833 628 898 sumtus,
667 826 699 887 in
734 851 796 912 que
832 833 886 896 M.
923 833 1053 901 Livium
1086 839 1227 906 Drusum

182 919 294 996 filium,
318 942 401 986 anno
423 927 634 1006 praecedente
656 925 879 1010 intersectum,
903 933 974 1001 iure
997 937 1136 1010 occisum
1160 966 1228 1016 esee

181 1034 312 1086 testatus
335 1035 395 1089 est.

248 1143 368 1209 Cicero
384 1143 416 1210 iu
433 1147 574 1212 Oratore
591 1149 650 1226 63,
671 1152 745 1218 213.
789 1159 852 1221 Me
874 1169 987 1223 etantc
1001 1165 1041 1227 G.
1060 1167 1172 1232 Carbo
1185 1172 1225 1234 0.

170 1241 216 1333 f.
240 1245 400 1308 tribunus
421 1251 470 1328 pt.
494 1249 529 1310 in
560 1253 720 1318 concione
747 1257 859 1320 dixit:
879 1263 923 1324 0.
945 1265 1069 1328 Marce
1095 1271 1224 1346 Dmre,

181 1346 334 1426 (patrem
355 1351 508 1430 appello)
530 1363 569 1413 tu
591 1353 703 1418 dicere
725 1361 875 1436 eotebae,
900 1383 1037 1428 sacram
1058 1390 1227 1435 cererem

175 1447 370 1528 publicomr
391 1449 595 1536 quicumque
624 1477 700 1518 eam
727 1460 964 1541 violavissent,
995 1469 1038 1531 ob
1068 1473 1226 1537 omnibue

179 1571 253 1612 esee
282 1550 314 1612 ei
343 1571 475 1632 poenae
507 1560 718 1635 persolutae.
775 1565 890 1629 Patris
926 1568 1056 1634 dictum
1089 1575 1226 1656 eapiene

179 1653 355 1717 temeritas
370 1653 448 1730 ficii
469 1661 712 1740 comprobavit.

214 1811 253 1840 me
272 1797 366 1857 utente]
403 1801 419 1844 i.
440 1815 462 1844 e.
483 1815 522 1846 me
541 1805 657 1859 edeteute,
678 1821 714 1852 ine
733 1811 852 1860 audiente.
874 1811 926 1857 Cic.
946 1815 1016 1860 ttrur.
1036 1815 1079 1862 89.
1114 1815 1222 1880 deliqui,

248 1889 291 1944 qui
308 1893 360 1931 tum
375 1889 507 1946 principes
531 1894 744 1956 numentanam,
769 1899 796 1942 in
820 1899 1016 1960 magietrutibue
1034 1911 1121 1960 erent,
1141 1909 1224 1966 pueti-

247 1972 336 2032 dicque
347 1972 408 2034 sere
428 1991 444 2021 a
463 1977 535 2022 nobie
558 1981 585 2024 in
610 1983 772 2029 concionibne
790 1986 967 2035 audiebantur.
1004 1989 1070 2038 Erat
1088 1993 1153 2040 enine
1172 1999 1222 2042 tum

247 2061 361 2108 tribunue
378 2065 417 2121 pt,
432 2061 459 2110 0.
479 2062 563 2121 Curio,
584 2067 612 2128 (i.
633 2069 750 2116 Metellus
769 2070 849 2130 Celer,
869 2074 962 2122 diserti
978 2085 1060 2126 autem
1073 2079 1103 2140 Q·
1119 2079 1221 2136 Variae,

249 2145 274 2192 0.
289 2147 379 2206 Carbo,
400 2148 444 2196 Cn.
461 2152 623 2212 Pomponiue.
644 2163 668 2202 ct
684 2157 710 2204 tu·
728 2160 825 2218 quidem
845 2160 991 2209 dubitabunt
1008 2166 1036 2210 in
1054 2170 1156 2216 rostris.
1176 2169 1221 2213 tue

246 2251 323 2291 eurio,
344 2253 390 2295 quo
409 2243 487 2284 oretio
507 2249 544 2286 est
563 2245 640 2298 dicte,
662 2245 748 2290 Cicero
768 2249 873 2292 sedecim
891 2263 968 2295 anuos
988 2259 1039 2297 eret
1058 2259 1136 2298 notus.
1171 2256 1221 2300 Hoc

246 2326 405 2382 fragmentum
429 2331 451 2370 in
478 2305 634 2375 Onomastico
655 2333 766 2376 'I'uttieno
787 2335 892 2380 Carboni
918 2339 979 2391 petri
1006 2323 1133 2394 tribuitur,
1159 2346 1220 2398 quod

250 2423 330 2454 verum
352 2427 405 2458 esee
424 2429 494 2473 nego,
515 2431 567 2460 cum
587 2419 666 2462 Carbo
687 2425 754 2474 peter
772 2422 835 2465 diem
854 2421 966 2477 obiverit,
987 2429 1113 2482 antequem
1132 2425 1219 2472 Cicero

248 2505 313 2542 eeeet
331 2505 408 2548 netur.

209 2585 320 2645 putrem]
356 2589 391 2632 n.
403 2590 497 2636 Drusus
510 2598 578 2647 peter
596 2607 627 2644 6.Δ
641 2589 689 2638 ⁶33
711 2589 787 2654 (12¹)
807 2596 837 2642 C.
856 2597 990 2644 Gracchum
1004 2600 1056 2644 iun
1068 2601 1220 2652 interfectore

246 2687 300 2718 esee
324 2677 397 2724 dixit:
424 2679 505 2724 Gerbo
533 2681 596 2726 idem
623 2682 712 2728 dietum
730 2684 857 2738 repetivit,
883 2698 936 2730 cum
962 2685 1055 2731 orem
1077 2684 1159 2742 fitius,
1179 2690 1219 2746 qut

246 2764 336 2816 puriter
354 2769 424 2822 etque
443 2766 566 2813 Gracchus
585 2783 658 2814 neree
677 2783 717 2814 res
736 2771 897 2826 moliebatur,
917 2773 1078 2819 occideretur.

570 2942 644 2999 LXI.
688 2943 827 3001 Claudius.

240 3067 338 3130 Extat
361 3045 581 3154 ¹fragmentum
611 3072 884 3154 corruptissimum
910 3077 993 3156 apud
1019 3074 1160 3150 Nouium
1181 3098 1216 3160 p.

176 3167 257 3232 208:
297 3171 436 3237 Horrea
470 3194 598 3254 genere
631 3187 776 3252 neutro,
812 3187 852 3238 ut
884 3197 1004 3259 eaepc,·
1021 3175 1217 3269 feminino,

174 3271 339 3337 Claudius
380 3273 538 3338 oratione
578 3277 614 3338 in
652 3277 832 3359 Quintium
869 3281 1026 3348 Gallum:
1058 3284 1218 3363 Quorum

1256 1225 1287 1252 x
1371 1223 1375 1230 .

174 3370 285 3436 iaceni
317 3396 461 3438 murena
496 3380 569 3444 utta
608 3382 735 3444 horrea
765 3380 929 3465 curiaque
961 3395 995 3444 et
1025 3383 1218 3454 tributariae
1264 3409 1266 3414 ·

168 3473 338 3552 publicae.
402 3477 568 3544 Eiusdem
603 3482 742 3563 generis
779 3483 973 3553 tabularius
1015 3496 1049 3551 et
1079 3485 1218 3558 horride

173 3572 279 3639 dixit.
499 3583 502 3586 ’

239 3677 424 3756 Quaeritur,
456 3679 528 3764 quis
557 3681 600 3746 eit
635 3682 797 3747 Claudius.
848 3685 885 3748 Io
917 3683 994 3748 edit.
1029 3683 1140 3765 priore
1173 3685 1216 3764 Q·

174 3772 311 3843 Claudio
335 3782 553 3866 Quadrigario
581 3807 616 3864 ea
648 3788 746 3849 rerba
768 3785 961 3861 tribuebam,
984 3789 1040 3854 sca
1062 3784 1216 3860 incertum

173 3888 242 3952 est,
274 3900 312 3940 en
338 3905 485 3968 umquam
512 3885 610 3947 fuerit
640 3898 752 3954 orator
778 3887 1010 3970 reliqueritque
1039 3885 1216 3987 orationes.

172 3979 253 4042 Sunt
282 3981 412 4066 quidem
447 3985 532 4048 inter
563 3986 741 4070 fragmenta
776 3989 946 4054 Annaliun
980 3985 1108 4058 Claudii
1134 3983 1217 4046 haud

169 4101 271 4162 pauca
295 4086 450 4162 oratoria,
475 4106 534 4150 nec
559 4099 662 4150 tameo
685 4111 727 4152 ex
753 4089 838 4154 veris
859 4084 1073 4159 orationibus,
1099 4084 1155 4146 sed
1176 4103 1218 4147 ex

169 4180 210 4246 iis
226 4186 377 4269 decerpta
395 4200 490 4269 puto,
507 4207 585 4271 quae
610 4187 679 4270 ipse
703 4190 796 4262 fiuxit
821 4201 852 4254 ct
865 4184 987 4271 pariter
1008 4196 1102 4268 atque
1119 4182 1218 4249 eckebi

173 4282 323 4352 historici
347 4286 512 4350 arentibus
531 4288 672 4354 inserere
697 4293 831 4356 solebat.
878 4288 1084 4368 Quapropter
1103 4284 1216 4350 falsum
