2958 4840
1142 345 1203 410 600

156 527 194 580 ut
208 511 453 577 incustoditum
464 507 568 572 nimis
581 516 616 569 ec
630 505 819 578 incautum,
837 502 889 568 ita
901 501 1040 566 minime
1055 505 1203 566 malama

156 616 325 682 iudicibus
347 612 494 694 acceptio
516 611 552 672 in
574 619 697 672 senatu
719 604 898 670 remansit.

258 783 286 838 9.
319 779 419 838 Oratio
439 794 491 850 pro
511 777 585 832 Rnio
605 775 730 837 Vareno,
754 773 925 844 proconsule
945 755 1109 844 Bithyniae.

222 915 303 977 Acta
335 923 382 976 est
412 929 505 973 causa
535 929 565 968 a.
590 905 651 968 855
681 904 780 982 (102).
810 903 946 966 Messon
977 923 1011 982 p.
1047 901 1115 966 125.
1138 904 1202 964 Ar-

159 1027 339 1098 gumentum
364 1021 530 1074 enarratur
550 1007 582 1070 in
599 1005 696 1070 Plinii
710 1004 816 1085 Epist.
840 1003 861 1070 l.
885 1003 979 1084 5.cp.
1003 1003 1056 1064 20.
1080 1002 1203 1068 Deinde

162 1122 199 1183 de
223 1116 370 1180 oratione
399 1135 453 1176 sua
478 1116 539 1174 hoc
562 1108 691 1172 adiicit:
713 1109 784 1188 Egi
808 1127 873 1187 ego
885 1127 953 1187 pro
970 1109 1119 1178 Vareno,
1137 1127 1204 1170 non

159 1221 233 1284 eine
255 1229 395 1282 euentu:
419 1236 498 1276 nam
521 1215 601 1276 bene
616 1233 660 1274 an
679 1212 778 1283 mule,
795 1207 1065 1270 liberimlicabit.
1082 1228 1204 1288 porro:

158 1318 413 1388 Providentiam
435 1327 486 1381 cst
508 1315 610 1389 milri,
641 1334 682 1376 ne
705 1312 857 1394 gratiam
879 1309 1041 1372 novitatis
1070 1320 1102 1370 et
1123 1309 1205 1400 flo-

159 1445 242 1496 rem,
268 1443 355 1505 quae
377 1419 631 1483 oratiunculam
654 1435 765 1478 meam
787 1413 838 1474 uel
861 1411 1013 1473 maxime
1035 1432 1203 1474 commen-

161 1526 234 1597 dat,
259 1524 422 1605 epistolae
444 1519 649 1603 loquacitate
669 1537 908 1598 praecerpam.
931 1514 1011 1578 ibid.
1037 1516 1068 1589 0,
1083 1514 1138 1586 29,
1154 1517 1203 1578 11.

160 1627 249 1690 Dixi
270 1625 432 1706 proxime
451 1644 519 1705 pro
543 1625 700 1692 Vareno,
729 1620 942 1700 postulante,
968 1628 1005 1677 ut
1028 1615 1093 1678 sibi
1120 1615 1206 1678 inui-

158 1751 230 1790 cem
251 1747 392 1792 euocare
414 1737 514 1788 testea
536 1723 669 1786 liceret:
692 1721 912 1800 impetratum
935 1730 998 1780 est.

223 1903 267 1960 10.
290 1902 389 1958 Oratio
409 1918 461 1973 pro
481 1867 606 1956 Corellia
626 1901 726 1954 contra
747 1895 779 1952 C.
802 1894 971 1963 Caecilium,
993 1895 1142 1949 consulem

591 1991 782 2059 designatum.

223 2126 305 2186 Acta
332 2135 378 2184 est
412 2142 505 2182 causa
533 2141 559 2182 a.
589 2120 650 2181 855
678 2120 777 2194 (102).
823 2115 965 2180 Corellia
997 2129 1205 2179 accusatura

163 2223 307 2290 Caecilio
332 2221 491 2297 Classico,
518 2221 648 2282 consule
670 2219 835 2302 designato
859 2241 889 2280 a.
913 2220 974 2280 855
994 2220 1094 2298 (102),
1116 2230 1149 2280 ut
1166 2240 1208 2281 ex

161 2323 411 2394 FastisBaiteri
434 2335 577 2404 apparet.
609 2321 731 2385 Plinius
757 2343 824 2383 canu
847 2319 996 2394 defendit,
1020 2341 1207 2404 causamque

162 2427 313 2512 exposuit
337 2427 370 2489 in
393 2425 498 2508 Epist.
519 2423 541 2492 l,
564 2425 594 2497 t,
620 2428 667 2488 17.

444 2565 489 2622 11.
511 2562 610 2621 Oratio
630 2579 683 2634 pro
702 2563 803 2618 Vectio
821 2561 927 2618 Prisco.

226 2697 336 2757 Annus
358 2691 511 2754 incertus.
558 2692 661 2758 Cattsa
688 2693 935 2756 centumviralis.
981 2693 1071 2756 Plio.
1104 2692 1208 2773 Epist.

166 2799 197 2873 ὁ,
227 2797 278 2856 12.
314 2797 433 2860 Vectio
454 2794 596 2869 Prisco,
631 2807 797 2879 quantum
830 2795 1019 2876 plurimum
1047 2777 1208 2876 potuero,¹

165 2899 368 2981 praeatalm,
398 2898 603 2980 praesertim
625 2899 660 2958 in
682 2919 791 2959 arena
814 2918 906 2972 mea,
941 2899 1004 2959 hoc
1025 2909 1095 2970 est,
1119 2897 1214 2978 aprici

166 3000 408 3062 centumviros.

484 3140 529 3197 12.
552 3139 651 3195 Oratio
670 3156 723 3211 pro
744 3141 896 3195 Firmanis.

230 3272 342 3334 Annus
357 3270 508 3334 incertus.
527 3269 652 3334 Plinius
671 3292 793 3333 causam
811 3270 876 3352 egit
890 3267 1113 3332 Firmanorum
1123 3271 1214 3352 (Fir-

164 3395 257 3435 mum
287 3373 448 3436 Picenum
479 3395 593 3436 nomen
624 3370 716 3436 huius
746 3373 905 3436 coloniae.
942 3371 1040 3436 Conf.
1062 3373 1215 3436 Manncrt

168 3475 257 3537 ltalia
281 3481 310 3538 1.
337 3498 370 3555 p.
390 3475 462 3538 105.
510 3475 660 3556 Madwig
684 3475 846 3555 Opnscula
869 3497 901 3554 p.
923 3475 1012 3550 290.)
1049 3473 1135 3535 Plin.
1153 3477 1215 3554 Ep.

165 3577 195 3648 0,
230 3577 280 3638 18.
325 3580 455 3657 Rogas,
480 3588 518 3636 ut
539 3597 644 3657 agam
666 3577 908 3636 Firmanorum
935 3574 1105 3654 publicam
1133 3595 1214 3635 cau·

164 3696 250 3750 sam,
272 3676 364 3758 quod
385 3697 470 3756 ego,
497 3695 706 3759 quamquem
732 3675 896 3755 plurimis
929 3675 1212 3757 occupationibus

165 3777 345 3850 distentus,
368 3776 522 3838 adnitar.
1061 3788 1065 3796 ’

441 3934 486 3992 13.
508 3933 607 3992 Oratio
628 3951 680 4006 pro
700 3935 789 3991 Acria
810 3936 939 3990 Variola.

229 4061 333 4130 Causa
357 4065 615 4140 centumviralis,
644 4088 737 4152 quarn
765 4065 888 4130 Plinius
910 4063 941 4126 iu
974 4065 996 4128 l.
1026 4069 1057 4128 0.
1086 4088 1139 4148 ep.
1172 4067 1212 4130 33

168 4164 341 4230 enarravit.
380 4167 496 4232 Oratio
520 4169 735 4250 pulcherrirna
761 4167 900 4232 omnium
923 4191 990 4233 esse
1013 4168 1191 4232 ferebatur.

229 4268 351 4336 Plinius
369 4269 475 4352 Epist.
498 4272 533 4348 6,
554 4273 606 4334 33.
654 4272 777 4354 Accipe
807 4273 1002 4338 orationem
1027 4295 1137 4336 meam
1163 4273 1212 4336 cli·
