2992 4840
1194 355 1252 414 717

269 513 357 576 Plut.
382 510 442 573 vit.
463 509 541 573 Tib.
562 510 703 574 Gracchi
725 534 754 574 c.
777 512 808 573 2.
842 505 860 574 ὁ
880 505 977 595 λόγος
997 511 1129 594 τοῦμὲν
1148 515 1254 576 Γαΐου

205 611 353 707 φοβερὸς
376 619 431 678 καὶ
450 611 642 703 περιπαθὴς
664 616 710 690 ἐις
729 615 891 691 δείνωσιν,
914 607 1012 692 ἡδίων
1030 607 1056 677 δ’
1082 607 1099 676 ὁ
1119 613 1177 678 τοῦ
1198 616 1254 678 Τι-

204 719 317 806 βερίου
336 723 392 782 καὶ
406 716 534 800 μᾶλλον
550 713 718 800 ἐπαγωγὸς
734 719 862 794 οἴκτου,
886 716 924 808 τῇ
944 717 977 779 δὲ
999 715 1080 794 λέξει
1096 710 1255 803 καθαρὸς

144 884 147 889 .
206 826 261 886 καὶ
280 822 557 901 διαπεπονημένος
576 815 719 907 ἀκριβῶς
734 821 868 895 ἐκεῖνος,
891 813 909 882 ὁ
929 821 964 882 δὲ
979 821 1086 884 Γαΐου
1103 813 1255 892 πιθανὸς

207 928 264 988 καὶ
284 924 516 1007 γεγανωμένος.

529 1201 556 1256 l.
588 1201 694 1258 Coneto
717 1202 747 1256 in
769 1199 945 1258 Mancinum.

274 1352 357 1413 Acta
385 1349 509 1411 videtur
530 1371 622 1412 causa
643 1372 673 1412 a.
692 1349 752 1412 618
775 1350 876 1430 (136).

263 1452 356 1534 ¹Cum
382 1450 422 1515 C.
443 1451 604 1514 Hostilius
627 1451 797 1514 Mancinus
825 1453 937 1514 consul
963 1473 993 1514 a.
1017 1475 1048 1514 u.
1079 1452 1138 1514 617
1167 1453 1256 1530 (137)

207 1557 304 1618 rebus
328 1555 408 1616 male
432 1552 530 1636 gestis
557 1555 599 1616 ob
625 1553 740 1616 foedus
766 1554 989 1616 Numantinum
1010 1553 1141 1634 (Livius
1163 1555 1253 1635 Epit.

209 1657 263 1720 55.
282 1655 370 1720 Plut.
387 1655 459 1717 Vit.
478 1655 556 1718 Tib.
576 1654 718 1718 Gracchi
735 1679 765 1718 c.
784 1657 816 1718 7.
836 1655 956 1719 Cicero
971 1659 1008 1718 de
1025 1656 1125 1720 Ollio.
1144 1657 1174 1732 3,
1187 1659 1255 1734 30.)

209 1780 282 1820 reus
304 1769 405 1835 esset,
431 1757 486 1820 Ti.
512 1759 697 1833 Gracchus,
722 1768 875 1842 quaestor
897 1757 981 1832 eius,
1005 1757 1096 1819 simul
1118 1759 1150 1820 in
1173 1759 1256 1821 iudi·

212 1859 294 1923 cium
326 1869 478 1935 vocatus,
513 1861 636 1922 duabus
667 1862 762 1922 rebus
793 1859 945 1922 invidiam
979 1859 1090 1940 populi
1125 1861 1254 1943 cffugit,

209 1974 276 2025 tum
299 1961 373 2047 quia
396 1961 483 2045 leges
511 1964 684 2044 populares
706 1962 980 2046 promulgaturum
1008 1984 1077 2028 sese
1096 1961 1128 2024 in
1153 1963 1257 2024 tribu-

210 2076 284 2126 natu
304 2063 512 2145 promiserat,
536 2077 600 2125 tmu
616 2065 791 2147 relegando
811 2065 935 2146 culpam
951 2065 984 2127 in
1001 2065 1185 2127 Mancinum
1197 2064 1257 2126 im·

210 2178 407 2246 peratorem.
455 2165 554 2230 Conf.
579 2167 711 2230 Rubino
738 2167 933 2230 Untersuch.
961 2170 1015 2230 ub.
1042 2173 1127 2231 rbru.
1158 2166 1255 2230 Verf.

212 2291 245 2328 u.
269 2268 388 2329 Gescb.
416 2269 458 2329 T.
478 2271 508 2329 1.
536 2289 570 2348 p.
588 2268 662 2329 277.

274 2370 388 2432 Aurel.
413 2369 542 2432 Victor.
573 2372 611 2431 de
628 2368 707 2432 Vir.
736 2370 789 2432 lll.
817 2393 847 2434 c.
874 2372 927 2433 64.
972 2372 1030 2435 Ti.
1056 2373 1250 2446 Gracchus,

211 2483 374 2554 quaestor
388 2471 557 2536 Mancino
580 2470 616 2533 in
631 2471 821 2553 Hispania,
834 2470 975 2560 foedus
999 2473 1073 2535 eius
1084 2472 1260 2564 flagitio·¹

211 2595 288 2638 sum
307 2574 479 2657 probauit.
525 2573 720 2638 Periculum
739 2574 924 2637 deditionis
942 2575 1154 2658 eloquentiae
1172 2595 1255 2657 gra-

211 2676 263 2740 tia
287 2676 428 2764 effugit.

277 2781 441 2842 Rhetorcs
466 2801 560 2860 saepe
588 2781 670 2842 hanc
693 2801 817 2842 causam
837 2790 978 2842 tractare
999 2779 1157 2843 solebant.

278 2879 414 2961 Quintil.
445 2883 479 2956 7,
506 2886 540 2955 1,
573 2883 624 2945 13.
674 2883 852 2948 Interdum
884 2885 985 2964 culpa
1016 2882 1052 2944 in
1085 2881 1257 2944 hominem

213 2985 407 3065 relegatur,
432 2995 470 3044 ut
494 2983 525 3044 si
546 2987 722 3047 Gracchus
749 3007 830 3046 reue
845 2981 1014 3074 foederis
1035 2983 1255 3058 Numantini,

213 3085 311 3146 cuiue
335 3096 427 3146 metu
450 3088 542 3167 leges
559 3089 749 3166 populares
767 3087 886 3147 tulisse
909 3086 945 3146 in
969 3085 1148 3146 tribunatu
1169 3085 1260 3147 vide·

214 3199 290 3260 tur,
315 3189 459 3250 missum
481 3209 517 3249 ce
541 3188 584 3248 ab
606 3187 815 3270 imperatore
838 3208 902 3250 auo
922 3187 1060 3249 diceret.

281 3299 460 3360 Martianus
481 3298 614 3380 Capella
637 3321 670 3380 p.
690 3298 750 3360 615
774 3301 825 3361 ed.
848 3295 1110 3379 Capperonnicr:
1136 3300 1260 3361 Remo-

216 3400 266 3463 tio
289 3413 364 3479 eut,
385 3423 463 3462 cum
486 3401 654 3464 obiectum
676 3401 803 3464 crimen
819 3401 855 3462 in
871 3403 1018 3463 alterum
1040 3402 1091 3461 vel
1114 3399 1149 3461 in
1164 3398 1262 3459 aliud

215 3503 258 3564 ab
287 3525 346 3577 eo,
382 3503 441 3586 qui
470 3504 696 3584 percellitur,
729 3514 952 3566 removetur:
995 3502 1031 3563 in
1061 3501 1190 3574 alium,
1223 3511 1261 3560 ut

218 3604 274 3666 Ti.
309 3606 484 3668 Gracchus
516 3604 551 3666 in
588 3605 812 3680 Mancinum,
851 3605 910 3686 qui
944 3617 1066 3666 auctor
1094 3601 1262 3692 faciendi

205 3703 374 3790 foederis
385 3704 489 3796 fuit,
521 3707 614 3789 quod
638 3718 710 3768 tam
735 3717 876 3770 senatus
898 3728 1002 3789 quam
1025 3708 1176 3788 populus
1200 3703 1263 3765 im-

213 3809 394 3889 probarat.

482 4061 511 4118 2.
547 4061 699 4116 Orationes
721 4077 773 4132 pro
795 4060 996 4131 legibussuis.

284 4188 338 4251 Ti.
368 4189 537 4252 Gracchus
565 4189 597 4252 in
628 4189 787 4254 tribunatu
814 4213 873 4254 suo
906 4211 935 4251 a.
964 4189 1023 4249 cul
1053 4162 1141 4262 (133)
1175 4183 1262 4268 leges

220 4291 394 4372 populares
419 4290 509 4366 tulit,
534 4312 648 4373 easque
672 4292 776 4355 multis
803 4288 999 4356 orationibus
1024 4298 1054 4350 et
1078 4283 1210 4348 suasisse
1234 4299 1264 4350 et
