2958 4840
285 395 346 458 562

321 560 347 602 in
367 555 512 618 consulatu]
546 571 569 604 s.
594 553 642 604 lbl
662 552 732 618 (³2).

267 677 271 690 .
313 641 408 704 fratrs]
444 646 548 693 sensuli.
585 646 653 690 Aeso
675 646 739 690 enim
767 640 816 690 lbi
842 638 899 699 (bl)
918 649 1003 690 eostre
1021 644 1136 692 Seius!
1156 649 1181 692 st
1200 645 1339 691 temitteees

268 730 273 738 ’
358 737 420 794 eius,
443 747 502 791 qnos
525 735 586 778 inter
605 733 634 779 P.
662 733 773 778 Vitellius
795 733 883 788 tuerat,
904 733 1057 790 quaestiones
1078 739 1230 784 exerceatur.

564 887 664 948 Oretto
682 889 823 948 adversos
842 887 896 946 Co.
917 887 1061 948 Pisonem.

355 1023 436 1084 Aeta
460 1029 507 1084 est
531 1041 623 1082 cause
647 1039 676 1083 a.
703 1019 764 1082 tit
786 1017 868 1098 (20).
892 1017 1044 1082 Vitellius
1066 1017 1217 1084 Pisonem
1240 1016 1339 1084 inter·

289 1124 445 1187 lectorem
469 1121 655 1186 Germanici
677 1119 850 1185 maiestatis
872 1139 960 1184 reum
983 1119 1074 1185 iecit.
1115 1121 1249 1185 sueton.
1275 1119 1340 1186 Ca·

291 1225 387 1308 ligula
411 1225 443 1288 9.
488 1224 580 1288 Obiit
603 1224 849 1294 Germanicus,
874 1237 912 1288 ut
939 1223 1056 1306 opinio
1072 1221 1179 1316 fuit,
1197 1222 1341 1316 fraude

292 1327 435 1397 Tiberii,
461 1325 653 1390 ministerio
673 1338 706 1389 et
728 1347 834 1408 opera
846 1325 1066 1401 UmPisonis,
1089 1326 1150 1412 qui
1170 1325 1234 1390 sub
1248 1325 1341 1389 idem

289 1442 425 1512 tempus
447 1429 573 1515 Syriae
594 1429 815 1512 praepositus
836 1447 896 1491 nec
911 1427 1143 1504 dissimulans,
1161 1426 1342 1516 offenden-

291 1531 374 1594 dum
395 1531 461 1594 sibi
481 1543 543 1595 aut
561 1543 698 1614 patrem
720 1543 782 1594 aut
796 1529 939 1609 filium,
971 1530 1069 1615 quasi
1087 1533 1190 1614 plane
1213 1529 1264 1593 ita
1285 1527 1348 1592 ne?

292 1656 382 1698 cesse
392 1645 499 1709 esset,
516 1634 622 1696 etiam
631 1653 777 1716 aegrum
785 1633 1028 1697 Germanicum
1035 1632 1253 1717 gravissimis
1268 1655 1344 1694 oer-

291 1738 414 1799 borum
427 1757 468 1798 ac
482 1756 599 1798 rerum
612 1734 856 1799 acerbitatibus
869 1737 964 1799 nullo
974 1735 1128 1800 adhibito
1138 1733 1240 1798 modo
1253 1731 1343 1824 affe·

291 1837 350 1911 cit,
367 1847 511 1920 propter
532 1857 633 1920 quae,
650 1848 688 1899 ut
703 1839 850 1901 Romam
865 1837 979 1914 rediit,
998 1859 1086 1921 pene
1107 1837 1300 1921 discerptus
1321 1856 1347 1898 a

293 1941 442 2022 populo,
466 1963 490 2005 a
511 1951 635 2001 senatu
654 1938 775 2023 capitis
797 1939 983 2004 damnatus
1003 1951 1068 2006 est.

330 2108 374 2146 ast
390 2100 502 2162 patrem]
537 2103 555 2149 i.
579 2115 601 2147 s.
621 2102 756 2164 'tiberi-m,
778 2095 869 2160 petrem
891 2104 1028 2160 adoptivum
1049 2103 1197 2150 Germanici.

332 2222 376 2262 esst
388 2213 487 2279 fllium]
523 2215 693 2262 mouentem
711 2218 806 2264 litorii
825 2217 901 2264 liliam
922 2221 1068 2276 adoptivum.

362 2335 466 2401 Causa
490 2335 699 2399 celeberrima
722 2337 864 2401 refertur
894 2359 910 2400 a
935 2337 1050 2402 Tacito
1073 2338 1192 2402 Annal.
1223 2339 1261 2415 3,
1293 2341 1349 2410 to,

297 2459 371 2524 sqq.
397 2437 439 2503 C.
464 2439 514 2504 13.
559 2439 709 2503 Biduum
731 2441 932 2505 criminibus
946 2440 1145 2506 obiiciendis
1166 2441 1348 2514 statuitur,

299 2553 401 2625 utque
423 2563 486 2605 sess
507 2539 642 2605 dierum
663 2541 777 2625 spatio
799 2543 978 2608 interiecto
1000 2566 1081 2608 reus
1107 2567 1172 2628 per
1192 2541 1366 2608 triduum.

300 2641 557 2731 defenderetur.
579 2655 653 2706 tum
668 2639 840 2708 liticinius
863 2658 978 2708 vetera
999 2656 1032 2708 et
1054 2645 1174 2710 inania
1196 2643 1349 2720 orditur,

297 2758 380 2828 post
410 2767 510 2830 quem
540 2751 707 2810 Servaeus
728 2758 762 2809 et
794 2746 966 2812 Veranius
994 2760 1028 2809 et
1053 2748 1211 2812 Vitellius
1238 2746 1352 2810 consi·
1459 2817 1460 2824 χ

301 2847 374 2910 mili
395 2848 522 2923 studio,
547 2847 610 2910 sed
630 2849 738 2911 multa
759 2869 837 2912 cum
859 2846 1051 2933 eloquentia
1075 2849 1234 2913 Vitellius
1253 2847 1351 2928 obie-

301 2973 377 3013 cere
398 2951 479 3012 odio
501 2949 698 3015 Germanici
718 2963 751 3014 et
773 2973 891 3014 rerum
913 2971 1080 3013 nouarum
1098 2950 1227 3026 studio,
1252 2951 1352 3018 Piso·

305 3073 382 3113 nem
404 3055 527 3134 uulgus
555 3053 702 3116 militum
726 3074 790 3134 per
811 3054 984 3117 licentiam
1005 3066 1038 3116 et
1058 3053 1233 3117 sociorum
1260 3052 1354 3114 iniu-

304 3153 377 3214 rias
399 3175 440 3215 eo
461 3175 568 3236 usque
589 3155 803 3238 corrupisse,
834 3168 872 3219 ut
891 3177 1017 3238 parens
1045 3156 1221 3240 legionum
1242 3176 1265 3216 a
1292 3154 1353 3218 de·

302 3253 456 3316 terrimis
477 3258 730 3336 appellaretur,
759 3267 882 3320 contra
911 3259 947 3321 in
978 3258 1146 3341 optimum
1172 3275 1351 3342 quemque,

304 3353 456 3445 maxime
489 3356 524 3418 in
555 3358 696 3420 comites
730 3371 765 3421 et
794 3361 924 3424 amicos
960 3359 1159 3426 Germanici
1190 3359 1351 3435 saeuisse,

301 3468 478 3539 postremo
498 3455 611 3540 ipsum
633 3458 868 3525 deuotionibus
889 3475 924 3525 et
944 3481 1070 3526 ueneno
1080 3461 1280 3546 peremisse,
1295 3479 1355 3522 sa-

301 3581 363 3623 cra
383 3559 460 3622 hinc
481 3571 514 3624 et
535 3559 787 3627 immolationes
808 3563 986 3656 nefandas
998 3564 1112 3648 ipsius
1124 3575 1227 3648 atque
1243 3563 1351 3626 Plan·
1456 3573 1460 3584 ·

302 3663 411 3736 cinae,
433 3664 577 3745 petitam
605 3667 714 3729 armis
743 3669 1004 3751 rempmblioam,
1037 3679 1141 3752 utque
1172 3685 1254 3730 reus
1288 3665 1353 3747 agi

304 3776 434 3848 posset,
457 3766 530 3828 acie
552 3764 688 3832 uictum.

369 3917 492 3984 Plinius
524 3919 611 3985 Hist.
644 3926 699 3998 ll,
729 3925 786 3999 37,
819 3930 869 3993 tt.
922 3931 1086 4014 Negatur
1113 3919 1175 3991 cor
1206 3926 1357 3990 cremari

299 4044 403 4106 posse
425 4022 461 4086 in
482 4022 534 4100 iis,
557 4025 615 4108 qui
638 4025 801 4092 cardiaco
824 4031 944 4095 morbo
967 4030 1127 4104 obierint,
1151 4040 1301 4114 negatur
1322 4041 1357 4092 et

304 4146 431 4188 ueneno
453 4125 655 4190 interemtis.
700 4131 799 4194 Certe
827 4144 953 4196 extat
979 4131 1133 4197 oratio
1158 4130 1356 4206 Vitellii,

304 4247 374 4310 qua
395 4248 491 4289 reum
514 4229 670 4292 Pisonem
698 4231 773 4294 eius
803 4234 941 4297 sceleris
972 4235 1154 4318 coarguit,
1181 4236 1245 4297 boc
1271 4253 1359 4296 usus

302 4340 521 4406 argumento,
542 4333 727 4416 palamque
747 4344 906 4409 testatus,
930 4354 1000 4400 non
1019 4335 1176 4422 potuisse
1197 4335 1361 4436 abluens·
