2970 4836
235 327 275 389 28

234 485 327 550 πίωνι
347 485 404 564 τῆς
426 479 530 550 αὐτοῦ
552 485 678 570 μᾶλλον
700 478 719 564 ἢ
739 483 796 564 τῆς
815 477 975 559 Κάτωνος
993 476 1166 573 ἀφελοῦσα
1185 475 1281 562 δόξης

232 589 268 653 ἐν
284 583 427 675 ἀπραξίᾳ
448 591 503 650 καὶ
520 587 620 678 σχολῇ
636 580 745 671 μάτην
765 587 917 666 διῆλθεν.

300 688 423 751 Gellius
451 691 511 766 20,
539 690 571 750 2.
610 689 770 752 Siticincs
799 688 954 770 scriptum
982 699 1029 750 est
1060 686 1092 750 in
1123 688 1281 751 oratione

234 795 289 854 M.
315 791 468 867 Catonis,
498 814 578 876 quiae
598 790 786 853 inscribitur
813 794 868 856 Ne
893 791 1076 874 imperium
1099 789 1146 852 ait
1166 789 1281 867 veteri,

234 895 293 955 ubi
313 915 420 957 novans
438 895 580 956 uenerit.
620 894 792 969 Silicines,
813 893 929 978 inquit,
952 907 988 957 et
1009 893 1155 956 liticines
1174 904 1208 954 et
1226 905 1280 953 tu·

233 996 373 1058 bicines.

269 1121 397 1181 Silicines]
428 1123 536 1168 Gellius:
565 1121 618 1167 Nos
640 1123 666 1166 in
689 1121 818 1181 Capitonis
841 1123 909 1170 Ateii
929 1121 1102 1169 Coniectaneis
1121 1121 1279 1175 invenimur,

304 1211 463 1256 cilicineo
486 1212 645 1268 appellatae,
668 1213 710 1270 qui
731 1213 799 1270 apud
816 1215 880 1258 sitos
902 1227 994 1257 canere
1015 1212 1088 1257 soliti
1108 1215 1210 1263 creent,
1234 1207 1280 1253 ltoc

302 1306 359 1352 est,
381 1302 432 1344 cita
447 1294 555 1361 functos
576 1309 601 1347 et
620 1301 750 1358 sepultos,
780 1315 869 1360 eoaque
894 1299 1013 1346 habuisse
1035 1300 1173 1357 proprium
1198 1310 1280 1357 genus

303 1387 385 1442 tuboe,
408 1403 457 1446 qua
477 1396 606 1446 cancrent,
630 1405 646 1434 a
667 1396 808 1434 ceterorum
828 1389 965 1434 tubicinum
986 1387 1118 1452 different.

297 1507 424 1570 Nonius
455 1531 489 1586 p.
517 1510 570 1570 54.
591 1509 764 1571 Silicinec.
788 1507 832 1568 Ut
853 1503 990 1568 liticines
1017 1527 1033 1568 a
1058 1507 1148 1580 lituo,
1173 1520 1206 1570 ut
1230 1520 1280 1570 tu·

233 1607 357 1670 bicines
377 1630 392 1668 a
416 1609 506 1682 tuba,
531 1608 574 1668 ita
597 1607 748 1680 siticines,
772 1604 827 1689 qui
852 1609 935 1686 apud
956 1607 1120 1669 funeratos
1143 1609 1193 1670 vel
1216 1610 1280 1672 vita

232 1710 360 1772 functos
387 1722 417 1771 et
443 1710 604 1789 sepultos,
636 1709 700 1770 boc
729 1718 793 1781 est,
825 1704 887 1768 iam
919 1706 1015 1781 sitos,
1050 1728 1164 1770 canere
1190 1711 1281 1774 soliti

234 1821 325 1874 erant
348 1808 483 1874 honoris
514 1831 607 1871 causa
633 1821 743 1872 cantus
771 1809 1001 1872 lamentabiles.
1035 1811 1111 1874 Hoc
1134 1811 1165 1872 in
1188 1812 1279 1875 libris

234 1912 458 1976 Coniectaneis
486 1912 575 1975 Ateii
601 1909 768 1994 Capitonis
789 1909 972 1990 invenitur,
998 1925 1029 1975 et
1053 1913 1138 1976 Cato
1164 1913 1197 1976 id
1220 1936 1279 1979 vo·

233 2016 380 2077 nabulum
401 2014 616 2077 indubitanter
638 2013 800 2096 apposuit.

269 2138 337 2198 Calo]
368 2141 461 2185 Nonius
482 2141 554 2186 Gellii
578 2143 657 2186 locum
676 2142 805 2195 excerpsit.

310 2351 339 2410 7.
374 2350 486 2420 Oratio,
507 2369 572 2409 cum
595 2353 625 2408 in
647 2351 820 2424 Hispaniam
843 2353 943 2409 consul
962 2355 1201 2425 proficisceretur.

298 2505 393 2566 Hanc
418 2502 595 2566 orationem
622 2523 639 2564 a
665 2500 841 2565 Cotonea.
867 2503 929 2566 560
952 2506 1042 2584 (tot)
1070 2506 1185 2572 dictam
1207 2506 1279 2587 opi·

234 2605 320 2669 nior.
359 2605 512 2684 Quamvis
535 2604 617 2668 enim
643 2604 697 2666 ilia
723 2604 934 2686 inscriptione
967 2629 1066 2670 annus
1097 2609 1279 2672 consulatus

235 2708 382 2784 Catonis,
395 2707 418 2770 i.
429 2729 472 2784 e.,
484 2730 512 2770 a.
525 2708 694 2784 559(195),
709 2729 774 2790 quo
784 2709 815 2770 in
824 2707 1060 2790 Hispaniamad
1070 2711 1186 2778 bellum
1200 2732 1278 2790 pro·

233 2811 336 2873 fectus
363 2821 428 2885 est,
459 2808 679 2890 significatur,
710 2809 890 2891 fragmenta
916 2823 1018 2874 tamen
1048 2811 1116 2891 ipsa
1141 2816 1276 2887 docent,

232 2935 297 2980 non
320 2923 486 2996 autequam
507 2911 538 2972 in
563 2910 765 2992 provinciam
786 2912 898 2987 abiret,
923 2917 978 2976 sed
1000 2911 1107 2994 potius
1128 2926 1203 2995 post
1225 2935 1278 2976 re·

234 3015 333 3080 ditum
357 3035 397 3075 ex
421 3012 577 3094 Hispania
600 3012 778 3076 orationem
805 3014 923 3078 dixisse
948 3015 1118 3080 Catonem.
1150 3015 1278 3080 Inimici

233 3118 315 3184 enim
343 3137 412 3178 eum
437 3126 685 3194 accusaverunt,
715 3120 804 3200 quod
826 3116 954 3180 nimium
979 3129 1113 3181 sumtum
1138 3118 1170 3181 in
1200 3141 1279 3200 pro-

234 3220 339 3283 vincia
369 3215 498 3281 lecisset
531 3229 561 3280 et
591 3218 622 3280 in
652 3239 688 3280 ea
719 3217 962 3283 administranda
996 3221 1159 3285 luxuriose
1191 3223 1277 3304 egis-

233 3335 292 3384 set.
329 3319 408 3386 Dies
430 3319 514 3382 dicta
538 3330 597 3382 est.
633 3317 716 3383 Cato
736 3321 874 3383 omnium
897 3344 1004 3384 rerum
1026 3336 1185 3406 gestarum
1205 3329 1278 3386 red·

233 3423 312 3485 didit
338 3421 506 3496 rationem,
530 3434 560 3484 ct
584 3432 686 3485 totum
712 3434 898 3504 apparatum
924 3437 1132 3510 sumturuque,
1155 3445 1220 3509 quo
1247 3436 1279 3486 et

232 3515 362 3608 publice
383 3537 414 3587 et
440 3523 590 3605 privatim
614 3547 686 3587 usus
710 3525 820 3601 suerit,
850 3527 1014 3608 exposuit.
1053 3529 1156 3588 Index
1178 3524 1278 3607 igitur

233 3625 389 3694 orationis
413 3647 481 3689 esse
501 3625 649 3690 videtur:
676 3629 801 3692 Oratio
825 3629 866 3690 de
887 3639 1061 3710 apparatu
1082 3648 1147 3689 suo
1166 3629 1218 3688 vel
1236 3626 1278 3688 de

231 3741 349 3794 sumtu
370 3750 446 3804 cuo,
474 3751 578 3812 quom
604 3729 640 3792 in
666 3730 874 3812 Hispaniam
893 3732 1014 3792 consui
1037 3727 1278 3808 proficiscere·

231 3844 303 3896 tur.
327 3832 472 3914 Ideoque
490 3833 551 3894 huc
569 3831 769 3894 referendum
790 3829 933 3893 arbitror
946 3828 1172 3911 fragmentum,
1190 3833 1278 3915 quod

231 3936 315 4016 apud
337 3935 536 3998 Frontonem
560 3944 670 4006 extat,
694 3943 726 3994 et
750 3929 891 3995 orationi
914 3933 967 3994 De
990 3944 1107 3994 sumtu
1133 3955 1197 3997 suo
1223 3932 1278 3995 tri-

231 4034 369 4100 buitur.'

294 4135 475 4218 Appuleius
512 4134 676 4217 Apologia
705 4136 744 4194 de
774 4133 888 4216 Magia
920 4137 963 4203 Τ.
989 4137 1020 4200 2.
1053 4159 1088 4219 p.
1118 4139 1192 4203 431.
1224 4139 1275 4199 ed.

231 4237 458 4320 Oudendorp:
481 4239 536 4302 M.
551 4234 634 4298 Octo
650 4234 736 4298 nihil
753 4249 932 4319 oppertus,
950 4251 987 4302 ut
999 4239 1062 4302 olii
1077 4239 1118 4302 dc
1130 4259 1276 4320 teprae-
