2966 4842
1175 373 1235 436 515

247 516 380 582 Servius
403 517 434 580 in
452 515 588 601 Virgilii
605 519 763 602 Eclogam
786 521 818 598 9,
842 522 891 590 10.
916 524 987 587 Alii
1002 525 1129 601 dicunt,
1155 529 1234 593 Vir·

181 621 308 706 gilium
329 620 508 684 ostendere
539 621 704 694 uoluisse,
734 623 827 706 quod
849 627 1055 690 Mantuanis
1080 651 1146 712 per
1167 631 1233 694 ini.

182 723 348 808 quitatem
369 720 494 811 Alfeni
518 723 616 799 Vari,
640 723 699 806 qui
720 745 828 807 agros
850 726 984 804 diuisit,
1006 744 1147 812 praeter
1164 753 1230 816 pu-

182 826 309 888 lustria
329 825 415 886 nihil
437 825 594 888 relictum
616 826 681 902 sit,
695 825 794 899 sicut
820 851 867 890 eu
900 831 1105 896 oratione
1128 838 1231 899 Cor·

181 927 295 990 neliz‘
329 927 372 988 in
401 923 611 1018 Alfenum
644 929 857 992 ostenditur:
890 934 976 996 Cum
1012 937 1126 998 iussus
1159 937 1230 1000 triu

181 1029 278 1091 milia
296 1050 421 1112 passus
443 1051 466 1092 α
488 1051 588 1094 muro
610 1030 646 1092 in
668 1030 806 1094 diuersa
828 1033 1037 1118 relinquere,
1063 1049 1100 1098 ut
1123 1039 1232 1102 octin-

179 1141 304 1214 gentos
324 1153 452 1214 possus
473 1153 595 1218 aquae,
620 1154 707 1216 quae
728 1134 941 1198 circumdata
963 1149 1025 1210 est,
1047 1139 1230 1204 admetire·

183 1233 246 1306 ris,
271 1233 453 1317 reliquisti.

215 1374 337 1438 Cornelii]
372 1380 467 1426 Felstes
486 1381 591 1426 Memor.
616 1393 640 1436 p.
673 1379 716 1428 29.
738 1381 878 1428 Cornelium
904 1384 1022 1439 Bulbum,
1051 1387 1153 1432 smieum
1175 1389 1229 1432 lulli

251 1466 384 1524 Csessris,
413 1469 453 1525 qui
474 1469 601 1519 historiam
619 1471 730 1524 scripsit,
763 1471 885 1530 intelligit.
933 1473 958 1516 ld
981 1487 1062 1518 verum
1083 1489 1136 1520 esse
1157 1489 1227 1534 nego,

250 1557 394 1610 praesertim
416 1569 469 1600 oum
489 1562 598 1614 constet,
619 1557 695 1604 Corn.
719 1557 814 1602 Gallum
836 1560 985 1604 triumvirum
1009 1563 1074 1620 egris
1096 1564 1228 1608 dividundis

250 1644 335 1687 fuisse.

214 1730 297 1774 millio
313 1729 420 1790 puseus]
458 1736 505 1791 leg.
523 1745 656 1790 passuum.

214 1831 230 1862 n
248 1817 330 1878 muro]
368 1821 433 1865 urbis
449 1821 571 1865 Mantuae.

215 1913 241 1950 ut
258 1907 427 1968 octingentos]
462 1908 509 1952 uix
530 1907 688 1968 octingentos
701 1929 730 1942 -
743 1906 901 1954 circumdato
918 1915 965 1965 est,
981 1923 1038 1956 eum
1050 1911 1223 1968 admetirsris,

249 1996 394 2055 reliquisse.
431 1997 543 2040 Vossius.
579 1997 679 2050 „Vossii
700 1997 834 2040 emendatio
858 2001 923 2042 certe
943 2004 994 2052 set,
1020 2002 1092 2044 inodo
1115 2001 1224 2048 ultimum

250 2083 391 2131 vocabulum
409 2083 536 2141 reliquisti
553 2096 600 2128 nou
623 2085 758 2145 tetigisset3
802 2087 838 2128 vel
860 2085 1012 2130 scribendum
1032 2086 1170 2133 udmetisns
1187 2103 1227 2132 rs-

248 2169 363 2228 liquisti:
390 2171 462 2226 periil
483 2171 546 2214 enim
567 2168 707 2226 spodosis.“
741 2172 864 2216 Ducbuer.

504 2288 534 2345 2.
555 2288 654 2346 Orelio
673 2291 704 2346 in
724 2289 893 2346 Pollionem.

244 2418 458 2502 Quintilianus
483 2423 512 2493 1,
537 2419 567 2494 5,
591 2421 623 2482 8.
667 2423 708 2484 1η
731 2421 888 2483 oratione
900 2420 1044 2482 Labieni
1065 2421 1152 2502 (siue
1167 2423 1228 2485 illu

179 2523 329 2586 Cornelii
351 2521 442 2586 Galli
463 2524 528 2601 est)
549 2523 585 2584 in
607 2523 794 2586 Pollionem
816 2542 973 2586 casnur
1000 2535 1226 2588 assentatore
1271 2570 1304 2590 χ
1352 2553 1353 2558 ’

178 2626 294 2689 Gallia
315 2626 456 2688 ductum
483 2637 547 2689 est.

212 2769 328 2830 Labieni]
364 2773 392 2818 ds
415 2771 520 2816 Labieno
542 2778 639 2818 oratore
661 2771 724 2816 infre
744 2773 850 2816 dicemus
869 2767 962 2828 uite.

212 2860 239 2903 in
256 2857 404 2917 Pollionem]
442 2861 460 2904 i.
483 2875 506 2905 e.
533 2862 556 2904 in
576 2861 606 2904 G.
629 2862 736 2904 Asinium
751 2861 905 2918 Pollionem,
928 2862 967 2917 qui
990 2862 1043 2915 plus
1070 2861 1145 2904 semel
1168 2871 1225 2904 cou-

247 2953 283 2992 trs
294 2949 429 2994 Labienum
447 2952 514 2994 dixit.
534 2949 637 2993 Vossius
657 2952 737 2992 sutem
756 2949 784 2992 de
801 2947 923 2992 hisloi-icis
942 2949 1020 2992 latinis
1041 2961 1064 3001 p.
1086 2944 1144 2992 119.
1166 2945 1225 2989 Asi-

247 3038 311 3080 nium
324 3037 431 3096 Gellum,
451 3037 571 3081 Pollionis
591 3033 676 3086 filium,
697 3033 878 3094 intelligendum
900 3036 1021 3089 opinetur.

211 3124 317 3184 euenor]
351 3138 374 3171 r.
397 3127 460 3170 infru
481 3123 581 3168 Labieni
603 3123 691 3166 cretio.

636 3241 761 3299 Incerta.

239 3356 413 3421 Diomedes
438 3379 473 3439 p.
503 3357 578 3420 113.
610 3377 650 3418 ex
679 3355 827 3420 oratione
850 3357 943 3422 Galli
971 3357 1075 3424 locum
1107 3358 1223 3435 attulit,

175 3463 231 3522 sed
253 3462 395 3525 Calvum
416 3459 463 3523 ibi
487 3459 727 3546 intelligendum
754 3471 786 3522 et
816 3464 1040 3526 emendandum
1072 3482 1160 3536 csse,
1191 3459 1224 3520 in

176 3559 281 3627 Calvo
304 3575 436 3628 oratore
462 3563 683 3625 adnotavimus
703 3583 781 3642 pag.
804 3563 877 3622 177.

326 3699 429 3758 evin.
453 3699 482 3754 G.
503 3699 592 3754 lulius
613 3697 714 3754 Caesar
734 3693 904 3752 Octavianus
922 3695 1068 3769 luqueius.

239 3806 341 3870 Natus
364 3820 413 3871 est
433 3829 464 3871 a.
489 3806 821 3888 minucianus
843 3809 984 3874 consule.
1016 3809 1114 3878 Conf.
1131 3809 1221 3874 Clin-

174 3919 230 3971 ton
253 3910 292 3970 ad
312 3911 347 3972 h.
372 3932 403 3973 a.
438 3913 483 3975 A.
507 3912 568 3974 708
587 3913 656 3990 (lt)
675 3911 869 3988 Caesarem,
889 3911 920 3976 in
936 3911 1124 3994 Hispaniam
1146 3930 1223 3991 pro·

174 4010 293 4072 fectum
313 4014 352 4074 ad
370 4011 487 4075 bellum
514 4025 625 4077 contra
647 4010 796 4094 Pompeii
817 4011 905 4077 filios
926 4013 1112 4096 gerendum,
1132 4032 1224 4100 secu·

174 4123 225 4175 tus
246 4125 305 4176 est.
351 4119 396 4178 A.
422 4117 483 4176 710
504 4113 573 4198 (11)
596 4137 667 4177 cum
684 4113 807 4178 Cacsar
823 4112 963 4176 dictator
979 4109 1105 4176 occisus
1125 4123 1219 4188 esset,

174 4216 389 4280 novendecim
406 4236 513 4281 ¹smnus
535 4227 605 4279 erat
629 4225 735 4290 nnius,
762 4226 794 4277 et
819 4215 890 4279 inde
913 4217 954 4276 ab
980 4215 1043 4276 hoc
1075 4224 1221 4296 tempore

172 4315 323 4384 civilibus
347 4321 444 4383 rebus
466 4330 498 4383 el
519 4316 613 4382 bellis
636 4339 669 4384 se
693 4315 876 4380 immiscuit.
908 4319 953 4380 A.
972 4316 1029 4377 711
1054 4314 1124 4393 (is)
1143 4334 1222 4378 con·
