2992 4840
1143 392 1202 454 1113

230 545 320 591 recudi
339 548 524 606 magistratus,
545 561 591 606 quc
612 555 720 607 tempere
741 563 767 594 re
796 563 902 610 suesque
922 551 952 596 ul>
970 554 1038 596 carui
1047 552 1141 610 preire
1155 553 1201 598 de·

225 636 278 680 buit
298 634 446 688 uindicare,
467 638 579 692 potuerit
596 651 728 692 coercere,
756 653 802 696 quo
819 640 903 684 minue
912 635 1030 698 fuceret,
1051 639 1116 698 quod
1133 641 1203 686 eei-li-

225 730 265 768 cet
283 729 354 780 turpe
375 735 422 766 non
444 720 590 768 habebatur.

525 899 697 970 Fragmenta
718 901 837 958 incerta.

219 1031 249 1090 1.
275 1027 419 1092 isidorus
439 1027 611 1114 Originum
627 1029 684 1094 lib.
703 1031 735 1094 2.
759 1033 814 1108 21,
840 1034 871 1096 ll.
912 1032 1108 1097 Clirnaxest
1130 1055 1204 1118 gra·
1242 1068 1274 1090 s
1311 1005 1322 1032 ⁸

154 1129 260 1204 datio,
285 1141 318 1192 ut
342 1143 389 1193 est
413 1129 493 1193 illud
522 1130 709 1221 Africani:
738 1137 799 1198 Ex
825 1136 1022 1198 innocentia
1048 1137 1203 1216 nascitur

153 1233 327 1316 digeritur,
352 1255 399 1294 ex
425 1233 594 1316 (lignitate
615 1237 743 1311 honor,
767 1258 814 1298 ex
839 1239 969 1300 honore
996 1238 1200 1321 imperium,

154 1357 201 1398 ex
227 1335 374 1415 imperio
400 1335 553 1398 libertus.

218 1437 249 1499 2.
273 1435 417 1499 Ibidem:
444 1435 498 1499 sic
514 1451 545 1502 et
561 1442 645 1520 apud
660 1440 871 1522 Scipionem:
897 1442 942 1506 Vi
960 1453 1063 1526 atque
1083 1443 1203 1526 iugra-
1223 1483 1256 1496 -

153 1538 200 1601 tis
215 1551 354 1601 coactus
374 1561 452 1601 cum
472 1540 531 1603 illo
550 1544 769 1622 sponsionem
774 1540 875 1632 feci,
889 1540 1002 1632 facta
1017 1545 1202 1626 sponsione
1233 1588 1235 1595 ι

154 1641 202 1703 ad
221 1641 368 1703 iudicem
389 1641 542 1717 adduxi,
566 1643 754 1706 adductum
772 1644 890 1726 primo
908 1657 1007 1710 coetu
1027 1647 1199 1723 damnaui,

155 1743 358 1806 damnatum
382 1767 430 1806 ear
457 1748 630 1808 voluntate
657 1744 785 1808 dimisi.

190 1895 262 1948 etque
281 1887 413 1949 ingratis]
451 1891 485 1934 sic
507 1890 633 1935 Arevalus.
665 1897 738 1950 etque
761 1892 884 1952 ingratiis
910 1891 1009 1936 Ellendt
1033 1906 1087 1952 pag.
1114 1893 1200 1946 XXX.

226 1977 297 2032 prob.
310 1977 450 2022 Duebnero.
471 1978 580 2022 Huschke
595 1980 618 2022 iu
629 1979 750 2023 analectis
769 1980 906 2024 Litlerariis
926 1993 948 2034 p.
964 1978 995 2024 99
1010 1982 1109 2024 eundem
1125 1984 1202 2026 locum

219 2065 296 2108 affert
306 2077 334 2108 ex
347 2065 409 2109 libro
418 2063 539 2110 Nouueuu
550 2065 678 2111 Truile'dc
688 2065 867 2126 diplomatiqus
882 2065 969 2116 T.111.
984 2067 1034 2112 tet.
1047 2063 1089 2114 59.
1101 2083 1129 2125 p.
1142 2066 1203 2125 tlt,

227 2152 267 2194 ubi
279 2153 380 2210 legitur:
402 2151 433 2196 Vi
447 2152 481 2198 ad
493 2167 538 2212 que
552 2159 636 2198 rnerrlu
647 2143 747 2214 gretie,
772 2157 832 2200 nude
853 2155 993 2199 emendabat
1013 2155 1040 2198 ui
1052 2161 1124 2214 etque
1138 2163 1204 2202 melu

225 2240 347 2299 ingratis.
379 2240 451 2286 Geni.
471 2241 537 2286 Hand
557 2242 580 2284 in
594 2243 735 2288 Turselliuo
753 2248 770 2286 t.
783 2239 807 2288 3.
829 2255 851 2296 p.
869 2237 928 2286 381.

190 2353 349 2411 sponsionem
354 2351 421 2414 seri]
440 2369 462 2400 v.
477 2369 550 2411 super
563 2369 586 2411 p.
601 2353 839 2400 illumiminaret
854 2356 984 2399 Semestria
998 2361 1016 2403 t.
1031 2355 1053 2400 l.
1069 2371 1093 2411 p.
1104 2355 1136 2400 22
1148 2369 1201 2412 sqq.

187 2469 365 2530 primocoetu]
398 2471 477 2521 Plsut.
492 2470 578 2525 Arnph.
601 2467 625 2524 2,
642 2469 666 2524 2,
682 2469 723 2516 25.
749 2469 801 2514 Eos
820 2469 935 2526 urrspicic
956 2483 1009 2512 ruer
1034 2474 1106 2527 etque
1128 2467 1202 2513 tirrelu
1228 2503 1230 2506 .

224 2557 308 2614 priene
325 2563 395 2602 coetu
412 2558 529 2602 vicimus.

220 2677 252 2738 3.
283 2675 404 2740 Cicero
431 2680 470 2739 de
498 2677 638 2740 Oratore
662 2677 696 2751 2,
721 2675 778 2750 62,
803 2677 876 2739 253.
922 2677 1098 2760 Ambigua
1124 2687 1204 2738 suut

155 2779 334 2860 inprimis
356 2791 461 2842 acuta
484 2791 587 2862 atque
611 2778 647 2840 in
672 2779 773 2840 verbo
789 2779 924 2860 posita,
949 2799 1018 2842 non
1037 2779 1074 2842 in
1096 2801 1146 2840 re.
1168 2817 1203 2830 ‹-

156 2893 195 2942 ut
221 2882 307 2942 illud
331 2879 517 2970 Afiicaui,
543 2881 635 2964 quod
661 2893 714 2944 est
735 2882 830 2962 apud
849 2881 1042 2944 Lucilium:

177 2983 270 3065 Quid
276 2984 295 3046 5²
316 2984 464 3058 Decius,
489 2985 663 3048 Nuculam
683 3003 729 3044 an
751 2981 934 3059 confixum
955 2983 1005 3044 vis
1016 2980 1180 3071 fucere?

910 3085 1033 3169 inquil.

190 3208 275 3269 Quid?
302 3209 416 3270 Decius]
453 3225 536 3256 sensus
563 3225 608 3256 rron
639 3217 754 3267 apertus,
789 3227 830 3257 nec
854 3214 998 3268 interpretes
1021 3213 1096 3256 urlhuc
1120 3213 1198 3256 fecem

225 3301 336 3348 attulere.
376 3299 519 3358 lntelligitur
542 3299 572 3356 Q.
597 3300 701 3360 Derim,
730 3299 818 3354 Opimii
837 3306 972 3346 accusator.
1011 3301 1066 3343 Vid.
1092 3301 1202 3345 Draken-

228 3387 289 3442 horg
312 3389 339 3432 ad
359 3387 411 3432 Liv.
430 3387 496 3442 Epit.
513 3381 554 3430 61.

377 3580 455 3636 xvl.
496 3579 537 3639 Μ.
563 3579 696 3637 Aemilius
715 3581 834 3662 Lepidus
852 3581 981 3635 Porciae.

222 3708 344 3772 Consul
367 3709 427 3772 tuit
454 3733 484 3773 a.
512 3733 543 3772 u.
571 3711 630 3772 617
660 3711 773 3790 (137).
820 3709 970 3773 Eiusdem
998 3731 1049 3772 res
1073 3722 1199 3793 gestas,
1260 3690 1264 3710 ’

157 3813 197 3872 ab
224 3811 377 3894 Appiano
414 3815 452 3875 de
485 3815 581 3876 rebus
616 3811 881 3894 Hispaniensibus
909 3832 938 3874 c.
964 3813 1004 3874 80
1027 3833 1100 3894 sqq.
1133 3832 1206 3872 nar·

156 3923 264 3990 ratas,
305 3913 523 3997 praetermisit
559 3914 687 3979 silentio
720 3916 923 3979 Drumannus
953 3915 1074 3976 Gesch.
1106 3913 1206 3973 Rome
1280 3947 1282 3953 ·

158 4015 189 4076 1.
245 4017 310 4080 .3.

218 4037 341 4182 {icero
372 4123 473 4184 Bruto
502 4144 531 4182 c.
558 4121 611 4181 25.
657 4122 712 4182 Μ.
739 4119 907 4184 Aemilius
938 4116 1115 4196 Lepidus,
1150 4112 1209 4193 qui

157 4230 209 4280 eet
239 4221 388 4284 Porcina
417 4224 554 4294 dictur,
588 4219 710 4282 iisdem
737 4219 946 4302 temporibus
965 4214 1056 4305 fere
1083 4213 1206 4298 quibus

157 4321 288 4396 Galba,
313 4325 375 4384 sed
396 4326 504 4404 [amulo
527 4322 640 4382 minor
660 4334 763 4396 ualu,
789 4333 821 4382 el
840 4337 996 4382 summus
1018 4329 1140 4383 orator
1161 4327 1212 4380 eti

207 4426 281 4467 Meieri
292 4429 348 4468 Orat.
356 4429 414 4469 Rom.
425 4429 504 4483 l‘mgm.
521 4428 551 4466 etl.
561 4425 580 4469 2·
990 4423 1027 4484 13
