2992 4840
252 365 313 428 tn

316 523 430 586 Festus
448 544 482 604 p.
502 521 574 585 193.
609 521 789 586 Obsidium
812 534 969 606 tamquam
987 521 1199 602 praesidium,
1219 528 1296 588 sub·

193 609 197 617 ’
252 625 364 688 sidium
387 635 475 688 recte
491 622 620 688 dicitur.
653 623 755 689 Cuius
778 625 870 687 etiam
888 636 1002 688 auctor
1017 629 1056 690 0.
1075 628 1216 690 Laelius
1229 651 1296 710 pro
1391 701 1394 704 ¹

252 753 289 792 se
311 729 405 811 apud
426 730 612 810 populum:
640 730 684 792 Ut
710 728 748 792 in
772 727 870 792 nobis
891 739 989 792 terra
1014 728 1171 814 marique
1192 730 1299 796 simul

251 832 422 896 obsidium
434 828 621 922 facerent.

287 979 355 1024 utin
373 975 455 1036 nobis]
475 978 511 1022 uti
529 975 601 1022 cobis
614 991 669 1024 vere
684 979 791 1023 correxit
806 977 862 1022 Aut.
879 977 1042 1037 Aragrrstinns,
1063 984 1090 1024 ut
1111 978 1131 1023 ir'
1149 977 1221 1024 nodis
1234 981 1295 1025 Sal-

321 1073 400 1112 stsrns
418 1067 546 1111 Metuonis
564 1080 589 1123 p.
605 1063 648 1112 72.

316 1189 394 1251 Alb.
412 1185 499 1250 Lion
519 1185 550 1251 in
570 1184 682 1250 Indice
706 1184 920 1268 scriptorum,
943 1183 1077 1249 editioni
1100 1184 1189 1249 Festi
1206 1185 1296 1249 Miil·

250 1289 388 1354 lerianae
418 1288 544 1354 adiecto
578 1311 613 1372 p.
645 1289 726 1366 tit,
759 1299 869 1370 putat,
907 1289 1014 1353 locum
1054 1287 1143 1352 Festi
1173 1311 1208 1371 p.
1235 1290 1295 1350 182

214 1451 232 1464 .
251 1397 381 1460 Oreas:
403 1392 543 1458 Coelius
557 1413 626 1474 pro
647 1412 685 1454 se
701 1392 797 1475 apud
813 1394 1002 1474 populum:
1023 1411 1197 1475 equusque
1212 1391 1297 1454 milri

251 1495 313 1559 sub
332 1492 536 1586 feminibus
563 1494 699 1558 occisus
726 1505 821 1570 erat,
855 1515 957 1556 oreas
986 1494 1132 1557 detraho
1163 1495 1297 1577 iuspec-

250 1610 345 1662 tante
363 1602 404 1663 L.
427 1598 593 1661 Stertinio
614 1631 656 1642 -
678 1617 743 1659 non
766 1595 883 1660 Coelio
912 1598 968 1659 sed
989 1596 1104 1660 Laelio
1131 1596 1295 1660 vindican-

252 1705 346 1778 dum,
367 1719 498 1784 eamque
514 1698 693 1781 amplector
707 1697 845 1762 libenter
861 1697 1058 1781 opinionem.
1088 1693 1168 1763 Vid's
1186 1697 1295 1766 coelii

250 1803 440 1868 orationes.

297 2038 325 2096 5.
359 2037 498 2094 Laudatis
522 2035 553 2094 P.
579 2036 721 2110 Scipionis
744 2031 884 2105 Africani,
906 2035 942 2104 Q.
963 2036 1108 2094 Tuberoni
1130 2038 1248 2109 scripta.

314 2171 408 2232 Hanc
431 2167 641 2232 laudationem
662 2170 828 2232 funebrem
855 2165 985 2248 scripsit
1007 2189 1089 2232 anno
1113 2169 1174 2232 025
1190 2170 1294 2248 (129),

251 2259 317 2358 qno
346 2294 429 2335 anno
458 2273 498 2334 P.
526 2270 702 2335 Africanus
735 2271 838 2334 minor
868 2292 1049 2350 supremum
1081 2270 1164 2334 diem
1195 2271 1294 2346 obiit,

250 2377 473 2454 interemptus,
498 2383 531 2435 ut
554 2373 637 2436 launa
657 2387 741 2448 erat,
766 2396 784 2436 a
805 2372 847 2438 C.
867 2372 1032 2438 Carbone.
1072 2375 1145 2437 Duo
1170 2375 1294 2438 adoles-

251 2491 380 2554 centes,
413 2474 561 2539 Asricani
591 2489 742 2558 nepotes,
774 2497 845 2539 enan
877 2496 939 2557 pro
971 2474 1086 2539 rostris
1114 2476 1292 2540 laudarunt.

251 2579 381 2643 Laelius
413 2581 568 2642 ainbobus
598 2580 763 2643 orationes
793 2577 934 2661 scripsit.
980 2581 1024 2661 Q.
1050 2581 1183 2644 'l'nbero
1210 2579 1293 2644 inter

250 2694 400 2750 oratores
426 2681 511 2744 inira
538 2679 765 2745 nominabitur.

315 2801 436 2869 Cicero
458 2804 497 2864 de
524 2803 666 2867 Oratore
690 2805 728 2882 2,
752 2803 809 2882 84,
833 2804 908 2867 3111.
942 2805 1097 2868 Nostrae
1121 2803 1294 2866 laudatio·

250 2927 330 2982 nes,
360 2904 483 2989 quibus
511 2904 547 2968 in
561 2903 661 2996 foro
692 2905 846 2983 utimur,
877 2917 939 2968 out
964 2903 1153 2969 testimonii
1184 2905 1293 2966 brevi-

250 3020 356 3072 tatem
380 3007 504 3070 habent
526 3007 656 3070 nudam
681 3020 785 3092 atque
808 3009 1029 3084 inornatam,
1053 3020 1115 3070 arrt
1140 3007 1294 3070 scribun-

249 3122 310 3174 tur
334 3110 381 3172 ad
397 3107 586 3197 funebrem
611 3111 827 3187 concionem,
851 3132 939 3197 quae
961 3110 1008 3173 ad
1029 3109 1200 3174 orationis
1219 3113 1294 3174 lau·

251 3213 328 3276 dem
364 3213 504 3276 minime
540 3214 799 3276 accommodata
836 3225 900 3278 est.
959 3214 1028 3278 Sed
1053 3213 1216 3297 quoniam
1244 3225 1295 3276 est

183 3301 185 3304 ¹
250 3316 417 3380 utendum
429 3315 637 3401 aliquanda,
662 3337 921 3402 nonnumquam
938 3317 1044 3380 etiam
1063 3317 1292 3392 scribendum,

249 3422 341 3483 veltet
367 3421 409 3502 Q.
439 3417 617 3482 Tuberoni
648 3416 862 3509 Africanum
883 3423 1102 3484 ¹auunculum
1138 3419 1296 3484 laudanti

249 3520 390 3603 scripsit
415 3524 455 3585 0.
476 3521 636 3596 Laelius,
662 3521 772 3585 -sit
796 3543 821 3585 a
842 3524 940 3587 nobis
964 3545 1097 3614 quoque
1125 3534 1296 3588 tractatus

248 3623 281 3686 is
302 3625 410 3686 locus.

285 3765 315 3829 Q.
334 3763 478 3826 Tuberoni]
507 3781 652 3828 praenomen
669 3769 764 3814 correxi
788 3783 817 3814 ex
839 3770 914 3814 Bruto
935 3783 956 3816 c.
979 3767 1022 3819 31.
1041 3783 1065 3824 p.
1084 3769 1187 3814 Murena
1207 3767 1248 3817 36.
1267 3769 1294 3815 P.

321 3854 449 3900 Tuberoni
467 3858 536 3916 vulgo
556 3854 688 3914 legebatur.

249 4071 279 4128 6.
311 4071 450 4130 Laudatis
473 4070 504 4129 P.
527 4070 670 4142 Scipionis
691 4068 837 4138 Africani,
862 4065 897 4136 Q.
919 4069 1006 4125 Fabio
1025 4069 1153 4128 Maximo
1175 4072 1293 4142 scripta.

314 4203 352 4267 ln
373 4203 486 4268 iuuere
511 4205 553 4269 Ρ.
575 4199 738 4283 Scipionis
759 4199 891 4266 minoris
914 4200 1020 4265 oratio
1043 4199 1187 4268 funebris
1212 4202 1289 4282 aQ.

250 4303 356 4369 Fabio
371 4302 537 4382 Maximo,
561 4303 709 4369 Africani
733 4314 863 4386 nepote,
888 4304 943 4390 qui
964 4315 1076 4386 postca
1096 4299 1295 4386 Allobrogi-
