2958 4840
1151 365 1212 428 593

154 519 346 586 sethlimitas
369 532 456 596 erat,
481 519 511 583 is
533 521 642 588 ardor
665 523 861 596 oculorum,
885 518 1031 610 frontis
1053 523 1206 584 auctori·

154 637 221 697 tae,
245 635 366 707 gestus
386 624 618 705 praestantia,
643 645 711 688 coac
732 622 870 707 quidem
900 643 986 696 non,
1027 635 1065 686 ut
1086 623 1205 689 Cicero

156 727 340 800 desiderat,
363 746 449 808 pene
471 726 730 808 tragoedorum,
755 726 816 788 sed
836 746 940 806 super
963 745 1091 798 omnes,
1120 748 1205 810 quos

156 851 221 911 ego
244 828 379 912 quidem
402 827 585 903 audierim,
609 828 809 910 tragoedos.
854 831 953 892 Certe
983 848 1061 888 cum
1090 827 1124 890 in
1147 829 1205 890 bas

156 929 254 993 silica
276 930 369 995 Iulia
389 931 517 993 diceret
545 932 660 1013 primo
690 930 876 1006 tribunali,
906 941 1058 1013 quatuor
1092 942 1207 993 autem

154 1031 294 1107 iudicia,
319 1045 357 1094 ut
380 1033 487 1096 moris
510 1044 573 1108 est,
597 1045 817 1116 cogerentur,
835 1043 938 1116 atque
953 1031 1207 1095 omniaclamo·

156 1134 251 1197 ribus
262 1133 487 1224 fremerents
507 1147 539 1198 et
561 1136 719 1198 auditum
749 1156 826 1196 eum
854 1147 887 1196 et
923 1134 1130 1197 intellectum
1163 1145 1207 1209 ct,

156 1238 248 1323 quod
270 1237 452 1320 agentibus
474 1238 597 1300 ceteris
619 1237 1003 1300 contumeliosissimum
1014 1233 1111 1325 suit,
1135 1238 1209 1300 lau·

158 1341 278 1402 datum
300 1361 433 1424 quoque
454 1363 502 1402 ear
524 1351 674 1423 quatuor
697 1339 925 1402 tribunalibus
948 1338 1100 1402 memini.
1145 1339 1212 1402 Sed

157 1444 220 1505 hoc
243 1454 358 1504 uotum
381 1455 431 1504 est
454 1454 487 1504 et
509 1463 593 1506 rara
604 1440 778 1530 felicitas.

223 1543 360 1624 Quintil.
386 1545 435 1618 12,
462 1547 511 1620 10,
537 1550 588 1608 11.
634 1549 673 1610 In
697 1546 740 1606 iis
769 1546 892 1620 etiam,
929 1567 1015 1629 quos
1037 1543 1105 1626 ipsi
1127 1543 1212 1606 vidi-

158 1669 255 1720 mus‚
292 1647 427 1729 copiam
459 1652 622 1722 Senecae,
648 1648 737 1711 vires
761 1645 949 1736 Africani,
976 1647 1212 1709 maturitatem

158 1748 261 1838 Afri,
286 1749 535 1814 iucunditatem
558 1751 690 1832 Crispi,
718 1772 871 1812 sonum
895 1749 1117 1822 Trachali,
1144 1751 1209 1810 ele·

158 1852 316 1934 gantiam
339 1853 487 1916 Secundi
509 1853 731 1935 reperiemus.

465 2011 491 2066 l.
514 2009 612 2067 Oratio
634 2015 734 2067 contra
759 2009 907 2081 Spatden.

226 2141 352 2221 Spatale
378 2141 531 2202 meretrix
555 2163 625 2202 cum
646 2144 685 2202 ab
703 2152 845 2204 amatore
860 2143 953 2203 heres
975 2140 1115 2204 instituta
1132 2150 1215 2202 essct

161 2265 200 2304 cx
224 2254 335 2325 quarta
358 2251 466 2323 parte,
501 2263 585 2305 uxor
607 2241 760 2325 legitima,
787 2265 868 2327 quae
892 2265 931 2305 ex
956 2243 1075 2306 decima
1094 2252 1214 2305 tantum

162 2347 254 2406 heres
277 2344 360 2406 sacta
385 2356 442 2419 est,
469 2343 552 2406 litem
583 2343 629 2406 iiii
657 2343 791 2406 intendit
820 2344 951 2429 eiusque
982 2365 1105 2407 caussam
1129 2348 1215 2408 Tra·

161 2447 270 2508 chalus
292 2445 445 2528 suscepit.
493 2445 594 2511 Cous.
618 2447 743 2510 Oratio
769 2447 860 2511 Vibii
882 2448 996 2530 Crispi
1018 2469 1052 2530 p.
1077 2449 1151 2510 588.

226 2547 364 2630 Quintil.
389 2549 420 2622 8,
447 2551 478 2624 5,
506 2550 557 2611 19.
588 2550 784 2612 Geminatio
799 2550 851 2626 fit
870 2550 1115 2632 pulcherrima,
1137 2572 1215 2613 cum
1289 2545 1290 2550 ¹

159 2651 280 2734 aliqua
301 2652 561 2732 comparatione
583 2652 753 2714 clarescit.
789 2654 1039 2716 Trachalus
1062 2664 1218 2716 contra

163 2757 391 2835 Spatalen:
414 2756 528 2816 Placet
550 2757 612 2815 hoc
642 2775 744 2836 erga,
780 2757 893 2837 leges,
928 2755 1215 2837 diligentissimae

159 2856 308 2937 pudoris
337 2857 513 2930 custodes,
547 2856 693 2917 decimas
727 2857 898 2919 uxoribus
932 2858 1031 2932 dari,
1076 2870 1218 2940 quartas

165 2958 401 3023 meretricibus
412 2961 431 3020 ‘l

474 3097 503 3155 2.
526 3096 626 3155 Oratio
647 3103 747 3156 contra
769 3100 901 3156 Suilium.

228 3229 433 3314 Spaldingius
455 3234 495 3293 ad
519 3227 652 3310 Quintil.
678 3231 708 3306 6,
733 3232 763 3306 3,
788 3233 828 3293 78
851 3230 999 3314 agnoscit
1024 3234 1062 3294 P.
1083 3231 1215 3294 Suilium

164 3332 297 3409 Rufum,
322 3346 540 3399 accusatorem
568 3334 708 3398 venalem
733 3338 790 3397 sub
815 3333 966 3400 Claudio.
993 3331 1114 3413 (Tacit.
1134 3338 1219 3398 Aun.

165 3436 227 3508 XI,
252 3438 282 3499 1.
307 3441 392 3521 seq.)

228 3539 360 3617 Quintil.
375 3546 404 3613 h,
427 3541 456 3614 3,
476 3541 526 3602 78.
554 3539 817 3621 Repercutiendi
840 3543 948 3601 multa
970 3552 1050 3600 sunt
1069 3561 1216 3620 genera:

167 3640 467 3712 venustissimum,
492 3640 586 3720 quod
607 3638 710 3700 etiam
734 3639 958 3700 similitudine
987 3639 1104 3722 aliqua
1127 3641 1218 3702 oerlri

165 3740 367 3812 adiuvatur,
402 3751 439 3800 ut
462 3740 655 3801 Trachalus
688 3740 813 3800 dicenti
835 3741 966 3802 Suilio:
1011 3743 1049 3806 Si
1080 3744 1142 3805 hoc
1168 3743 1219 3803 ita

166 3853 235 3912 est,
259 3842 290 3903 is
313 3842 348 3903 in
371 3841 537 3903 exilium:
560 3841 597 3902 Si
623 3861 691 3904 non
714 3852 765 3902 est
788 3839 849 3916 ita,
875 3843 986 3917 redis,
1011 3843 1133 3926 inquit.

319 4012 346 4068 ³.
384 4008 494 4073 Oratio,
518 4024 604 4081 quam
624 4008 731 4065 Othoni
752 4009 917 4078 imperatori
938 4009 1065 4080 scripsit.

231 4139 278 4204 Ea
303 4140 383 4202 dicta
408 4153 454 4202 est
477 4163 507 4204 a.
533 4140 594 4202 822
617 4140 684 4218 (69)
707 4141 747 4202 ab
771 4140 902 4202 Othone
925 4138 1138 4220 imperatore,
1163 4161 1221 4206 nec

167 4256 270 4308 tamen
294 4246 395 4306 abeo
419 4243 538 4325 scripta
561 4243 736 4316 serebatur,
760 4243 853 4303 seda
879 4241 1055 4306 Trachalo.
1080 4244 1148 4306 Eae
1167 4264 1221 4306 au·

169 4357 230 4410 scm
255 4345 430 4422 orationes,
454 4366 535 4431 quae
558 4345 589 4408 in
612 4341 703 4407 libris
719 4342 943 4408 Historiarum
958 4343 1066 4407 *Taciti
1089 4346 1112 4409 l.
1138 4350 1165 4408 1.
1184 4347 1222 4408 37

215 4454 289 4494 usus
301 4455 420 4495 essenon.
434 4453 511 4504 eng...
528 4454 586 4491 aa.
968 4457 1009 4520 33
