2984 4842
1174 354 1233 420 391

253 494 382 558 Pseudo
415 493 573 558 Asconius
605 495 636 558 iu
673 499 748 560 Act.
786 503 815 564 l.
851 500 883 563 in
921 503 1059 570 Verrem
1090 531 1124 590 p.
1159 511 1230 575 tes.

187 595 372 678 Pompeius
385 600 589 677 proconsule
606 598 647 661 de
663 600 834 684 Hispania
849 607 1005 672 Sertorio
1019 608 1107 673 victo
1122 631 1231 693 nuper

187 709 343 772 uenerat,
361 710 394 760 et
416 698 533 765 statim
554 700 722 766 habuerat
743 705 940 770 concionem
962 709 1002 772 de
1018 712 1231 782 restituenda

186 799 372 864 tribunicia
389 812 572 880 potestate.

251 901 322 968 Cic.
339 901 371 964 in
396 904 535 966 Verrem
562 903 646 970 actio
672 906 834 972 Primae.
863 913 914 974 15.
959 917 1038 996 lpse
1053 918 1115 981 Gn.
1133 921 1232 984 Pom·

183 1006 302 1089 peius,
338 1027 417 1068 eum
457 1006 610 1088 primum
642 1010 840 1076 concionem
873 1015 921 1076 ad
960 1017 1078 1082 urbem
1113 1027 1233 1088 conset

186 1108 387 1191 designatus
414 1108 552 1184 habuit,
582 1111 694 1191 ubi(id
730 1113 823 1196 quod
851 1116 1005 1182 maxime
1031 1126 1229 1203 exspectari

186 1210 381 1290 videbatur)
396 1210 557 1287 ostendit,
574 1235 608 1276 se
630 1214 850 1279 tribuniciam
864 1230 1072 1300 potestatem
1087 1225 1226 1288 restitu-

186 1326 325 1389 turum,
338 1311 470 1401 factus
492 1323 543 1376 est
566 1315 600 1376 in
623 1338 664 1378 eo
686 1319 851 1399 strepitus
872 1333 905 1384 et
926 1334 1032 1403 grata
1052 1325 1227 1392 concionis

185 1417 478 1480 admurmuratio.
511 1416 606 1481 Idem
621 1417 658 1480 in
672 1418 791 1482 eadem
806 1423 967 1485 concione
979 1447 1056 1487 cum
1070 1427 1229 1504 dixisset,

183 1521 367 1599 populatas
390 1530 602 1602 vexatosque
632 1541 705 1582 esse
726 1523 940 1603 prouincias,
964 1526 1094 1590 iudicia
1114 1543 1230 1594 autem

185 1621 304 1704 turpia
318 1634 350 1684 et
360 1621 558 1714 flagitiosa
572 1621 680 1698 fleri:
702 1623 734 1685 ei
756 1624 807 1686 rei
829 1646 864 1688 se
883 1627 1066 1707 providere
1088 1652 1129 1692 ac
1148 1654 1228 1697 eon.

186 1727 297 1787 sulere
331 1727 427 1788 velle:
465 1736 539 1786 tum
581 1746 662 1788 vero
699 1746 767 1788 non
800 1727 947 1808 strepitu
981 1731 1042 1794 sed
1074 1735 1230 1800 monimo

185 1830 334 1891 clamore
345 1848 445 1890 suam
450 1830 602 1910 populus
612 1847 778 1890 romanus
785 1828 1000 1912 significauit
1008 1837 1228 1899 uoluntatem.
1244 1901 1251 1916 .

472 1995 501 2052 2.
542 1995 642 2052 Oratio
664 1998 700 2053 ds
719 1997 863 2069 triumpho
884 2015 945 2056 suo.

249 2128 298 2190 Ea
320 2137 367 2190 est
391 2124 497 2192 habita
524 2149 553 2190 a.
586 2127 647 2192 693
673 2125 759 2212 (ct),
790 2151 861 2195 cum
889 2129 1060 2212 Pompeius
1086 2134 1124 2195 de
1151 2130 1229 2194 Asia

184 2229 407 2310 triumpharet.

249 2331 336 2396 Plin.
363 2331 451 2394 Hist.
486 2331 562 2395 Nat.
591 2335 627 2408 7,
658 2333 710 2395 26.
767 2331 971 2414 Triumphi,
997 2354 1096 2417 quem
1125 2333 1230 2397 duxit

187 2433 369 2515 Pompeius
381 2454 414 2495 a.
439 2432 474 2495 d.
498 2433 639 2496 tertium
653 2432 832 2497 Kalendas
854 2435 1018 2498 Octobres
1034 2437 1088 2500 M.
1106 2436 1230 2502 Pisone

186 2539 243 2602 M.
273 2538 442 2600 Messalla
474 2556 563 2598 coss.
590 2533 774 2625 praefatio
803 2536 886 2598 haec
903 2534 1009 2626 fuit:
1031 2557 1108 2598 cum
1130 2558 1228 2601 oram

186 2637 398 2703 maritimam
407 2658 431 2698 a
438 2636 672 2719 praedonibus
686 2637 863 2702 liberasset
877 2650 909 2700 et
925 2638 1108 2720 imperium
1122 2640 1229 2702 maris

182 2743 313 2824 populo
329 2760 474 2803 romano
489 2738 710 2814 restituisset,
725 2761 771 2803 ex
791 2739 892 2816 Asia,
908 2743 1030 2814 Ponto,
1046 2741 1225 2818 Armenia,

185 2843 443 2926 Paphlagonia,
468 2841 708 2924 Cappadocia,
740 2841 878 2917 Cilicia,
912 2841 1038 2927 Syria,
1074 2844 1225 2927 Scythis,

184 2945 342 3019 ludaeis,
368 2943 531 3019 Albanis,
556 2943 691 3019 Iberia,
715 2943 832 3011 insula
853 2946 974 3018 Creta,
998 2945 1174 3008 Bastarnis
1194 2957 1227 3007 et

184 3069 286 3132 super
319 3049 401 3110 haec
434 3046 476 3109 de
510 3045 650 3127 regibus
688 3044 896 3112 Mithridate
935 3055 1036 3129 atque
1074 3044 1229 3130 Tigrane

185 3149 422 3231 triumphauit.
467 3151 610 3211 Summa
631 3167 846 3208 summarum
868 3147 903 3208 in
926 3146 986 3208 illa
1007 3145 1229 3236 gloriafuit,

185 3264 223 3314 ut
245 3252 319 3333 ipse
341 3252 377 3313 in
399 3251 561 3313 concione
589 3247 699 3324 dixit,
731 3269 808 3312 cum
837 3247 877 3310 de
906 3249 1007 3312 rebus
1029 3249 1103 3312 suis
1124 3250 1231 3314 disse·

185 3365 290 3430 reret,
304 3354 427 3417 Asiam
442 3353 599 3416 ultimam
613 3351 873 3434 prouinciarum
885 3352 1056 3433 accepisse
1070 3352 1229 3415 eandem·

185 3477 250 3539 pue
272 3454 422 3524 mediam
441 3455 577 3537 patriae
601 3453 805 3520 reddidisse.

249 3557 337 3624 Pliu.
361 3557 448 3628 Hist,
473 3556 531 3632 37,
558 3557 590 3618 2.
639 3556 796 3628 Victoria
823 3555 884 3619 illa
904 3556 1058 3638 Pompeii
1076 3556 1231 3638 primum

185 3660 232 3729 ad
258 3659 474 3742 margaritas
495 3678 716 3740 gemmasque
738 3678 851 3722 mores
880 3657 1068 3730 inelinavit.
1114 3657 1156 3725 Id
1176 3659 1230 3727 uti
1261 3712 1265 3722 ,

184 3762 321 3842 planius
331 3773 511 3835 nascatur,
530 3760 632 3826 verba
648 3781 694 3828 eac
713 3758 799 3840 ipsis
811 3757 965 3840 Pompeii
975 3759 1231 3842 triumphorum

186 3863 275 3926 actis
308 3864 499 3928 subiiciam.
555 3865 655 3944 Ergo
693 3860 797 3924 tertio
827 3860 1021 3941 triumpho,
1054 3881 1154 3943 quem
1190 3858 1231 3919 de

184 3964 324 4048 piratis,
341 3967 442 4040 Asia,
458 3967 568 4028 Ponto
581 3961 807 4046 gentibusque
820 3973 854 4024 et
869 3961 1009 4042 regibus
1028 3961 1064 4022 in
1086 3957 1232 4040 septimo

186 4069 302 4151 operis
324 4069 426 4136 huius
449 4064 619 4134 volumine
646 4062 807 4130 indicatis
829 4064 885 4132 M.
908 4061 1033 4126 Pisone
1055 4061 1111 4124 M·
1135 4062 1230 4123 Mes-

186 4173 262 4240 sala
296 4191 386 4235 coss.
415 4164 531 4250 pridie
562 4167 645 4230 Kal.
677 4165 797 4227 Octob.
829 4163 883 4224 die
915 4158 1041 4225 natalis
1070 4159 1125 4222 sui
1146 4160 1229 4244 egit,

184 4272 365 4344 transtulit
396 4273 532 4331 alveum
563 4288 640 4328 cum
673 4264 812 4332 tesseris
842 4259 1011 4328 lusorium
1042 4285 1059 4324 e
1087 4261 1232 4344 gemmis
