2984 4842
243 337 304 397 lou

244 516 429 578 eorumque
468 499 556 558 uelut
597 498 756 559 alumnos
797 498 981 562 Coruinum
1018 521 1058 561 ac
1101 502 1288 566 Pollionem

244 597 417 660 Asinium.

279 741 428 802 Sulpicium]
464 745 574 788 Seruium
585 747 715 800 Sulpicium
734 745 832 804 linium,
853 760 899 789 non
915 747 1027 791 Publium
1049 750 1180 804 Sulpicium
1201 751 1288 795 linium

310 833 488 890 intelligendum
507 846 575 886 esee,
602 847 655 877 cum
680 847 708 878 ea
728 837 826 891 reliquls
846 837 984 880 oratoribus
1002 839 1159 894 aequalibus,
1180 841 1221 895 qui
1243 853 1288 883 una

315 918 482 970 nominantur,
505 920 596 976 elucet,
616 924 664 963 tum
684 933 711 962 en
731 921 776 972 iis,
798 936 857 978 quae
876 923 901 968 in
922 922 958 968 M.
980 922 1073 970 Graeco
1091 924 1198 970 Oratore
1218 941 1287 980 supra

312 1007 415 1050 diximus
434 1019 489 1063 pag.
511 1001 569 1054 383.

306 1125 508 1208 Pomponius
525 1128 574 1190 De
592 1124 686 1213 Orig.
704 1127 788 1191 luris
804 1127 835 1191 ia
852 1129 1022 1214 Digestor.
1040 1132 1096 1195 lib.
1119 1140 1154 1209 1,
1175 1135 1210 1208 i,
1229 1137 1285 1197 lt:

244 1229 383 1292 Seruius
416 1229 451 1291 in
485 1229 600 1292 cauria
634 1233 776 1294 orandis
807 1233 961 1314 primum
992 1237 1102 1297 locum
1132 1248 1194 1298 aut
1220 1260 1288 1318 pro

239 1343 334 1394 certo
355 1343 436 1412 post
461 1334 515 1395 M.
547 1333 701 1396 Tullium
731 1335 890 1398 obtinuit.
914 1370 955 1381 -
978 1337 1092 1400 Huius
1115 1340 1289 1401 volumina

242 1437 421 1517 complura
442 1447 566 1498 extant
589 1437 642 1512 (dc
669 1435 771 1512 iure):
803 1437 939 1522 reliquit
961 1439 1050 1501 enim
1071 1463 1181 1523 prope
1210 1464 1287 1504 een·

242 1549 316 1599 tum
337 1549 370 1599 et
392 1539 570 1621 octoginta
591 1539 708 1602 libr-oe.

277 1680 392 1740 Seruiue]
428 1687 503 1727 totum
529 1682 657 1736 Pomponii
687 1687 781 1736 toturn,
807 1687 847 1741 qui
869 1687 995 1728 admodum
1019 1684 1123 1730 difficilis
1142 1692 1196 1740 eet,
1221 1691 1288 1732 lucu-

310 1772 387 1814 lenter
401 1775 486 1813 tractat
499 1769 561 1812 llob.
577 1771 707 1814 Schneider
721 1772 791 1823 spec.
816 1773 836 1816 l.
853 1785 876 1825 p.
893 1771 907 1814 8
925 1777 949 1816 et
962 1773 1032 1825 spec.
1048 1772 1074 1820 2.
1090 1775 1112 1817 in
1126 1775 1284 1828 praefatione.

684 1914 847 1972 Orationes.

307 2051 467 2111 Extabaut
491 2047 687 2129 Quintiliano
718 2059 798 2109 teste
826 2048 931 2110 Servii
962 2049 1096 2131 Sulpicii
1125 2052 1286 2116 orationes

240 2165 322 2227 tres,
348 2156 495 2236 (quarum
525 2152 601 2211 duas
629 2160 748 2211 tantum
777 2150 940 2230 novimus)
966 2153 1159 2238 reliquarum
1183 2167 1286 2218 autem

242 2277 424 2329 causarum,
451 2275 529 2336 quas
553 2262 682 2335 egerat,
713 2273 777 2316 non
804 2253 966 2317 orationes
991 2255 1117 2340 quidem
1145 2255 1287 2343 integras

241 2356 350 2430 edidit,
371 2359 426 2418 sed
448 2354 704 2432 commentarios,
732 2354 763 2417 in
790 2356 905 2440 quibus
925 2371 1142 2442 argumentum
1166 2371 1285 2423 tantum

241 2471 271 2522 et
296 2457 397 2540 capita
423 2480 540 2520 summa
566 2457 682 2520 litteris
706 2462 849 2521 mandata
876 2472 992 2523 erant.-

305 2561 439 2645 Quintil.
465 2565 522 2636 10,
557 2565 594 2638 7,
626 2561 676 2629 30.
728 2564 931 2646 Plerumque
964 2566 1073 2626 muita
1104 2565 1285 2648 agentibus

241 2666 382 2741 accidit,
398 2678 434 2728 ut
451 2663 602 2727 maxime
618 2665 813 2727 necessaria
827 2678 859 2726 et
875 2665 991 2748 utique
1009 2665 1110 2728 initia
1124 2667 1284 2740 scribant,

241 2781 353 2831 cetera
368 2790 455 2852 quae
475 2769 578 2829 domo
600 2763 772 2853 afferunt,
796 2768 1006 2850 cogitatione
1021 2771 1283 2851 amplectantur,

240 2872 362 2936 cubitia
384 2894 430 2934 ex
453 2883 604 2953 tempure
629 2882 824 2932 occurrant.
862 2868 1113 2959 Quodfeeiese
1129 2875 1183 2934 M.
1202 2873 1284 2933 Tul-

239 2977 324 3038 lium
360 2974 618 3037 commentariis
658 2973 768 3055 ipsius
804 2985 961 3055 apparet.
1018 2974 1086 3036 sed
1105 2971 1285 3064 feruntur

239 3078 389 3140 aliorum
421 3098 571 3161 quoque,
606 3090 639 3138 et
673 3076 800 3139 inuenti
816 3073 946 3164 sorte,
979 3089 1015 3137 ut
1048 3097 1106 3138 eos
1129 3076 1285 3138 dicturus

239 3182 381 3265 quisque
410 3192 669 3262 composuerat,
704 3192 736 3241 et
765 3179 800 3240 in
830 3179 937 3244 libror
964 3181 1109 3263 digesti,
1136 3193 1174 3241 ut
1204 3202 1284 3242 cau·

240 3305 372 3359 aarum,
397 3305 483 3366 puae
505 3295 585 3346 eunt
607 3295 703 3345 actae
725 3303 746 3344 a
769 3283 888 3346 Servio
903 3282 1055 3365 Sulpicio
1077 3281 1191 3361 (cuius
1214 3295 1286 3343 tree

239 3387 415 3450 orationes
430 3387 585 3467 extant),
602 3385 663 3448 sed
684 3386 736 3459 iu',
762 3385 803 3446 de
825 3385 946 3467 quibus
962 3387 1096 3468 loquor,
1114 3405 1282 3446 concaten-

240 3489 325 3552 tarii
346 3489 395 3551 ita
417 3502 497 3552 sunt
520 3489 654 3563 exacti,
686 3498 724 3549 ut
752 3489 795 3549 ab
821 3487 897 3569 ipso
920 3487 1004 3550 mihi
1025 3488 1059 3549 in
1083 3486 1284 3550 memoriam

236 3592 453 3674 posteritatis
476 3591 656 3654 videantur
677 3613 751 3653 erse
773 3591 966 3672 compositi.

419 3760 445 3816 l.
486 3759 586 3816 Oratio
605 3763 705 3816 eontra
725 3759 758 3814 L.
782 3758 921 3814 Licinium
941 3758 1102 3814 Murenam.

303 3875 385 3938 Acta
412 3884 458 3935 est
493 3894 584 3934 causa
611 3894 639 3934 a.
672 3871 732 3933 691
765 3870 842 3946 (63).
880 3871 1024 3933 Fuerunt
1054 3868 1285 3950 competitores
1384 3933 1386 3936 ,

193 4011 199 4022 ·
240 3976 423 4040 consulatus
445 3977 489 4039 D.
514 3973 623 4038 Iunius
647 3972 790 4049 Silanus,
817 3974 860 4034 L.
889 3971 1033 4034 Licinius
1056 3973 1216 4045 Murena,
1241 3971 1284 4032 L.

241 4077 373 4161 Sergius
394 4076 531 4140 Catilina
555 4089 587 4139 et
610 4074 741 4138 Servius
763 4073 923 4156 Sulpicius
941 4074 1058 4138 Rufus.
1084 4073 1195 4140 Creati
1215 4086 1286 4136 sunt

241 4179 377 4241 Murena
403 4190 434 4242 et
457 4178 593 4247 Silanus.
622 4177 705 4241 Cum
734 4188 836 4240 autem
865 4176 1025 4259 Sulpicius
1055 4176 1284 4259 suspicaretur,

242 4279 411 4340 Murenam
426 4265 543 4343 aurbitu
553 4292 584 4344 et
595 4278 766 4363 largitione
779 4278 933 4362 suffragia
945 4278 1133 4354 obtinuisse,
1150 4276 1286 4340 ambitur
