2992 4840
1148 339 1207 401 957

232 498 372 551 dictatores,
392 507 446 542 cum
463 493 579 540 adiissent
598 495 780 554 magistratum,
801 497 894 549 Lauinii
913 512 964 544 reru
983 501 1085 546 divinem
1104 501 1210 548 tacerent

233 586 364 632 Penatibus
384 584 474 639 pariter
498 598 525 627 ac
554 584 652 628 Vestae.
674 585 814 630 Macrobius
840 587 891 630 Sat.
920 583 952 641 3,
984 585 1009 632 1.
1030 589 1145 648 Hartung.
1172 595 1209 637 die

233 675 313 731 Retig.
340 675 363 716 d.
392 671 481 716 astoer
501 675 518 719 t.
549 672 571 716 1.
599 685 623 728 p.
645 669 686 718 ll.
730 675 833 717 Securus
861 678 944 719 consul
970 691 992 721 a.
1022 673 1069 722 617
1090 676 1164 740 (tot)
1184 682 1205 724 io
1283 701 1288 706 ·

233 764 309 807 serris
329 762 361 806 ibi
381 763 499 806 faciundis
518 761 605 818 aliquid
631 761 765 820 neglexisse
786 764 887 807 videtur.
925 764 1002 809 Aliter
1020 767 1092 811 sentit
1113 767 1206 812 llubino

233 852 292 894 uber
310 851 373 894 r'drn.
394 850 465 894 Veri.
485 863 510 893 u.
531 848 619 898 Gesch.
642 854 660 896 t.
683 849 707 893 1.
727 863 750 904 p.
772 847 831 894 tot.

225 971 346 1037 Cicero
369 994 403 1053 p.
422 969 578 1032 Deiotaro
601 990 631 1031 c.
666 970 717 1029 11.
763 972 825 1033 Gn.
843 971 1021 1035 Domitius
1043 997 1120 1036 cum
1143 977 1206 1039 tri-

127 1071 130 1078 ’
163 1078 274 1139 hunus
294 1075 403 1157 plebis
426 1075 481 1135 M.
506 1075 675 1134 Scaurum
699 1072 733 1132 in
762 1071 926 1135 iudicium
946 1078 1068 1158 populi
1091 1101 1206 1141 uocas·

162 1191 225 1254 set,
250 1178 439 1259 Scaurique
462 1195 581 1235 seruus
607 1174 654 1235 ad
682 1196 760 1235 eum
790 1177 878 1236 clam
907 1177 1047 1240 ‹iomum
1063 1182 1206 1243 venisset

163 1294 197 1344 et
219 1278 367 1342 crimina
388 1279 422 1340 in
453 1275 630 1339 dominum
660 1277 856 1338 delaturum
886 1301 922 1341 se
950 1303 1023 1343 esse
1046 1283 1205 1359 dixisset,

161 1383 372 1466 apprehendi
403 1381 572 1445 hominem
607 1379 709 1441 iussit
739 1379 786 1440 ad
808 1384 1043 1468 Scaurumque
1071 1387 1204 1451 deduci.

227 1488 314 1548 lderu
347 1482 447 1546 refert
479 1480 630 1542 Valerius
658 1482 754 1544 Max.
786 1487 821 1557 1),
846 1483 881 1559 5,
911 1485 942 1548 5.
990 1485 1053 1550 Dio
1078 1487 1207 1550 Cassius

161 1589 295 1672 Fragor.
321 1588 365 1650 N.
391 1587 463 1647 100.
489 1585 547 1663 (N.
573 1583 646 1646 998.
670 1585 701 1645 in
728 1586 874 1648 versione
899 1587 1043 1656 Tatetii).

163 1851 191 1906 6.
233 1849 330 1906 Oratio
350 1865 403 1920 pro
420 1864 451 1903 se
475 1848 512 1902 de
535 1847 665 1918 pecuniis
688 1847 856 1916 repetundis
883 1852 981 1905 contra
996 1849 1031 1918 Q.
1054 1851 1206 1908 Servitium

591 1959 777 2030 Caepionem.

226 2095 273 2156 Ea
298 2115 390 2155 caiisa
415 2104 482 2153 acta
507 2101 554 2154 est
577 2113 605 2154 a.
630 2092 691 2152 663
714 2091 796 2171 (91).

226 2196 345 2261 Cicero
379 2218 429 2259 or.
462 2218 496 2278 p.
527 2196 649 2256 Scauro
683 2198 716 2266 1,
748 2195 778 2255 9.
832 2197 925 2258 Reus
953 2209 1005 2259 est
1022 2195 1154 2288 sactus
1182 2223 1205 2262 a

159 2304 202 2384 Q.
228 2301 374 2365 Seruilio
390 2299 560 2380 Caepione
583 2301 657 2380 lege
673 2296 829 2369 Seruilia,
854 2319 932 2358 cum
954 2299 1084 2362 iudicia
1102 2323 1207 2383 penes

161 2415 351 2487 equestrem
367 2403 523 2467 ordinem
540 2412 652 2464 essent
668 2411 700 2461 et
716 2402 755 2462 P.
773 2399 905 2463 Rutilio
927 2401 1091 2464 damnato
1107 2425 1206 2468 nemo

161 2517 234 2569 tam
256 2506 417 2569 innocens
441 2505 627 2577 uideretur,
652 2513 689 2564 ut
712 2521 780 2564 non
802 2501 939 2564 timeret
964 2503 1036 2565 illa.

195 2635 252 2695 lege
270 2632 392 2692 Servitia]
413 2645 483 2690 quam
501 2631 618 2676 Servilius
637 2629 736 2673 Glaucia
761 2629 862 2682 tulerat,
883 2632 907 2671 ut
925 2641 954 2671 ex
973 2631 1075 2673 Asconio
1097 2638 1204 2686 apparet.

227 2743 388 2808 Asconius
403 2741 435 2804 in
453 2740 656 2804 Scaurianarn
678 2761 712 2820 p.
738 2739 792 2800 91.
837 2740 880 2819 Q.
896 2738 1205 2824 SeruiliusCaepio

161 2852 334 2913 Scaurum
350 2848 391 2910 ob
414 2844 598 2929 legationis
614 2840 790 2905 Asiaticae
813 2840 978 2903 invidiam
992 2855 1025 2904 et
1039 2845 1204 2908 aduersus

160 2953 253 3034 leges
268 2962 451 3032 captarum
464 2947 691 3030 pecuniarum
715 2965 812 3006 reum
823 2939 921 3032 fecit
937 2946 1206 3025 repetundarum

162 3057 254 3135 lege,
287 3075 391 3137 quom
420 3052 497 3114 tulit
527 3048 694 3114 Seruilius
723 3045 882 3108 Glaucia.
927 3048 1079 3109 Scaurus
1106 3061 1205 3114 tanta

150 3153 235 3246 fuit
253 3157 463 3219 continentia
479 3151 586 3215 animi
609 3161 641 3214 et
665 3147 915 3230 magnitudine,
941 3159 978 3210 ut
999 3153 1204 3233 Caepionem

158 3270 281 3322 contra
313 3280 411 3321 reum
442 3255 601 3319 detulerit
632 3265 665 3316 et
698 3251 852 3313 breuiore
886 3251 940 3313 die
970 3251 1203 3336 inquisitionis

157 3374 299 3443 accepta
321 3358 492 3448 efficerit,
529 3371 567 3420 ut
596 3357 651 3420 ille
680 3353 779 3438 prior
810 3374 952 3415 causam
974 3357 1120 3433 diceret,
1145 3363 1201 3424 M.

157 3485 291 3547 quoque
321 3467 478 3526 Drusum
506 3461 682 3524 tribunum
707 3461 757 3540 pl.
781 3456 981 3520 cohortatus
1003 3461 1067 3536 sit,
1092 3475 1130 3524 ut
1152 3463 1205 3526 iu·

157 3566 250 3628 dicia
270 3576 510 3628 commutaret.
534 3597 576 3609 -

194 3739 330 3796 legationis
356 3737 497 3800 Asiaticae]
527 3743 555 3787 de
595 3744 716 3802 legatione
753 3745 858 3789 Asiatica
887 3747 970 3790 Scauri
1007 3747 1040 3790 sic
1069 3749 1203 3791 tenendum.

228 3826 359 3882 Antequam
374 3834 486 3884 eruperat
505 3830 593 3874 bellurn
618 3833 824 3888 Mithridaticum,
844 3834 981 3878 intercessit
1000 3837 1086 3890 populo
1105 3848 1206 3877 rourauo

229 3914 339 3958 sirnuItas
358 3931 410 3961 cuin
431 3918 569 3962 Mithridate
594 3933 665 3977 rege,
696 3927 809 3978 erantque
833 3923 913 3965 uariae
940 3924 962 3966 in
983 3924 1063 3965 Asiam
1083 3923 1110 3962 ad
1130 3932 1204 3974 regua

230 4001 394 4058 Cappadociae
415 4011 437 4049 et
456 4005 579 4058 Bithyniae
599 4008 732 4065 legationes
752 4011 854 4062 missae,
876 4023 976 4066 quarum
995 4009 1097 4064 aliquam
1117 4005 1199 4047 obibat

228 4091 341 4136 Scaurus.
386 4093 526 4152 Wesseling
553 4093 690 4138 Observatt.
723 4109 747 4150 p.
775 4091 886 4140 36-40.
930 4096 1042 4149 Suspicio
1069 4097 1121 4136 orta
1141 4096 1202 4142 erat,

227 4181 262 4224 Μ.
277 4182 394 4225 Scaurum
414 4181 512 4236 pecunia
531 4181 696 4224 aMithridate
716 4196 772 4241 rege
792 4185 931 4237 corruptum
951 4194 1020 4231 esse,
1047 4180 1114 4237 (Vel.
1136 4177 1203 4221 Max.

228 4263 252 4320 ³,
276 4263 299 4324 l,
325 4265 364 4320 8.)
384 4274 408 4313 et
426 4271 538 4322 pecunias
558 4284 571 4312 a
589 4268 664 4312 sociis
682 4273 825 4316 extorsisse.

205 4353 279 4392 Meieri
290 4357 346 4392 Orat.
353 4354 411 4392 Rom
424 4354 501 4403 Fruere.
518 4356 548 4394 ed.
557 4353 575 4393 2
984 4359 1018 4418 17
