2984 4842
252 369 313 430 382

253 539 286 590 et
308 526 462 589 suauaas
484 538 516 588 et
549 527 764 609 magnitudo.
818 529 873 591 Sic
905 528 938 590 in
962 531 1025 591 hoc
1056 529 1141 591 nibil
1162 542 1304 612 praeter

255 626 522 716 acuonemfuit,
542 641 656 692 cetera
670 624 774 691 etiam
792 631 928 692 minora
943 652 1046 714 ᾳιιαιη
1062 632 1097 694 in
1110 631 1302 712 superiore.

287 771 332 820 Gn.
352 771 483 833 Lentulus]
523 777 583 819 idem
603 777 675 819 tradit
695 775 853 831 Quintilianus
873 776 920 830 Xl,
942 773 965 835 9,
985 775 1009 820 8.

318 895 503 957 Eorundem
519 895 556 956 fit
571 895 688 959 mentio
712 897 796 978 apud
820 893 1013 959 Ciceronem
1036 894 1068 957 in
1085 897 1188 959 Bruto
1204 918 1231 963 c.
1248 897 1301 959 90.

255 994 460 1060 Triennium
470 993 657 1088 serefuit
680 999 761 1061 urbs
790 999 863 1061 sine
889 998 1015 1072 armis,
1040 999 1100 1061 sed
1121 1011 1304 1068 oratorum

252 1110 314 1160 aut
342 1098 485 1160 interitu
515 1110 577 1161 aut
616 1100 770 1163 discessu
804 1112 866 1163 aut
896 1099 1003 1192 fuga
1034 1101 1130 1181 (nam
1160 1103 1303 1176 aberant

251 1203 357 1266 etiam
371 1203 605 1265 adolescentes
630 1205 686 1268 M.
702 1206 851 1267 Crassus
871 1215 903 1266 et
926 1204 1102 1266 Lentuli
1119 1204 1217 1284 duo)
1230 1204 1303 1286 pri-

253 1325 328 1367 mas
350 1305 386 1367 in
408 1305 520 1369 causis
541 1307 668 1387 agebat
689 1306 908 1371 Hortensius.

287 1448 438 1509 triennium]
475 1465 498 1494 a.
522 1447 658 1496 668-679
679 1447 816 1507 (tl-tl).

315 1570 483 1632 Extabant
506 1573 732 1632 Lentulorum
765 1571 941 1632 orationes
963 1569 994 1630 ia
1018 1591 1116 1650 opere
1143 1571 1301 1632 Muciani.

319 1670 425 1732 Tacit.
450 1669 538 1734 Dial.
564 1675 602 1732 de
628 1671 737 1735 Oratt.
768 1671 820 1732 37.
873 1671 1000 1733 Nescio
1025 1691 1070 1730 an
1094 1671 1246 1732 venerint
1266 1675 1303 1732 in

251 1792 372 1834 manus
392 1783 523 1834 vestras
546 1775 628 1834 haec
649 1783 778 1844 vetera,
801 1766 888 1854 quiae
910 1783 947 1832 et.
966 1771 1001 1832 in
1023 1771 1302 1855 antiquariorum

252 1873 462 1937 bibliothecis
488 1874 601 1935 adbuc
617 1885 755 1934 manent
775 1885 810 1933 et
829 1894 906 1934 cum
927 1874 1080 1936 maxime
1094 1895 1117 1935 a
1134 1875 1303 1938 Muciano

250 1961 523 2044 contrabuntur,
548 1997 588 2037 ae
611 1975 681 2035 iam
705 1974 879 2048 undecim,
907 1987 946 2037 ut
969 1977 1111 2057 opinor,
1133 1979 1301 2039 Actorum

252 2077 350 2140 libris
372 2089 406 2139 et
430 2077 543 2139 tribus
565 2076 805 2158 Epistolarum
830 2078 1022 2158 composita
1043 2091 1076 2140 et
1099 2078 1192 2140 edita
1207 2091 1299 2141 sunt.

250 2182 310 2244 Ex
327 2181 370 2242 iis
386 2178 532 2260 intelligi
553 2189 677 2258 potest,
703 2180 763 2242 Gn.
789 2179 989 2260 Pompeium
1012 2193 1044 2242 et
1066 2183 1122 2244 M.
1138 2184 1300 2245 Crassum

251 2302 319 2345 non
345 2281 475 2343 viribus
508 2281 609 2342 modo
641 2291 674 2342 et
705 2281 813 2342 armis
842 2281 903 2346 sed
932 2281 1072 2364 ingenio
1104 2303 1236 2366 quoque
1268 2296 1301 2344 et

250 2383 406 2446 oratione
441 2382 607 2456 ualuisse,
641 2385 805 2445 Lentulos
835 2393 867 2444 et
896 2373 1057 2446 Metellos
1081 2395 1114 2446 et
1139 2388 1300 2447 Lucullos

251 2497 285 2548 et
307 2484 472 2550 Curiones
493 2497 526 2546 et
548 2496 697 2546 ceteram
720 2504 904 2565 procerum
931 2506 1069 2547 manum
1097 2490 1241 2548 multum
1264 2486 1298 2546 in

249 2587 302 2650 bis
325 2587 450 2650 studiis
473 2607 599 2669 operae
621 2587 987 2668 curaeque-posuisse,
1013 2607 1074 2650 nec
1095 2609 1299 2673 quemquam
1327 2661 1333 2667 ,

249 2689 318 2752 illis
347 2689 556 2770 temporibus
582 2708 744 2770 magnam
771 2687 963 2770 potentiam
989 2691 1062 2753 sine
1088 2691 1205 2774 aliqua
1230 2693 1298 2752 elo·

250 2793 391 2876 quentia
414 2801 644 2854 consecutum.

284 2935 347 2980 base
366 2935 462 2992 vetere]
499 2949 521 2978 v.
542 2934 655 2994 Pompeii
676 2933 758 2978 Orati.

534 3072 636 3129 LXXI.
677 3072 718 3132 u.
740 3073 864 3130 Licinius
884 3074 1009 3132 Crassus.

316 3187 416 3248 Natus
433 3197 479 3248 cst
504 3206 531 3248 a.
558 3185 621 3246 610
644 3187 752 3264 (111);
775 3189 914 3269 aequalis
938 3187 1018 3250 enim
1040 3186 1101 3249 fuit
1121 3185 1298 3256 Hortensii,

249 3287 322 3352 Cic.
344 3289 436 3350 Brut.
458 3290 511 3351 65.
536 3289 574 3350 In
598 3288 682 3351 bello
713 3287 800 3380 civili
826 3289 931 3352 Sullae
956 3290 1078 3370 legatus
1095 3302 1163 3350 erat
1178 3311 1207 3350 a.
1226 3289 1298 3350 670.

251 3392 325 3453 671.
348 3391 422 3452 679.
449 3391 509 3451 673
541 3391 705 3468 (sl-81).
737 3391 877 3455 Praetor
908 3413 936 3458 a.
967 3391 1029 3452 683
1054 3393 1134 3466 (71).
1173 3391 1297 3452 Eodem

253 3515 337 3557 anuo
359 3490 479 3556 Crasso
504 3492 621 3556 bellum
646 3491 763 3555 servile
786 3504 898 3557 contra
923 3493 1109 3574 Spartacum
1143 3491 1297 3554 defertur.

248 3597 290 3662 A.
320 3597 382 3658 681
408 3597 478 3676 (70)
507 3596 620 3657 consul
647 3616 716 3658 cuin
746 3594 917 3675 Pompeio.
943 3605 1011 3656 erat
1035 3605 1099 3655 tum
1132 3595 1173 3655 ll
1198 3613 1298 3655 annos

254 3708 357 3760 natus.
384 3696 426 3765 Α.
456 3697 516 3760 689
544 3698 613 3776 (65)
642 3717 767 3764 censor.
797 3699 841 3758 A.
873 3696 933 3759 699
960 3697 1029 3776 (55)
1051 3694 1162 3759 consul
1183 3695 1299 3757 iterum

248 3821 318 3862 cum
339 3797 512 3880 Pompeio.
541 3800 583 3861 A.
606 3801 666 3860 700
688 3798 757 3878 (tl)
781 3798 907 3878 Syriam
927 3798 1065 3862 obtinuit
1081 3797 1297 3879 provinciam,

248 3914 278 3962 et
302 3899 403 3964 statim
430 3900 597 3965 consilium
624 3899 719 3980 cepit,
747 3899 876 3962 Parthis
898 3900 1056 3965 inferendi
1084 3901 1210 3976 bellum,
1236 3899 1298 3960 iam

247 4004 484 4086 sexagenarius.
516 4002 603 4064 Plut.
637 3998 746 4063 Crass.
785 4003 834 4062 17.
864 4004 907 4065 A.
942 4006 999 4065 701
1029 4005 1097 4082 (53)
1127 4000 1298 4066 aParthis

248 4103 418 4166 occiditur.
445 4103 524 4166 Via.
550 4103 715 4165 Drumann
742 4114 766 4164 t.
794 4107 824 4165 1.
852 4127 883 4186 p.
910 4106 962 4166 tt.
1189 4111 1190 4114 ’

312 4203 385 4266 Cic.
416 4207 508 4266 Brut.
539 4207 589 4279 65,
618 4205 690 4272 238.
718 4218 749 4267 et
774 4207 826 4267 66.
873 4211 927 4271 M.
956 4210 1121 4281 Crassus,
1146 4205 1299 4295 quisuit

251 4305 403 4380 aequalis
418 4307 609 4379 Hortensii,
633 4307 853 4370 mediocriter
876 4330 897 4370 a
921 4311 1078 4372 doctrina
1097 4311 1297 4383 instructus,
