2970 4836
9 4432 14 4478 l

1146 378 1184 438 17

132 533 209 616 ipsa
239 533 342 598 uerba
370 555 534 616 compone
567 546 599 596 et
614 525 727 617 'quasi
755 545 986 617 coagmenta,
1019 531 1113 616 quod
1141 554 1183 596 ne

131 637 250 719 graeci
276 636 414 720 quidem
448 649 577 698 ueteres
594 635 878 726 jactitaverunt:
912 637 982 700 iam
1012 636 1182 700 neminem

130 751 319 822 antepones
343 740 478 804 Catoni.

195 841 283 904 lbid.
302 863 331 903 c.
346 843 398 916 85,
416 842 489 904 393.
515 841 685 924 Equidem
705 841 740 902 in
760 841 966 925 quibusdam
987 841 1099 904 risum
1122 841 1182 904 uix

130 945 298 1018 tenebam,
325 965 402 1005 cum
429 944 547 1008 Attico
571 944 700 1029 Lysiae
721 947 886 1008 Catonem
909 956 1067 1006 nostrum
1090 965 1182 1006 com·

124 1047 293 1128 parabas,
313 1067 479 1127 magnum
495 1048 687 1108 mehercule
704 1047 875 1110 hominem
892 1049 943 1108 vel
955 1047 1073 1128 patius
1088 1068 1183 1110 sum-

130 1171 225 1210 mum
253 1159 286 1209 et
317 1149 532 1229 singularem
561 1148 694 1210 uirum:
726 1169 826 1210 nemo
859 1148 948 1210 clicet
974 1169 1091 1221 secus,
1122 1149 1183 1210 secl

129 1249 337 1312 oratorem?
363 1249 424 1311 sed
450 1249 553 1309 etiam
582 1249 713 1329 Lysiae
742 1248 914 1308 similem?
936 1253 1033 1310 Bella
1055 1249 1181 1324 ironia,

130 1352 162 1412 si
186 1351 403 1410 iocaremur:
426 1348 480 1408 sin
503 1368 754 1420 asseveramus,
780 1349 854 1408 virle
877 1369 918 1408 ne
940 1350 1066 1430 religio
1087 1351 1184 1412 nobis

132 1461 207 1511 tum
231 1448 426 1510 adhibenda
451 1448 497 1510 sit
525 1469 629 1532 quam
657 1450 688 1512 si
719 1449 953 1512 testimonium
978 1451 1183 1514 diceremus.

131 1555 215 1634 Ego
243 1550 335 1612 enim
361 1554 526 1614 Catonem
555 1563 654 1614 tuum
682 1563 720 1614 ut
746 1552 870 1626 ciuem,
902 1543 1183 1631 ut'senatorem,

130 1666 170 1716 ut
193 1653 450 1734 imperatorem,
475 1665 513 1716 ut
536 1653 647 1716 uirum
670 1655 814 1738 denique
837 1677 915 1718 cum
939 1657 1126 1737 prudentia
1150 1669 1184 1720 et

130 1755 315 1836 diligentia
339 1767 412 1818 tum
434 1756 529 1819 omni
554 1757 678 1820 virtute
700 1760 922 1821 excellentem
943 1759 1074 1841 probo,
1103 1783 1183 1824 ora·

129 1858 241 1922 tiones
266 1868 382 1920 autem
411 1858 487 1920 eius
521 1870 560 1921 ut
593 1859 662 1922 illis
694 1862 907 1942 temporibus
937 1863 1034 1926 ualde
1056 1864 1182 1926 laudo:

130 1958 336 2042 significant
358 1960 449 2024 enim
464 1959 633 2049 formam
662 1964 835 2046 quandam
862 1964 1006 2048 ingenii,
1036 1965 1098 2028 sed
1121 1967 1182 2028 ad-

130 2063 270 2124 modum
294 2063 477 2144 inpolitam
502 2077 535 2126 et
559 2068 661 2146 plane
688 2067 822 2129 rudem.

195 2164 368 2228 Cornelius
381 2167 493 2247 Nepos
511 2165 543 2229 iu
559 2167 682 2232 Catone
698 2170 729 2230 3.
755 2173 796 2234 In
815 2169 973 2232 omnibus
992 2171 1094 2233 rebus
1110 2171 1181 2234 sin·

130 2268 247 2350 gulari
267 2266 344 2351 fuit
364 2269 553 2350 prudentia
576 2282 608 2332 et
635 2270 828 2332 industria:
857 2293 939 2332 nam
965 2284 999 2334 et
1024 2272 1183 2354 agricola

129 2373 237 2432 solers
254 2382 287 2431 et
306 2370 513 2450 reipublicae
532 2371 667 2451 peritus
686 2385 718 2434 et
735 2373 823 2434 iuris
840 2376 1017 2436 consultus
1034 2385 1067 2454 et
1083 2397 1181 2456 mag-

129 2492 195 2534 nus
221 2472 412 2552 imperator
438 2485 471 2534 et
496 2471 734 2552 probabilis
760 2484 914 2534 orator
941 2485 974 2534 et
997 2475 1180 2553 cupidissi-

128 2594 208 2642 mus
233 2573 430 2634 litterarum
441 2570 540 2661 fuit.

164 2715 306 2775 probabilis
318 2713 416 2776 oratur]
434 2719 451 2761 i.
473 2731 495 2762 e.
519 2717 660 2765 mediocris.

194 2857 386 2920 Plutarchus
408 2855 440 2917 in
465 2855 589 2919 Catone
612 2877 642 2919 c.
670 2859 702 2919 1.
745 2852 811 2922 Τὸν
835 2857 869 2922 cie
891 2851 993 2942 λόγον
1012 2855 1182 2944 ἐξηρτύετο

125 2965 185 3026 καὶ
212 2953 468 3047 παρεσκεύαζεν,
496 2960 627 3048 πρῶτον
655 2967 715 3044 μὲν
747 2954 931 3043 ἀγωνιστὴς
960 2949 1044 3026 εἶναι
1079 2964 1183 3028 δοκῶν

126 3057 320 3150 πρόθυμος,
354 3051 425 3126 εἶτα
453 3067 510 3126 καὶ
533 3056 656 3150 ‘oritura
685 3056 806 3138 ἱκανός.
843 3083 874 3124 c.
899 3065 932 3124 1.
968 3063 1021 3154 Τῷ
1045 3060 1181 3132 Κάτωνι

127 3159 233 3244 πολλὴ
255 3170 314 3247 μὲν
338 3157 405 3228 ἀπὸ
431 3164 490 3229 τοῦ
517 3157 618 3247 λόγου
646 3159 783 3250 δύναμις
807 3159 920 3244 ἦυξετο
943 3170 998 3230 καὶ
1016 3160 1181 3252 Ῥωμαῖον

128 3262 233 3332 αὐτὸν
258 3261 291 3330 ὁι
309 3269 426 3332 πολλοὶ
448 3268 649 3350 Δημοσθένη
668 3263 925 3355 προσηγόρευον.

194 3367 405 3448 Quintilianus
419 3369 468 3442 12,
486 3371 538 3432 10.
557 3371 608 3432 10.
632 3372 674 3434 ln
685 3370 843 3435 oratioue
859 3372 890 3434 si
906 3371 1036 3452 species
1051 3372 1180 3434 intueri

128 3473 223 3546 uelis,
241 3472 383 3535 totidem
396 3493 482 3553 pene
499 3472 653 3552 reperias
665 3472 885 3554 ingeniorum
898 3486 981 3555 quot
993 3495 1180 3554 corporum

117 3573 282 3664 formas.
305 3575 374 3638 Sed
373 3572 490 3664 fuere
506 3575 675 3657 quaedam
690 3575 970 3656 generedicendi
985 3576 1179 3639 conditione

128 3689 323 3760 temporum
339 3677 569 3753 horridiora,
599 3678 731 3761 alioqui
761 3699 925 3762 magnam
953 3679 1024 3740 iam
1047 3678 1179 3760 ingenii

130 3781 197 3842 vim
208 3779 530 3870 praeseferentia.
562 3781 650 3844 Hinc
666 3781 734 3843 sint
750 3781 879 3854 Laelii,
897 3777 1083 3869 Africani,
1101 3783 1180 3843 Ca-

129 3893 249 3946 tones
269 3884 385 3959 etiam,
403 3882 628 3966 Gracchique,
647 3906 732 3966 quos
747 3896 786 3945 tu
801 3885 877 3944 licet
893 3885 1110 3968 Polygnotos
1129 3883 1180 3940 uel

129 3987 289 4049 Callonas
323 3989 486 4066 appelles.
535 3986 692 4050 Mediam
719 3987 816 4048 illam
837 3982 1007 4072 formam
1041 3992 1180 4044 teneant

130 4090 171 4149 L.
198 4085 358 4160 Crassus,
383 4091 425 4166 Q.
454 4087 677 4150 Hortensius.
717 4091 808 4148 Tum
835 4085 956 4147 deinde
980 4083 1180 4171 fforescat

130 4207 198 4252 non
231 4193 376 4270 maltum
403 4187 494 4248 inter
523 4211 559 4250 se
585 4186 790 4249 distantium
815 4195 969 4264 tempore
996 4191 1179 4282 oratorum

129 4288 250 4374 ingens
276 4301 474 4372 prouentus.

176 4398 252 4438 Maiori
263 4399 318 4436 Ora.
326 4397 384 4436 Ram.
394 4396 476 4445 Πειρη.
492 4395 523 4433 ed.
533 4392 553 4434 2.
979 4399 997 4458 2
