2992 4844
226 291 287 400 eor

299 505 396 550 inathen
418 519 466 557 „er
484 505 557 548 tttntt
575 507 624 550 sich
651 518 676 548 so
704 518 789 563 grass,
810 506 864 546 ders
884 517 951 548 weun
974 515 999 548 er
1020 506 1055 546 ins
1076 501 1167 548 Forum
1187 505 1270 548 herab-

298 593 379 651 steigt‚
399 607 426 636 er
445 593 507 636 beim
526 593 697 637 Febieriiselieu
717 594 798 650 Bogen
819 595 862 636 den
883 592 948 648 Kopl
967 589 1070 634 tuctt.¹‘

264 695 339 745 caput
359 713 386 723 -
409 688 557 747 demitteret]
595 689 625 733 de
644 689 742 733 nornine
761 703 843 732 uano:
864 690 955 731 mirum
976 688 1133 748 Quintiliano
1152 686 1177 743 6,
1199 687 1223 743 3,
1240 689 1270 734 67

300 775 329 820 de
345 755 487 836 praelongo
513 776 606 820 dietum
634 777 725 823 videri.
773 779 874 822 Ellendt.
906 778 1066 834 Quintilianus
1086 778 1148 820 euim
1169 778 1270 822 scribit.

298 861 377 922 refert
389 861 475 908 Cicero
485 863 514 909 de
530 862 628 909 homine
645 867 794 925 praelongo,
815 869 890 922 caput
912 879 967 909 eum
985 863 1018 908 nd
1023 861 1154 922 fornicem
1170 863 1271 908 Fabium

297 950 442 1012 offendisse.

295 1079 368 1143 Cic.
386 1084 423 1144 de
443 1082 537 1145 Orat.
563 1083 598 1157 2,
623 1084 680 1155 59,
706 1083 779 1144 utu.
825 1085 907 1145 Duo
928 1094 1007 1142 sient
1030 1078 1271 1169 generoface-

230 1184 379 1256 tiorum,
397 1206 542 1266 quarum
566 1188 714 1246 alterum
738 1207 775 1246 re
797 1196 987 1257 tractatur,
1002 1186 1149 1245 alterum
1165 1183 1267 1243 dicte.

169 1275 176 1282 ”
230 1289 291 1360 Re,
309 1286 337 1349 si
352 1287 491 1368 quando
505 1287 589 1369 quid
602 1299 778 1371 tamquam
802 1287 921 1369 aliqua
930 1284 1075 1377 fabella
1089 1296 1269 1356 narratur,

228 1401 267 1450 ut
298 1389 379 1451 olim
408 1401 462 1464 tu,
489 1394 630 1463 Crasse,
666 1389 701 1451 in
731 1390 953 1463 Memmium,
983 1389 1171 1480 comedisse
1193 1409 1271 1448 eum

228 1493 394 1552 lacertum
423 1491 566 1573 Largii,
602 1513 679 1554 cum
710 1503 798 1554 esset
826 1513 902 1552 cum
932 1514 972 1555 eo
996 1491 1207 1554 Terracinae
1231 1489 1271 1550 de

228 1592 379 1654 amicula
406 1593 560 1656 rixatus.
616 1596 718 1658 Salsa
753 1616 794 1654 ac
827 1606 941 1656 tamen
974 1615 996 1654 a
1026 1606 1058 1656 te
1087 1593 1164 1674 ipso
1178 1591 1272 1668 ficta

229 1705 303 1755 tota
325 1695 495 1757 narratio.
540 1695 717 1758 Addidisti
738 1699 947 1764 clausulam.
981 1709 1055 1759 tota
1078 1695 1271 1758 Terracina

229 1807 303 1858 tum
325 1797 482 1860 omnibus
513 1797 547 1858 in
578 1799 772 1880 parietibus
801 1799 983 1881 inscriptas
1003 1797 1130 1888 fuisse
1152 1797 1272 1860 literas

230 1902 424 1964 LLLMM.
469 1903 554 1965 Cum
578 1922 761 1984 quaereres
784 1901 820 1962 id
842 1902 925 1984 quid
945 1914 1051 1976 esset,
1079 1921 1194 1962 senem
1212 1900 1272 1962 tibi

229 2002 399 2083 quendam
421 2003 632 2085 oppidanum
654 2003 804 2065 dixisse:
826 2006 954 2066 lacerat
977 2007 1143 2067 lacertum
1162 1985 1272 2086 Largi

230 2105 381 2166 mordax
403 2107 605 2168 Memmius.

517 2339 545 2395 5.
586 2337 684 2395 Oratio
697 2323 756 2410 ¹pro
776 2339 808 2395 G.
829 2339 987 2395 Aculeone.

292 2479 339 2540 Ea
364 2499 456 2539 causa
479 2489 547 2540 acta
571 2491 618 2539 est
647 2501 675 2541 a.
712 2479 772 2541 657
805 2480 892 2558 (97),
918 2499 983 2562 quo
1007 2499 1088 2541 anno
1113 2480 1165 2540 M.
1192 2479 1272 2540 Per-

228 2601 326 2662 perna
365 2592 544 2660 praeturam
586 2583 738 2642 urbanam
773 2581 885 2663 gessit.
945 2580 1150 2643 Gratidianus
1183 2602 1271 2641 reum

227 2683 350 2744 fecerat
380 2683 578 2743 Aculeonem
613 2682 749 2767 equitem
780 2705 958 2746 romanum.
990 2682 1079 2761 (Cic.
1111 2686 1149 2744 de
1177 2684 1270 2745 Orat.

231 2785 259 2854 l,
290 2784 342 2845 93.
383 2785 417 2857 2,
455 2787 502 2864 1.)
530 2785 709 2851 Gratidiani
742 2799 897 2866 patronus
930 2787 973 2846 L.
1006 2784 1117 2846 Aelius
1148 2783 1271 2855 Lamia,

230 2886 404 2950 Aculeonis
428 2887 574 2951 Crassus.
924 2893 926 2898 ’

292 3005 365 3070 Cic.
391 3011 429 3072 de
447 3011 540 3073 Orat.
565 3011 604 3088 2,
628 3010 682 3072 65.
726 3013 950 3074 Invertuntur
973 3009 1091 3082 verba,
1116 3019 1153 3068 ut
1169 3010 1271 3070 Cras-

229 3131 289 3171 sus
310 3111 405 3190 apud
427 3113 481 3174 M.
506 3115 715 3194 Perpernam
744 3112 890 3174 iudicem
911 3134 978 3193 pro
1001 3113 1173 3174 Aculeone
1196 3130 1273 3170 cum

231 3211 376 3285 diceret,
401 3213 523 3274 aderat
545 3226 666 3277 contra
688 3216 894 3278 Aculeonem
910 3213 1117 3277 Gratidiano
1140 3215 1181 3273 L.
1206 3211 1273 3274 Ae·

229 3311 297 3376 lius
313 3314 447 3389 Lamia,
466 3314 638 3404 deformis
660 3327 698 3378 ut
728 3317 855 3388 nostis,·
876 3317 935 3399 qui
949 3337 1026 3377 cum
1041 3313 1273 3394 interpellaret

230 3415 359 3489 odiose,
375 3417 579 3492 Audiamus,
603 3418 724 3502 inquit,
740 3421 924 3500 pulcellum
937 3439 1098 3500 puerum,
1112 3419 1271 3479 Crassus.

230 3521 315 3582 Cum
337 3531 425 3582 esset
447 3521 622 3584 adnisum:
649 3523 730 3585 Non
751 3525 853 3603 potui
876 3521 976 3593 milri,
1002 3519 1114 3603 inquit
1135 3517 1270 3590 Lamia,

217 3618 386 3710 sormam
419 3623 492 3704 ipse
516 3623 680 3706 fingere,
713 3624 892 3706 ingenium
922 3623 1035 3704 potui.
1093 3625 1183 3684 Tum
1205 3620 1272 3691 hic,

230 3724 443 3798 Audiamus,
468 3724 590 3808 inquit,
622 3727 803 3792 disertum·
849 3729 967 3790 Multo
988 3724 1094 3787 etiam
1116 3723 1274 3784 adnisum

188 3901 193 3906 μ
230 3837 280 3888 est
303 3826 546 3888 uehementius.

265 4067 293 4123 6.
334 4066 433 4123 Oratio
453 4081 505 4136 pro
525 4065 560 4134 Q.
583 4065 703 4122 servitio
724 4064 870 4134 Caepione
890 4067 989 4119 contra
1011 4061 1044 4118 C.
1066 4060 1243 4116 Norbanum.

294 4215 342 4276 Ea
372 4227 419 4277 est
451 4214 557 4276 habita
592 4235 621 4275 a.
654 4214 715 4276 659
746 4213 827 4292 (95).
882 4214 925 4291 Q.
956 4208 1113 4274 Servilius
1139 4204 1276 4287 Caepio,

232 4315 286 4397 qui
310 4336 339 4375 a.
364 4316 425 4376 648
448 4318 538 4392 (106)
562 4315 672 4377 consul
697 4315 858 4389 Tolosae,
884 4312 1005 4394 oppido
1029 4309 1164 4383 Galliae,
1189 4328 1277 4387 mag-
