2976 4844
245 355 310 415 110

281 519 306 562 si
320 541 347 552 -
356 513 434 576 fecit]
471 511 553 574 Quis?
575 515 703 569 Thermus,
724 517 822 570 opinor.
860 515 951 570 Popms
972 519 1050 564 sulem
1069 517 1237 562 Ptolemaeum
1256 533 1296 564 re-

317 618 372 664 gem
391 601 520 663 inlelligit,
541 604 608 648 cuius
630 606 722 650 scelere
745 608 918 648 commemoret
941 604 1045 649 lustinus
1067 601 1109 660 38,
1131 602 1165 660 8,
1193 608 1294 653 dicens:

316 691 374 738 Fuit
391 691 548 738 Ptolemaeus
569 693 653 736 minor
674 697 844 752 tyrannorum
865 692 975 736 nennium
1000 691 1206 738 crudelissimus.

281 797 427 858 insecenda]
463 800 583 843 serrendo
605 799 777 854 interpretetur
797 797 908 860 Gellius,
929 801 994 844 velut
1014 799 1100 844 insece
1121 806 1158 846 est
1180 803 1234 856 die,
1257 803 1295 848 s'n·

316 889 395 943 seuit,
415 889 493 944 dixit;
513 887 638 932 sectiones
661 889 823 930 narrationes.

282 992 435 1053 audirimus]
472 995 611 1038 Bolbuisius
639 997 792 1053 suspicetur,
822 999 878 1050 post
905 993 1047 1040 audirimus
1074 997 1193 1042 excidisse
1216 993 1293 1057 serit.

315 1083 411 1128 Lecuns
434 1084 471 1126 hic
495 1088 531 1128 est
552 1083 575 1127 in
600 1083 679 1128 silero
702 1084 757 1126 cod.
776 1081 858 1128 Puris.
895 1081 1018 1129 Duebner.

310 1202 437 1265 Gellius
459 1202 512 1278 20,
539 1204 591 1264 11.
626 1205 715 1266 Cato
741 1204 795 1265 De
817 1205 1015 1266 Ptolemaeo
1037 1215 1162 1267 eontra
1184 1207 1295 1268 Ther·

246 1326 359 1368 mum:
400 1308 467 1370 Per
500 1304 586 1368 deos
618 1304 850 1378 immortalis,
884 1306 990 1370 nolite
1023 1328 1084 1370 uos
1114 1319 1294 1392 sequestro

241 1429 384 1490 ponere.

279 1542 411 1595 eeqrsestre
427 1533 534 1594 ponere]
569 1533 635 1594 quod
654 1534 723 1593 apud
742 1540 897 1594 sequestrem
917 1534 1059 1594 depositum
1077 1543 1150 1598 eret,
1174 1553 1293 1600 seque-

314 1630 386 1670 stre
404 1616 551 1684 perlitum
563 1637 612 1681 per
622 1623 767 1668 adverbium
789 1622 914 1671 dicebant.
938 1648 968 1659 -
988 1624 1092 1670 Gellius.
1129 1627 1218 1672 Sensus
1238 1634 1291 1675 est:

314 1714 388 1757 nolite
420 1714 552 1756 custodium
579 1713 652 1755 vestri
679 1713 966 1778 committeredcuiquem
992 1719 1087 1769 praeter
1113 1718 1291 1774 vosmetipsos3

316 1803 389 1845 nolite
409 1814 469 1860 ros,
488 1813 541 1844 cum
564 1800 633 1843 liberi
653 1801 725 1852 sitis,
748 1797 886 1844 fiduciarius
905 1803 1007 1847 reddere
1028 1807 1053 1847 et
1077 1805 1186 1861 cuiquem
1208 1805 1231 1848 in
1250 1817 1292 1859 po·

314 1893 424 1935 testatem
444 1890 512 1932 dere.
549 1887 646 1942 Lipsius
669 1889 692 1931 in
718 1887 797 1932 Taciti
823 1889 909 1933 Annul-
935 1887 960 1944 ³,
982 1887 1024 1935 ll.

309 2007 495 2073 Priscianus
527 2009 569 2071 T.
592 2009 623 2069 1.
652 2030 687 2089 p.
712 2010 784 2072 108.
825 2012 914 2073 Cato
939 2010 980 2072 de
1005 2014 1203 2076 Ptolemaeo
1229 2013 1291 2076 mi·

244 2134 329 2178 nore
353 2112 394 2175 de
421 2111 565 2176 Thermi
589 2111 810 2195 queaeetione:
833 2116 1039 2197 Quantoque
1062 2135 1163 2176 suam
1186 2105 1292 2179 vitam

243 2215 459 2296 superiorem
481 2227 584 2298 atque
606 2215 813 2297 ampliorem
834 2227 937 2300 atque
960 2218 1193 2302 antiquiorem
1214 2219 1291 2282 ani·

240 2339 337 2382 mum
363 2319 524 2383 inducent
547 2339 621 2380 esee
644 2339 748 2403 quam
770 2317 1022 2382 innoxiiorem.

307 2420 492 2486 Priscianus
514 2423 556 2484 T.
583 2423 613 2484 1.
638 2443 672 2503 p.
696 2424 770 2482 111.
816 2422 873 2485 Μ.
907 2425 996 2486 Cato
1029 2435 1151 2486 contra
1181 2427 1291 2488 Ther·

239 2525 338 2591 mu'm
365 2523 407 2615 de
428 2526 652 2619 Ptolemaeo:
683 2526 779 2608 Rege
811 2525 944 2608 optimo
975 2537 1078 2612 atque
1111 2527 1291 2605 beneficis·

240 2629 342 2691 simo.
436 2633 441 2644 “
509 2634 512 2642 “
670 2639 673 2646 “

241 2787 244 2794 ,
275 2760 300 2790 c.
320 2743 369 2814 Pit.
390 2744 587 2804 dsPtolemueo]
625 2746 684 2791 haec
704 2744 779 2790 verbe
797 2759 841 2800 pro
862 2746 939 2790 indice
961 2747 1078 2791 credonis
1097 2748 1205 2792 habende
1226 2749 1291 2791 erbi-

312 2839 372 2881 tror.
406 2809 444 2878 'ln
472 2835 529 2878 edil.
551 2835 645 2879 Krehlii
674 2837 776 2894 legitur:
805 2831 841 2882 M.
869 2830 928 2878 Cato
949 2841 1038 2879 contra
1064 2834 1220 2881 Thermum:
1250 2835 1298 2880 De.

309 2919 452 2966 Ptolemaeo
470 2934 531 2981 rege
551 2922 643 2980 optimo
664 2927 736 2980 utque
754 2918 957 2983 beneficiseumo.

291 3033 475 3117 ⁴Charisius
508 3074 544 3134 p.
580 3053 653 3114 117.
700 3050 873 3116 Donicum.
920 3054 1028 3117 Cato:
1063 3056 1120 3117 Tu
1154 3050 1290 3115 otiosus

239 3156 408 3231 ambulas,
436 3154 520 3240 quia
542 3155 637 3237 apud
661 3175 780 3237 regem
793 3151 933 3245 suisti,
961 3154 1123 3219 donicum
1148 3155 1205 3218 ille
1226 3155 1290 3218 tibi

237 3257 426 3322 interdixit
452 3280 525 3321 rem
551 3257 747 3340 capitalem.

275 3385 344 3444 apud
365 3383 464 3446 regem]
500 3385 675 3432 Ptolemaeum.
712 3385 778 3430 Unde
800 3386 855 3430 huic
876 3387 980 3432 orationi
1004 3386 1165 3446 fragmentum
1183 3387 1292 3435 inseren-

305 3475 365 3519 dum
384 3475 502 3520 arbitror.

271 3579 413 3640 interdixit
432 3577 498 3640 rem]
534 3594 581 3626 non
602 3580 733 3626 cobserent
753 3581 811 3626 ltuec
829 3582 914 3626 serbe.

302 3681 378 3744 Duo
413 3680 473 3742 alia
506 3681 687 3764 fragmenta
718 3682 750 3746 in
784 3681 861 3746 edit.
894 3681 1006 3763 priore
1037 3678 1111 3742 huic
1145 3677 1289 3744 orationi

236 3783 485 3862 etmioenennn,
512 3786 569 3848 sed
592 3807 664 3848 cum
685 3785 846 3858 viderem,
874 3782 970 3847 setius
996 3803 1080 3856 esee,
1104 3803 1219 3846 ornnes.
1235 3783 1288 3847 lo·

236 3909 314 3962 cos,
347 3886 403 3974 qui
432 3888 472 3950 eb
503 3887 688 3952 auctoribus
714 3890 772 3950 sub
803 3884 907 3949 indice
933 3886 1110 3948 afferuntur
1139 3889 1226 3951 Cato
1251 3887 1288 3956 in

239 3993 448 4066 Thermum,
477 3988 619 4054 orationi
642 3988 808 4094 censogiae
830 3986 944 4065 tribui,
971 3990 1031 4052 hos
1055 4010 1185 4074 quoque
1212 3989 1288 4054 reli·

236 4093 310 4178 quis
337 4093 461 4170 adieci,
490 4091 677 4175 praesertim
703 4113 773 4154 cum
801 4091 928 4178 Pxopme
956 4094 1160 4157 vehementer
1189 4092 1222 4155 in
1248 4111 1288 4156 eo

236 4210 374 4274 erraret,
400 4197 489 4282 quod
513 4199 552 4260 de
577 4215 656 4278 rege
682 4195 871 4260 Ptolemaeo
895 4195 930 4260 in
951 4195 990 4260 iis
1016 4217 1195 4262 sermonem
1218 4214 1287 4260 esse

236 4296 432 4380 scripsisset.
884 4309 887 4314 '
1107 4307 1114 4322 ⁶
