2970 4836
1182 381 1221 440 15

301 537 347 596 15.
379 537 476 594 Oratio
497 539 533 594 de
554 538 613 592 suis
636 536 786 594 virtutibus
806 540 905 592 contra
927 536 1093 592 Thermum.

237 649 356 714 Oratio
381 648 464 711 dicta
490 649 613 712 videtur
637 671 667 711 a.
696 649 756 711 565
774 648 862 726 (189)
884 659 995 710 contra
1020 651 1152 710 eundem
1176 652 1218 730 Q.

173 751 355 816 Minucium
384 755 575 826 Thermum,
607 773 699 834 quem
724 771 820 830 supra
849 751 1026 819 habuimus.
1069 753 1101 812 Is
1124 755 1221 814 rebus

172 855 260 917 bello
289 852 387 934 gestis
411 854 532 928 clarus,
561 853 690 935 eiusque
716 852 899 914 memoriam
926 852 1047 914 denarii
1077 854 1221 936 argentei

173 969 321 1038 repetere
344 956 493 1016 videntur
515 955 654 1033 (Eckhel
679 957 721 1017 D.
739 956 783 1016 N.
800 966 824 1016 t.
843 953 873 1016 5.
891 977 924 1036 p.
943 957 1043 1031 955),
1068 959 1123 1017 sed
1148 978 1221 1016 eru·

176 1059 254 1121 delis
282 1069 312 1119 et
334 1061 466 1120 acerbus
488 1079 566 1139 erga
591 1056 808 1137 provinciales
832 1069 912 1120 erat.
949 1057 1113 1120 Tribunus
1140 1057 1222 1120 mili-

174 1173 240 1222 tum
268 1183 297 1222 a.
323 1161 383 1223 559
403 1161 492 1237 (902)
520 1161 552 1222 in
579 1159 722 1222 exercitu
750 1158 912 1239 Scipionis
941 1159 1071 1221 maioris
1094 1181 1221 1241 pugnae

176 1266 217 1324 ad
243 1265 370 1324 Zamam
400 1261 558 1324 interfuit.
606 1261 794 1342 (Appianus
818 1261 939 1322 Punica
965 1283 995 1322 c.
1025 1263 1064 1321 36
1093 1275 1123 1322 et
1147 1263 1221 1338 11.)

176 1365 301 1427 Deinde
322 1376 454 1444 praetor
480 1364 656 1444 Hispaniae
679 1365 751 1425 iude
773 1365 811 1422 ab
835 1383 916 1424 anno
939 1365 998 1424 557
1020 1364 1108 1439 (197)
1124 1385 1223 1446 usque

177 1471 217 1529 ad
237 1489 266 1528 a.
286 1467 345 1529 559
362 1467 462 1543 (195),
488 1467 580 1550 eique
608 1465 761 1528 successit
787 1465 883 1528 Cato.

244 1567 384 1649 Appiam.
407 1567 544 1648 Hispan.
565 1590 595 1630 c.
622 1569 675 1631 39.
712 1563 832 1656 Χρόνῳ
856 1562 885 1632 δ’
900 1559 1047 1657 ὕστερον,
1072 1560 1125 1632 ὅτε
1145 1562 1224 1632 Ῥω-

176 1675 273 1756 μαῖοι
293 1672 433 1746 Κελτοῖς
462 1694 494 1733 τε
525 1674 594 1746 τοῖς
622 1675 694 1758 περὶ
724 1665 842 1735 [Idaion
872 1671 1049 1754 ἐπολέμουν
1074 1676 1129 1736 καί
1163 1671 1224 1736 Φι-

177 1773 284 1862 λίππῳ
309 1772 354 1861 τῷ
374 1765 562 1850 Μακεδόνι,
587 1773 795 1858 ἐνεωτέρισαν
815 1760 920 1848 αὖθις
939 1775 970 1848 ές
990 1769 1048 1852 τὴν
1067 1769 1226 1858 ἀσχολίαν

178 1871 287 1940 αὐτῶν
315 1878 346 1938 σί
372 1869 510 1960 Ἴβηρες.
546 1874 618 1938 Καὶ
643 1870 756 1949 αὐτοῖς
785 1875 1010 1964 ἐπέμφθησαν
1039 1876 1072 1938 ἐκ
1098 1870 1225 1960 Ῥώμης

179 1981 360 2064 στρατηγοὶ
382 1977 476 2042 τοῦδε
502 1976 562 2040 τοῦ
585 1979 730 2059 πολέμου
757 1971 975 2062 Σεμπρώνιός
1002 2001 1036 2041 τε
1064 1980 1225 2042 Τουδιτα-

178 2076 236 2154 νὸς
262 2084 315 2143 καὶ
344 2074 486 2162 Μάρκος
510 2072 675 2156 Ὲλοόιος,
704 2074 785 2163 μετὰ
808 2073 841 2142 δ’
867 2080 1006 2154 ἐκείνους
1034 2077 1225 2156 Μινούκιος.

179 2183 251 2246 Καὶ
281 2183 330 2245 ἐπὶ
356 2176 480 2270 τούτῳ,
505 2181 652 2264 μείζονος
678 2179 724 2244 ἔτι
752 2181 811 2258 τῆς
837 2176 993 2259 κινήσεως
1017 2185 1226 2265 γιγνομένης,

179 2280 262 2368 μετὰ
289 2287 425 2358 πλέονος
451 2277 617 2367 δυνάμεως
648 2283 807 2367 ἐπέμφθη
834 2277 965 2346 Κάτων·
998 2286 1070 2359 νέος
1095 2291 1155 2368 μὲν
1184 2280 1226 2349 ὢν

181 2385 229 2450 ἔτι
249 2380 397 2470 πάμπαν,
414 2381 578 2472 αὐστηρός
601 2386 635 2448 δὲ
659 2389 714 2446 καὶ
738 2379 930 2470 φιλόπονος,
952 2387 1076 2448 συνέσει
1101 2409 1133 2448 τε
1146 2381 1228 2467 γνώ-

179 2513 244 2573 μης
265 2493 320 2552 καί
343 2482 504 2565 ὸεινότητι
529 2482 635 2569 λόγων
657 2479 845 2573 ἆριπρεπης·
867 2476 943 2560 όίςτε
966 2482 1067 2550 αὐτόν
1089 2488 1228 2562 ἐπὶτοίς

181 2584 294 2672 λόγοις
318 2584 456 2653 ἐκάλουν
486 2591 518 2652 οἱ
540 2583 698 2671 Ῥωμαῖοι
727 2589 938 2670 Δημοσθένη.
982 2589 1091 2669 Atque
1124 2589 1227 2668 suspi-

182 2693 263 2766 cor.
278 2693 359 2752 hano
382 2690 481 2771 ipsam
506 2689 706 2770 provinciam
733 2709 863 2750 calisam
888 2700 918 2748 et
942 2687 1100 2770 originem
1119 2689 1226 2751 simul-

181 2791 255 2854 tatis
292 2804 386 2876 atque
420 2791 654 2854 inimicitiarum
698 2789 837 2853 Minucii
875 2803 905 2852 et
940 2789 1074 2853 Catonis
1115 2791 1227 2854 fuisse.

183 2895 292 2956 Porro
319 2895 478 2955 Thermus
505 2893 617 2956 consul
640 2893 743 2954 sactus
767 2913 848 2956 anno
878 2895 934 2955 561
962 2893 1052 2972 (193)
1076 2897 1228 2956 adversus

185 2995 286 3058 Boios
310 3007 340 3057 et
364 2997 503 3076 Ligures
525 2994 663 3056 feliciter
679 2994 804 3056 ‘bellum
831 2995 946 3077 gessit,
975 2998 1029 3056 sed
1051 2994 1229 3076 triumphus

184 3097 214 3159 ei
240 3108 374 3178 negatur
399 3095 523 3159 Catone
549 3108 690 3170 auctore,
715 3095 780 3179 qui,
807 3108 957 3176 utsupra
982 3095 1127 3171 vidimus,
1145 3119 1228 3162 armo

185 3200 246 3260 561
267 3196 355 3281 (190)
379 3201 453 3259 duas
482 3197 644 3260 orationes
669 3210 779 3259 eontra
807 3219 877 3258 eum
904 3197 1027 3261 habuit.
1076 3200 1230 3278 Quamvis

184 3313 286 3362 autem
311 3299 342 3361 in
365 3299 577 3380 suspicionem
603 3297 767 3361 criminum
794 3299 947 3374 venisset,
972 3313 1075 3361 tamen
1101 3302 1230 3364 absolu·

185 3415 248 3464 tum
272 3424 341 3465 enm
369 3423 436 3464 esse
464 3412 618 3482 apparet,
651 3423 707 3463 nec
733 3403 896 3475 obstabat,
928 3424 993 3484 quo
1022 3402 1121 3464 minus
1144 3402 1229 3466 bello

185 3508 338 3566 adversus
367 3504 561 3565 Antiochum
591 3515 681 3584 gesto
704 3502 870 3565 interesset
893 3524 974 3565 anno
1000 3505 1060 3565 566
1082 3505 1182 3578 (189),
1201 3517 1233 3566 et

185 3605 330 3668 tribunus
355 3606 486 3666 militum
510 3617 602 3666 esset.
640 3605 783 3686 Appian.
800 3604 983 3666 Mithridat.
1006 3627 1035 3667 c.
1054 3607 1106 3669 39.
1144 3609 1231 3672 Ταῦ-

188 3731 229 3772 τα
252 3703 528 3800 συγγραφόμενοί
552 3711 663 3771 τεκαὶ
689 3708 722 3782 ἐς
744 3703 782 3769 τὸ
806 3702 1021 3772 Καπιτώλιον
1044 3709 1076 3784 ἐς
1100 3710 1233 3784 δέλτους

184 3811 312 3896 χαλκᾶς
338 3805 539 3887 ἀναθέντες,
567 3807 709 3893 ἔπεμπον
734 3803 924 3900 ἀντίγραφα
954 3811 1096 3900 Μαλλίῳ
1123 3805 1232 3874 Bott-

188 3935 283 3990 σωνι,
311 3913 357 4002 τῷ
387 3912 622 3999 ὃιαδεδεγμένῳ
653 3907 711 3989 τὴν
736 3911 926 3988 Σκιπίωνος
953 3911 1163 3998 στρατηγίαν.
1196 3905 1235 3974 Ὁ

188 4009 219 4078 δ’
242 4011 332 4099 ὤμνυ
365 4019 433 4090 τοῖς
460 4005 636 4096 Ἀντιόχου
672 4014 824 4101 πρέςβεσι
853 4019 925 4101 περὶ
950 4008 1140 4097 ’Λπιίμειαν
1176 4012 1235 4090 τῆς

194 4117 364 4205 Φρυγίας,
388 4121 443 4182 καὶ
466 4109 484 4179 ὁ
511 4114 673 4200 Αντίογος
701 4115 751 4178 ἐπὶ
778 4115 875 4178 τοῦτο
899 4116 1090 4203 πεμφθέντι
1117 4112 1232 4201 Θέρμην

184 4213 356 4308 χιλιάρχῳ.
384 4219 493 4283 Τοῦτο
516 4223 578 4299 μέν’
599 4211 816 4304 δι)Ἀντιόχφ
843 4217 888 4304 τῷ
909 4209 1043 4302 μεγάλω
1071 4214 1128 4278 τοι]
1152 4210 1235 4298 πρὸς

186 4314 370 4407 Ῥωμαίους
396 4323 487 4395 τέλος
509 4305 557 4398 ην.
603 4317 723 4394 Polyb.
748 4318 798 4390 22,
821 4318 873 4377 16.
903 4318 1099 4399 Τμηθέντον
1119 4318 1152 4380 δέ
1172 4315 1236 4379 των
