2958 4840
1155 326 1217 390 ill

227 491 408 558 Martianus
432 489 565 574 Capella
589 488 639 552 De
662 485 792 568 Nuptiis
814 485 1032 571 Philologiae.
1049 488 1092 552 1..
1111 488 1141 551 b.
1166 485 1215 550 De

165 593 345 662 Rhetorica
374 617 408 678 p.
437 594 508 658 391.
543 594 594 656 ed.
619 592 732 670 Kopp.
786 592 867 651 Post
904 591 967 652 lios
1000 589 1036 652 in
1069 587 1215 650 diuersis

163 699 361 784 agminibus
383 707 541 761 oratores
562 691 715 766 emeriti,
741 712 782 752 ac
803 711 889 772 praa
910 711 948 752 se
967 688 1131 778 ferentes
1161 690 1213 752 in·

162 801 316 885 signium
351 801 483 861 culmen
522 796 712 878 meritaque
744 793 965 876 linguarum:
998 791 1213 864 Aeschinem,

160 907 351 968 Isocratem
374 900 584 988 Lysiampue
607 896 834 978 conspiceres,
859 908 932 956 tum
956 895 992 956 in
1007 894 1138 975 togatis
1153 914 1215 974 ag-

163 1004 309 1068 minibus
333 1003 525 1075 Sosantios,
541 1001 727 1073 Gracchos,
745 998 929 1080 Regulum,
946 996 1094 1059 Plinium
1108 999 1214 1058 Fron-

161 1118 354 1189 tonemque.

199 1266 344 1326 Sosantioa]
368 1282 409 1310 an
430 1268 555 1324 tegendum
574 1260 689 1318 Catones,
712 1261 852 1316 Gracchos,
873 1261 996 1316 Tullium,
1017 1259 1128 1307 Plinium
1139 1259 1217 1305 Fron-

230 1354 377 1413 tonemquc?
413 1355 483 1407 Kopp
505 1365 547 1407 pro
566 1349 699 1396 Sosantr'os
720 1351 816 1396 coniicit
835 1345 952 1404 Crassos,
972 1350 1103 1395 Antonios.

226 1492 447 1571 Hieronymus
469 1488 500 1552 in
519 1487 677 1571 Epistolis
699 1485 911 1551 familiaribus
933 1487 989 1558 ll,
1015 1487 1066 1549 13.
1091 1510 1123 1568 p.
1148 1487 1217 1555 173.

164 1597 259 1658 Dum
281 1613 387 1656 essem
409 1591 553 1667 iuuenis,
579 1590 715 1652 cuidam
726 1588 870 1680 fiatri,
896 1590 954 1673 qui
976 1612 1023 1652 ecc
1045 1589 1212 1652 Hebraeis

166 1697 376 1770 crediderat,
398 1717 451 1756 me
473 1694 507 1756 in
532 1691 749 1776 disciplinam
770 1691 923 1766 tradidi,
949 1704 986 1753 ut
1007 1704 1087 1772 post
1109 1692 1216 1774 Quin-

167 1797 281 1860 tiliani
295 1795 468 1872 acumina,
485 1794 660 1860 Ciceronis
667 1793 811 1886 fluuios
823 1795 1098 1878 grauitatemque
1112 1797 1216 1856 From

165 1901 256 1962 tonis
277 1910 310 1961 et
333 1898 561 1960 lenitatem
584 1895 722 1960 Plinii
743 1897 962 1978 alphabetum
984 1896 1150 1957 discerem
1182 1906 1215 1956 et

164 1999 348 2062 stridentia
376 2000 640 2082 anhelantiaque
668 1999 770 2060 verba
801 1994 999 2060 meditarer.
1030 1995 1065 2074 (i.
1093 2019 1123 2058 e.
1157 1995 1218 2057 liu-

165 2124 257 2185 guam
282 2098 505 2178 Hebraicam).
825 2179 838 2210 ο

232 2255 395 2322 Martialis
420 2259 441 2326 l.
467 2260 519 2320 10.
543 2214 652 2339 epigr.
677 2258 727 2322 19.

469 2360 515 2416 Ad
535 2360 660 2416 Plinium
681 2359 856 2414 Secundum.

391 2454 450 2510 Nec
471 2455 586 2510 doctum
608 2453 678 2508 satis
698 2455 728 2509 et
746 2452 817 2508 satis
837 2467 980 2520 severum,

390 2549 440 2603 scd
461 2563 519 2603 non
540 2547 708 2603 rusticulum
726 2547 812 2600 nimis
833 2547 963 2602 libellum

391 2643 511 2710 facundo
531 2656 605 2704 mea,
627 2640 730 2703 Plinio,
753 2639 872 2707 Thalia,

391 2734 527 2805 lpcrler.

230 2827 320 2890 Nihil
351 2837 438 2888 extat
470 2825 649 2889 orationum
684 2823 781 2888 Plinii
814 2836 944 2906 praeter
974 2827 1215 2910 Panegyricum

168 2930 270 3004 illum,
292 2949 357 3012 quo
382 2927 522 2991 Traiano
547 2924 687 3008 principi
713 2927 826 2990 consul
849 2923 1031 3011 designatus
1052 2925 1083 2991 in
1107 2943 1216 2993 senatu

171 3031 290 3114 gratias
325 3029 404 3113 egit.
454 3033 524 3092 Nec
564 3030 674 3091 multas
710 3028 858 3092 habuisse
891 3027 1024 3094 virtutes
1054 3033 1217 3095 orationes

166 3131 233 3194 eius
263 3131 422 3200 existimo.
464 3135 535 3210 (uec
566 3130 659 3192 aliter
690 3127 843 3193 iudicavit
875 3135 917 3197 G.
946 3133 992 3195 H.
1026 3133 1218 3198 Sclraclerus

168 3237 207 3296 ad
220 3234 358 3298 Plinium
383 3253 414 3316 p.
433 3233 529 3313 XC.)
552 3225 710 3314 epistolae
731 3245 818 3296 certe
841 3245 871 3296 et
894 3245 1040 3316 poemata
1062 3259 1142 3320 quac
1165 3231 1222 3300 su·'

165 3350 296 3418 pereunt
325 3337 356 3398 in
384 3336 586 3420 Anthologia
617 3335 728 3410 latina,
757 3337 960 3423 vehementer
985 3351 1057 3400 suunt
1079 3337 1214 3423 frigida.

170 3439 367 3524 Quamquam
390 3439 460 3521 ipsc
485 3437 649 3503 orationes
672 3459 742 3500 suas
767 3439 874 3522 magui
898 3439 1094 3515 aestimabat,
1116 3455 1149 3503 ut
1175 3465 1216 3504 ex

169 3561 209 3602 eo
236 3553 381 3621 apparet,
406 3544 493 3625 quod
520 3540 553 3603 in
576 3539 735 3620 Epistolis
762 3541 791 3613 9,
814 3542 865 3613 26,
893 3543 920 3603 7.
946 3539 1084 3622 scripsit.
1114 3545 1217 3607 Visus
1267 3609 1275 3620 p

167 3661 203 3702 es
223 3642 306 3702 milri
327 3643 364 3702 in
386 3642 525 3722 scriptis
542 3641 624 3702 meis
638 3640 824 3701 adnotasse
838 3641 1008 3723 quaedam
1020 3653 1058 3704 ut
1067 3643 1213 3719 tumida,

166 3763 253 3825 quae
275 3764 341 3824 ego
363 3742 541 3816 sublimia,
565 3753 604 3804 ut
625 3741 793 3823 improba,
816 3762 903 3824 quac
936 3763 1002 3825 ego
1034 3746 1216 3819 audentia,-

166 3857 204 3905 ut
226 3843 344 3918 nimia,
367 3865 454 3928 quae
475 3864 542 3926 ego
561 3845 664 3926 plena
686 3843 894 3906 arbitrabar.
919 3845 941 3906 l.
968 3847 998 3918 l,
1023 3847 1052 3925 b,
1073 3847 1124 3909 tt.
1152 3849 1216 3912 Est

168 3947 252 4008 milri
287 3968 364 4007 cum
397 3947 559 4010 Cicerone
592 3946 797 4019 aemulatio,
836 3965 896 4008 nec
924 3969 1001 4010 sum
1037 3958 1216 4013 contentus

167 4049 362 4132 eloquentia
382 4046 489 4110 seculi
512 4050 635 4110 nostrl.

232 4168 317 4234 Pliu.
341 4169 448 4253 Epist.
473 4171 503 4243 5,
527 4169 559 4245 8,
584 4170 616 4232 b.
662 4171 733 4252 Egi
756 4191 901 4253 magnas
929 4183 962 4234 et
990 4192 1113 4254 graues
1136 4196 1217 4238 cau·

168 4293 239 4336 sas.
285 4275 360 4335 Has
389 4273 542 4354 (etiamsi
565 4273 648 4337 milri
671 4273 783 4335 tenuis
805 4296 852 4334 ear
881 4274 930 4335 eis
961 4277 1055 4356 spes)
1083 4273 1216 4343 destino
