2976 4844
281 405 341 467 102

279 573 406 628 senatus
425 583 464 624 aa
488 561 627 644 populus
649 583 805 626 romanus
830 561 875 624 uti
901 561 1024 625 solebat
1046 559 1078 624 in
1101 562 1232 644 populis
1255 566 1332 628 sub·

281 665 373 740 actis,
396 665 477 730 sieut
504 680 557 728 res
582 676 614 728 et
638 677 760 746 tempus
786 685 921 746 poscere
950 663 1131 727 ridebatur.
1170 667 1224 729 M.
1245 667 1330 734 Cato

279 769 475 834 liberandam
500 766 730 832 Macedoniam
753 767 893 842 censuit,
925 766 1042 842 idest,
1074 779 1107 829 ut
1132 769 1331 834 Macedones

279 873 313 936 in
335 885 472 957 quatuor
495 870 681 954 provincias
708 869 869 934 distributi
891 892 928 932 ac
953 867 1067 944 divisi,
1099 891 1165 934 non
1194 871 1331 954 amplius

279 975 353 1060 regi
378 974 514 1039 subiecti
535 987 661 1048 essent,
684 975 741 1037 eed
768 972 1008 1057 magistratibus
1030 993 1047 1034 a
1073 995 1106 1036 se
1130 974 1246 1038 creatis
1272 997 1331 1058 pa·

279 1091 409 1155 nerent,
444 1089 540 1163 atque
575 1077 730 1142 Romanis
763 1077 884 1140 tributa
918 1079 1108 1158 penderent.
1162 1077 1201 1140 Id
1231 1077 1332 1141 suasit

283 1181 378 1257 Cata,
404 1204 474 1244 cnm
499 1181 642 1256 sentiret,
666 1183 747 1243 hanc
772 1191 898 1264 gentem
923 1180 1015 1242 aliter
1037 1179 1110 1263 regi
1133 1201 1196 1244 non
1219 1202 1328 1262 posse,

280 1306 339 1347 nee
362 1284 426 1348 alio
453 1287 551 1358 modo
573 1284 696 1370 populo
719 1304 853 1346 romano
876 1281 1049 1346 subiectam
1071 1283 1157 1346 fore.
1189 1285 1238 1348 Ea
1257 1305 1330 1347 sen·

278 1387 377 1450 tentia
413 1386 535 1450 senatui
565 1387 702 1470 placuit,
731 1398 762 1450 et
794 1385 910 1449 Livius
942 1397 1041 1448 totam
1072 1385 1226 1448 rationem
1258 1408 1329 1450 om·

278 1511 397 1575 nesque
424 1489 640 1564 conditiones,
664 1487 779 1573 quibus
806 1489 1006 1552 Macedones
1029 1491 1235 1565 tenebantur,
1262 1499 1329 1552 tra·

279 1591 359 1654 didit
388 1591 448 1655 lib.
472 1593 525 1654 45.
556 1594 606 1667 17,
635 1591 684 1666 18,
711 1591 764 1667 29,
792 1589 846 1652 32.
891 1593 1018 1654 Walter
1048 1591 1245 1655 Geschichte
1272 1595 1329 1655 des

279 1693 462 1757 rdmisehen
486 1695 626 1758 Rechtes
648 1715 684 1774 p.
712 1693 787 1756 215.
832 1693 944 1756 Duker
966 1697 1006 1756 ad
1032 1693 1109 1757 Liv.
1138 1695 1191 1772 45,
1219 1695 1270 1771 29,
1295 1695 1327 1759 4.

279 1795 425 1860 Walchii
449 1795 698 1861 Emendationes
725 1818 759 1877 p.
786 1795 860 1858 269.
914 1796 1091 1859 Maiausius
1118 1820 1153 1879 p.
1180 1798 1219 1860 42
1246 1795 1328 1860 sari-

279 1900 351 1964 bit:
382 1897 491 1975 „Cato
517 1898 630 1962 habuit
654 1899 833 1962 orationem
863 1900 901 1962 de
928 1899 1124 1963 Macedonia
1150 1900 1327 1976 liberanda,

280 2015 311 2069 et
337 2003 476 2068 fortasse
500 1999 655 2084 inscripta
677 1998 740 2064 snit
764 2003 819 2066 De
844 2006 995 2065 tumultu
1016 2003 1266 2079 Macedoniae,
1294 2013 1328 2064 nt

280 2101 393 2193 colligi
418 2117 526 2189 potest
552 2127 593 2168 ex
620 2107 719 2168 Festo
746 2125 773 2166 s.
799 2127 832 2167 v.
859 2105 1074 2169 natinatio.“
1091 2137 1131 2151 ·-
1153 2109 1193 2171 ld
1217 2129 1327 2171 verum

279 2231 348 2274 esse
375 2231 474 2294 nega.

345 2311 458 2376 Aelius
482 2311 670 2394 Spartianus
693 2311 724 2374 in
746 2311 811 2374 vita
834 2309 991 2375 Hadriani
1011 2335 1041 2375 c.
1060 2314 1091 2376 5.
1123 2313 1328 2379 Hadrianus

279 2417 397 2479 omnia
424 2429 523 2478 trans
549 2417 765 2498 Euphratem
794 2427 826 2478 et
854 2415 994 2497 Tigrim
1021 2416 1179 2500 reliquit,
1209 2439 1327 2480 exem·

274 2521 357 2602 plo,
392 2527 430 2581 nt
466 2518 621 2593 dicebat,
660 2517 823 2595 Catonis,
858 2518 919 2603 qui
951 2519 1168 2584 Macedonas
1200 2519 1327 2585 liberos

272 2623 526 2705 pronuntiavit,
553 2621 636 2704 qnia
659 2620 770 2683 teneri
792 2643 862 2684 non
884 2632 1063 2704 poterant.

342 2723 528 2786 Priscianus
550 2723 593 2785 Τ.
618 2729 649 2786 1.
673 2745 708 2804 p.
732 2723 806 2786 108.
846 2727 933 2788 Cato
961 2727 1016 2788 De
1043 2725 1256 2788 Macedonia
1283 2727 1326 2789 li-

278 2827 450 2888 beranda:
477 2827 579 2908 idque
601 2827 806 2907 perpetuitas
830 2837 934 2909 atque
951 2827 1100 2903 firmius
1126 2830 1247 2910 repsit.

342 2931 418 2991 Huc
439 2927 554 2999 retulit¹
570 2929 695 3009 Popma
717 2927 930 3011 fragmentum
950 2928 1117 3006 incertum,
1139 2934 1226 3014 quod
1245 2933 1326 2994 Fes-

275 3044 327 3094 tus
349 3033 447 3095 habet
470 3030 503 3094 in
529 3031 714 3096 Natinatio
737 3053 772 3112 p.
794 3031 865 3106 166,
892 3034 948 3094 sed
972 3055 1049 3097 vere
1073 3032 1114 3098 C.
1136 3035 1180 3098 0.
1201 3035 1325 3098 M'dller

277 3133 365 3197 libro
389 3132 501 3216 quinto
524 3133 695 3217 Originum
723 3131 856 3197 Catonis
880 3134 1083 3200 inserendum
1106 3149 1208 3221 putat,
1235 3149 1269 3202 nt
1291 3137 1324 3200 iu

278 3235 442 3300 addendis
467 3257 597 3321 qnoque
618 3236 694 3299 edit.
719 3258 772 3318 pr.
799 3235 953 3300 diximus.

550 3489 598 3545 59.
634 3487 734 3546 Oratio
755 3505 808 3560 pro
833 3490 1057 3549 Rhodiensibus.

341 3641 421 3702 Eam
445 3638 625 3701 orationem
652 3636 736 3703 Cato
764 3638 832 3721 egit
856 3662 940 3703 anno
965 3641 1026 3702 587
1048 3639 1152 3714 (167).

341 3744 575 3826 Argumentum
600 3752 729 3804 enarrat
754 3741 878 3803 Gellius
904 3743 937 3812 7,
961 3740 993 3800 3.
1037 3737 1167 3801 Civitas
1192 3739 1322 3803 Rhodi·

275 3844 389 3919 ensis,
414 3865 493 3907 cnm
515 3845 629 3907 amica
650 3855 752 3928 atque
775 3842 871 3903 socia
888 3837 1011 3922 populi
1033 3843 1171 3903 romani
1185 3841 1320 3931 foret,

274 3952 383 4013 Persa
406 3957 538 4022 tamen,
567 3942 718 4025 Philippi
732 3941 839 4018 filio,
867 3939 1103 4005 Macedonum
1126 3967 1220 4030 rege,
1244 3968 1323 4009 anm

274 4072 342 4134 quo
373 4049 497 4112 bellum
525 4048 656 4129 populo
692 4061 840 4106 romano
861 4041 968 4134 fuit,
1001 4045 1115 4112 amieo
1147 4071 1218 4114 aaa
1248 4061 1319 4124 est,

273 4151 482 4235 nonnisique
518 4159 599 4212 eunt
630 4145 863 4224 Rhodienees,
910 4150 1142 4232 legationibus
1173 4153 1321 4218 Romam

273 4275 376 4335 saepe
407 4251 524 4316 missis
556 4250 594 4314 td
622 4249 747 4314 bellum
774 4249 865 4316 inter
896 4275 956 4319 eos
990 4276 1208 4339 componere.
1254 4256 1323 4322 sea

275 4355 333 4418 nbi
358 4355 428 4416 ista
447 4353 654 4436 pactfientio
674 4356 875 4438 perpetrari
897 4357 1058 4446 nequivit,
1086 4359 1189 4424 verba
1207 4379 1230 4422 a
1246 4360 1321 4440 ple·
