2992 4844
257 407 259 412 ·
273 370 335 432 280

260 565 307 592 Α·
335 523 520 590 Priscianus
533 536 562 588 t.
577 527 608 588 1.
631 545 665 606 p.
689 525 764 588 372.
799 527 837 590 0.
860 523 1067 590 Memmius:
1087 528 1202 608 Quam
1216 531 1320 593 stulte

271 628 434 706 conficta,
462 649 564 712 quam
590 641 709 710 aperte
732 638 814 690 sunt
834 627 1017 690 ementita!
1039 628 1235 718 ἐψευσμένα.

611 887 728 945 XLVII.
768 886 808 947 Μ.
831 886 976 945 Antonius.

335 1021 438 1082 Natus
465 1042 495 1082 a.
523 1021 581 1082 611
611 1021 699 1096 (143)
729 1019 779 1080 vel
809 1021 979 1080 secundnm
1007 1018 1133 1081 annales
1159 1015 1321 1082 Clintonis

273 1144 303 1184 a.
321 1123 382 1184 612
396 1124 496 1201 (tlt),
511 1120 648 1184 triennio
673 1120 773 1183 maior
799 1143 892 1205 quam
909 1118 1055 1196 Crassus,
1072 1121 1126 1206 qui
1144 1119 1185 1184 C.
1204 1121 1320 1185 Laelio

273 1237 303 1287 et
320 1224 485 1306 Caepione
503 1247 588 1288 coss.
606 1246 635 1286 a.
662 1225 723 1285 614
747 1224 836 1302 (140)
861 1234 1031 1286 natusest.
1058 1222 1131 1285 Cic.
1155 1225 1247 1285 Brut.
1266 1224 1319 1286 43.

277 1328 485 1407 Quaesturam
507 1326 538 1390 in
555 1326 631 1389 Asia
651 1324 817 1407 provincia
839 1324 936 1408 gessit
958 1347 988 1387 a.
1013 1325 1072 1386 641
1093 1326 1195 1403 (113).
1219 1327 1323 1388 Prae·

272 1440 324 1492 tor
340 1432 479 1492 urbanus
492 1451 522 1491 a.
540 1430 601 1492 650
614 1427 723 1514 (104),
743 1427 917 1508 proconsul
936 1425 1070 1491 Ciliciae
1093 1449 1122 1489 a.
1140 1429 1198 1489 651
1218 1428 1321 1506 (103).

275 1530 398 1594 Consul
426 1553 455 1594 a.
487 1531 548 1593 655
582 1533 662 1610 (99).
701 1530 828 1593 Censor
855 1550 885 1591 a.
914 1529 974 1592 667
1009 1531 1091 1608 (97).
1126 1530 1321 1592 Interiectus

272 1631 359 1693 iussu
378 1632 478 1695 Marii
498 1631 684 1717 Cinnaeque
707 1653 737 1694 a.
762 1631 821 1693 667
848 1631 928 1712 (87).
949 1630 1022 1698 Via.
1052 1631 1217 1694 Drumann
1239 1642 1264 1694 t.
1288 1633 1320 1694 1.

273 1754 310 1815 p.
334 1732 387 1797 60.

341 1852 460 1918 Cicero
481 1855 585 1916 Bruto
618 1854 672 1918 36.
723 1857 804 1936 Ego
844 1853 894 1916 sic
922 1853 1104 1928 existimo,
1130 1852 1322 1918 Antonium

276 1959 507 2038 Crassumque
526 1968 684 2018 oratores
694 1955 822 2046 fuisse
849 1955 1040 2030 maximos,
1063 1968 1096 2018 et
1122 1955 1158 2016 in
1178 1955 1232 2018 liis
1248 1954 1324 2037 pri·

277 2079 371 2119 mum
398 2079 475 2119 cum
498 2079 706 2140 graecorum
739 2058 855 2138 gloria
880 2057 987 2119 latine
1022 2058 1157 2120 dicendi
1187 2058 1324 2138 copiam

277 2173 478 2242 aeqrrotam.
501 2160 628 2224 Omnia
643 2160 821 2222 veniebant
836 2161 991 2223 Antonio
1005 2160 1041 2222 in
1057 2171 1202 2222 mentem
1216 2180 1324 2241 eaque

277 2282 340 2324 suo
360 2283 516 2351 ‘quaeque
539 2265 631 2335 loco,
660 2263 717 2325 ubi
739 2262 929 2343 plurimum
950 2262 1127 2343 projicere
1152 2273 1185 2324 et
1212 2264 1325 2323 calere

274 2376 439 2446 possent,
475 2364 510 2424 in
544 2364 696 2426 maxime
726 2365 932 2446 opportunis
966 2364 1136 2427 orationis
1162 2363 1324 2446 partibus

278 2466 545 2528 collocabantur.
588 2469 678 2530 Erat
704 2465 871 2529 memoria
892 2489 1038 2543 summa,
1064 2470 1159 2529 nulla
1180 2466 1326 2528 medita-

277 2568 383 2630 tionis
398 2567 564 2649 suspicio.
611 2571 725 2634 Verba
751 2569 829 2650 ipsa
854 2589 923 2630 non
950 2569 1011 2630 illa
1035 2569 1172 2652 quidem
1186 2571 1324 2650 elegan-

279 2670 414 2733 tissima
436 2690 612 2742 sermone,
638 2671 699 2732 sed
722 2670 757 2731 in
780 2670 890 2732 verbis
915 2682 947 2732 et
971 2670 1139 2753 eligendis
1165 2682 1198 2732 et
1221 2672 1325 2732 collo-

279 2771 400 2832 candis
427 2781 459 2832 et
486 2771 786 2852 comprehensione
813 2772 1042 2834 devinciendis
1072 2773 1158 2834 ninil
1181 2793 1249 2834 non
1278 2770 1327 2832 ad

280 2871 451 2934 rationem
483 2884 516 2935 et
545 2885 721 2957 tamquam
747 2873 794 2934 ad
829 2885 940 2936 artem
980 2874 1168 2956 dirigebat,
1206 2894 1328 2934 cerrum

279 2976 388 3036 multo
418 2974 531 3056 magis
561 2978 624 3037 hoc
650 2976 739 3038 idem
769 2975 806 3036 in
836 2976 1085 3039 sententiarum
1112 2974 1326 3038 ornamentis

281 3087 314 3137 et
341 3074 692 3165 conformationibus.
735 3077 804 3141 Sed
829 3099 905 3139 eum
932 3080 1015 3139 haec
1040 3097 1168 3159 magna
1195 3078 1232 3138 in
1253 3078 1327 3139 An-

279 3175 388 3251 tonio,
413 3188 486 3238 tum
509 3178 600 3240 actio
615 3179 817 3260 singularis,
847 3179 987 3263 quaesi
1009 3178 1195 3260 partienda
1214 3190 1265 3240 est
1290 3178 1326 3238 in

280 3288 417 3360 gestum
432 3290 533 3360 atque
548 3301 674 3353 vocem,
691 3293 811 3360 gestus
826 3292 902 3342 erat
922 3301 989 3342 non
1006 3281 1107 3343 cerba
1126 3280 1327 3361 exprimens

281 3379 343 3443 sed
361 3401 438 3441 cum
453 3381 631 3443 sententiis
650 3402 858 3463 congruens,
886 3403 1020 3456 manus,
1035 3381 1182 3453 hermeri,
1201 3383 1325 3455 latere,

280 3483 456 3563 supplosio
480 3483 599 3563 pedis,
630 3493 759 3556 status,
785 3483 972 3560 incessus,·
993 3485 1170 3566 omnisque
1193 3493 1327 3553 motusr

281 3605 351 3646 vox
371 3604 598 3664 permanens,
623 3605 741 3646 oerum
765 3586 935 3647 subrauca
958 3596 1096 3648 natura.
1120 3608 1151 3646 e.
1176 3584 1229 3646 44.
1253 3586 1327 3647 An·

281 3685 369 3748 tonii
390 3706 501 3767 genus
529 3685 664 3748 dicendi
686 3690 798 3750 multo
820 3688 937 3769 aptius
963 3688 1101 3750 iudiciis
1123 3707 1227 3770 quam
1249 3705 1330 3748 con·

279 3786 449 3849 cionilrus.

347 3905 469 3970 Cicero
502 3909 540 3968 de
574 3907 716 3970 Oratore
747 3906 783 3981 3,
811 3907 849 3983 9,
879 3906 932 3970 39.
987 3908 1183 3984 Videtisne,
1217 3929 1329 3991 genus
1391 3992 1393 3997 ,

282 4009 345 4072 hoc
368 4007 461 4091 quod
482 4007 529 4069 sit
554 4005 724 4071 Antonii?
752 4013 869 4081 Forte,
898 4011 1091 4085 vehemens,
1118 4021 1329 4072 commotum

283 4109 319 4171 in
345 4109 500 4192 agendo,
522 4109 780 4190 praemunitum
802 4121 835 4172 et
865 4099 912 4172 ex
943 4112 1036 4174 omni
1066 4124 1169 4193 parte
1201 4131 1329 4172 carcsae

282 4223 457 4293 saeptum,
484 4231 582 4286 acre,
609 4221 768 4288 acutum,
803 4214 1035 4289 enucleatum,
1063 4214 1099 4275 in
1124 4233 1330 4298 unaquaque

284 4334 321 4372 re
350 4331 586 4386 commorans,
632 4311 771 4376 honeste
803 4315 940 4388 cedens,
966 4315 1102 4378 acriter
1132 4315 1327 4399 insequens,
