2984 4842
268 375 329 437 448

268 553 371 607 cura,
396 541 513 612 utpote
536 527 605 591 iam
627 527 857 605 confirmatus
879 528 995 591 animo
1017 540 1050 590 et
1072 528 1107 590 in
1129 530 1313 594 securitate

267 632 483 718 conscripsit.
527 632 595 695 Sed
627 631 717 693 enirn
746 653 823 693 cum
853 631 944 693 ratio
973 629 1188 720 defensionis
1209 634 1313 697 huius

268 736 509 808 ordinaretur,
533 755 683 817 quonam
706 734 807 796 modo
828 745 861 794 et
883 734 1069 795 secundum
1090 756 1190 816 quem
1202 736 1313 816 potis·

268 840 395 903 simum
415 848 544 899 statam
565 836 627 918 agi
651 857 718 918 pro
747 835 880 899 Milone
906 847 1096 917 oporteret,
1121 840 1178 900 M.
1201 841 1312 900 Bru·

266 953 336 1003 tus
369 938 582 1002 existimauit
613 933 699 1002 nurci
732 932 924 1002 ἀντίστασιν
949 959 1027 1017 pro
1055 959 1103 1000 eo
1129 959 1227 1001 esse
1248 940 1312 1001 di·

268 1043 465 1115 cendum,
490 1061 577 1123 qaae
597 1060 621 1100 a
642 1038 740 1102 nobis
762 1039 963 1102 nominatur
983 1040 1134 1123 qualitas
1155 1062 1312 1122 compen-

268 1145 391 1207 sativa.
449 1146 524 1207 Hoc
562 1141 734 1205 enimuero
772 1142 929 1206 Ciceroni
959 1141 1071 1205 uisum
1104 1154 1156 1206 est
1185 1164 1312 1225 parum

268 1247 417 1311 salubre.

465 1412 493 1469 ³.
534 1409 633 1467 Oratio
653 1426 707 1482 pro
726 1409 822 1480 Appio
842 1409 962 1466 Claudio
981 1409 1114 1465 Pulchro.

333 1545 415 1606 Acta
430 1553 477 1605 cst
493 1561 630 1604 causaa
657 1543 718 1602 704
703 1539 820 1624 4(50).
845 1539 971 1643 Appius
990 1538 1143 1604 Claudms
1158 1541 1311 1617 Pulcher

268 1645 361 1709 Bruti
387 1666 500 1718 socer,
526 1653 695 1726 postquam
726 1662 742 1704 e
780 1641 949 1722 provincia
958 1623 1098 1706 Cilicia
1121 1645 1310 1720 decesserat,

200 1740 203 1746 ’
268 1744 437 1810 maiestatis
462 1743 640 1825 postulatus
671 1763 688 1804 a
715 1746 754 1806 P.
784 1741 889 1807 Corn.
914 1744 1095 1819 Dolabella,
1119 1745 1308 1816 absolvitur.

267 1851 350 1910 Eum
382 1847 590 1908 defenderunt
623 1847 664 1926 Q.
696 1843 891 1908 Hortensius
921 1845 1000 1922 (vid.
1031 1868 1126 1928 supra
1156 1870 1190 1929 p.
1221 1849 1311 1926 377.)

267 1961 298 2013 et
324 1950 376 2011 M.
401 1949 519 2010 Brutus
543 1968 654 2030 gener.

333 2049 453 2141 Cicero
471 2051 572 2112 Bruto
589 2051 641 2113 94.
682 2049 889 2113 Hortensius
904 2061 1028 2133 quarto
1043 2065 1076 2114 et
1091 2053 1312 2136 sexagesimo

267 2175 359 2218 anno
380 2152 565 2236 perpaucis
586 2164 666 2214 ante
689 2164 833 2215 mortem
855 2153 973 2216 diebus
995 2175 1065 2216 una
1086 2167 1196 2217 tecum
1218 2177 1312 2218 soce·

267 2279 346 2321 rum
376 2268 473 2318 tuum
502 2254 661 2345 defendit
690 2255 853 2338 Appium.
889 2253 990 2318 Cous.
1025 2254 1096 2326 Cic.
1131 2260 1168 2318 ad
1194 2257 1310 2321 Famil.

267 2361 307 2438 3,
333 2365 389 2434 11,
412 2359 444 2422 3.

490 2524 518 2581 d.
560 2525 699 2582 Laudatis
718 2525 807 2596 Appii
827 2525 939 2582 Claudii
960 2526 1084 2582 Pulchri.

331 2657 456 2737 Appius
471 2654 624 2719 Claudius
648 2656 798 2729 Pulcher,
825 2654 918 2717 Bruti
941 2676 1043 2730 socer,
1068 2656 1099 2717 in
1120 2657 1205 2720 bello
1222 2655 1312 2718 civili

266 2757 416 2838 Pompeii
446 2769 554 2838 partes
586 2771 726 2830 secutus,
753 2755 844 2817 Italia
871 2755 981 2817 relicta
1005 2755 1036 2818 in
1065 2757 1234 2820 Graeciam
1256 2761 1312 2821 de·

268 2858 362 2924 cessit
395 2883 425 2923 a.
467 2863 528 2922 705
558 2859 642 2936 (49),
678 2857 787 2940 ibique
823 2877 851 2918 a.
892 2858 952 2917 706
982 2859 1050 2936 (48)
1077 2870 1220 2920 rnortuus
1248 2871 1309 2922 est.

267 2963 319 3025 Μ.
345 2964 464 3025 Brutus
489 2960 698 3023 laudationem
726 2958 791 3020 eius
814 2957 977 3020 funebrem
1005 2958 1146 3040 scripsit.
1181 2960 1313 3024 Ellendt

266 3075 369 3126 autem
391 3086 424 3145 p.
455 3061 618 3126 CXXIX.
645 3060 774 3136 scribit,
802 3062 867 3139 Ap.
892 3059 1060 3124 Claudium
1085 3083 1230 3125 socerum
1255 3067 1311 3125 de·

267 3165 409 3227 functum
431 3163 625 3246 prorostris
645 3186 661 3226 a
688 3165 789 3225 Bruto
813 3164 983 3226 laudatum.
1019 3160 1057 3226 Id
1074 3165 1190 3226 sactum
1211 3186 1309 3246 nego,

267 3288 337 3328 cum
362 3265 488 3346 Appius
514 3287 578 3327 non
604 3267 726 3328 Romae
748 3267 918 3326 efferretur
944 3286 1062 3345 pompa
1084 3265 1230 3341 funebri,
1254 3269 1312 3326 sed

265 3370 298 3430 in
328 3365 430 3428 insula
459 3368 595 3428 Euboea
625 3366 705 3427 diem
733 3387 913 3446 supremum
945 3367 1077 3428 obiisset
1104 3367 1310 3448 sepultusque

266 3479 359 3533 esset.
385 3468 461 3530 Val.
490 3469 584 3530 Max.
614 3471 648 3540 1,
673 3469 705 3543 8,
734 3471 784 3530 10.
817 3465 953 3530 Orosius
979 3467 1007 3539 6,
1032 3469 1082 3528 15.
1108 3469 1257 3530 Lucanus
1279 3469 1309 3543 5,

268 3571 341 3634 196.
366 3571 439 3632 730.
468 3568 564 3635 Cous.
588 3570 751 3632 Drumann
775 3581 798 3630 t.
826 3570 857 3630 7.
885 3573 918 3648 ρ’.
952 3567 1022 3632 197.

330 3673 502 3736 Diomedes
533 3695 566 3754 p.
601 3672 674 3734 304.
708 3672 836 3734 Amicio
868 3670 994 3732 amicui.
1023 3683 1060 3733 ut
1082 3674 1213 3735 Brutus
1235 3675 1309 3734 lau-

210 3831 248 3852 „
268 3775 406 3840 datione
423 3774 529 3858 Appii
544 3775 699 3840 Claudii:
723 3776 792 3857 Qui
807 3786 838 3836 te
859 3767 944 3856 toga
955 3787 1141 3857 praeterita
1155 3775 1308 3838 emicuit.

538 3953 566 4008 5.
608 3951 707 4008 Oratio
726 3967 778 4024 pro
798 3967 865 4022 rega
885 3951 1029 4008 Deiotaro.

330 4087 379 4148 Ea
394 4083 501 4147 habita
517 4095 564 4147 est
581 4104 610 4146 a.
638 4087 695 4146 707
719 4086 788 4164 (47)
815 4083 952 4146 Nicaeae
976 4082 1008 4143 in
1024 4081 1187 4161 Bithynia.
1208 4079 1309 4144 Deio-

264 4197 352 4246 tarus
382 4208 441 4248 rex
470 4188 677 4262 Galatarum,
713 4186 746 4248 in
781 4186 866 4251 bello
903 4185 991 4248 civili
1022 4183 1170 4265 Poinpeii
1202 4195 1309 4264 partes

266 4295 390 4348 secutus
406 4299 462 4362 est,
480 4311 612 4374 eumque
629 4289 781 4374 inpugna
798 4287 982 4353 Pharsalica
998 4287 1130 4350 adiuvit.
1158 4285 1310 4366 Quamvis
