2970 4836
1164 371 1203 434 55

152 550 240 602 esim,
266 525 376 590 Publii
401 524 554 602 fratrem,
584 526 748 608 peculatus
772 525 952 602 accusavit,
979 548 1111 612 eamque
1138 527 1205 614 egit

150 613 278 694 eaus'am
302 651 383 694 anuo
405 631 467 694 569
490 627 597 711 (185),
630 641 664 692 ut
689 651 765 694 vere
793 629 914 694 monuit
940 632 1203 696 Wcsterusanuus

152 733 351 795 Geschichte
377 736 433 794 der
458 731 642 793 romischen
670 733 911 796 Beredsamkeit
932 756 967 813 p.
994 735 1047 796 56.
1092 735 1204 817 Argu·

152 847 292 898 mentum
315 846 424 898 narrat
448 834 563 897 Livius
583 835 634 909 38,
654 837 707 898 54.
744 839 865 898 Morte
884 834 1052 924 Africani
1070 859 1205 900 crecere

151 939 374 1000 inimicorum
399 937 527 1012 animi,
563 959 711 1021 quorum
740 939 903 1020 princeps
925 937 1011 1029 fuit
1039 943 1094 1004 M.
1119 942 1205 1003 Por·

152 1043 228 1105 cius
253 1044 351 1116 Cato,
380 1041 441 1124 qui
462 1041 537 1104 civo
561 1063 695 1123 quoque
718 1063 759 1103 eo
782 1044 949 1103 allatrare
974 1042 1048 1104 eius
1072 1041 1206 1123 magni·

153 1143 311 1206 tudinem
334 1144 458 1205 solitus
480 1155 569 1204 erat.
614 1147 689 1206 Hoc
710 1156 853 1209 auctore
873 1145 1124 1208 existimantur
1144 1146 1206 1207 Pe·

153 1246 235 1310 tillii
254 1259 288 1308 et
308 1247 384 1310 uico
407 1243 587 1335 Africano
608 1267 682 1308 rem
705 1246 857 1328 ingressi
882 1259 916 1309 et
938 1259 1076 1309 mortuo
1099 1267 1205 1328 roga-

154 1350 286 1414 tionem
303 1352 558 1431 promulgasse.
602 1348 679 1414 tutu
699 1360 817 1410 autem
839 1349 979 1431 rogatio
1002 1349 1102 1410 talis:
1127 1349 1207 1410 celi·

154 1453 200 1516 tis
233 1453 399 1524 iubentis,
430 1452 604 1534 Quirites,
636 1472 725 1534 quae
747 1451 897 1532 pecunia
919 1463 1041 1532 capta,
1069 1451 1204 1525 ablata,

155 1567 278 1620 coacta
297 1555 340 1618 ab
362 1575 445 1636 rege
469 1555 645 1618 Antiocho
666 1565 717 1620 est
737 1553 863 1636 quique
882 1553 1038 1616 sabelus
1059 1553 1207 1634 imperio

144 1656 330 1747 fuerunt,
363 1657 456 1740 quod
483 1657 558 1720 eius
586 1657 622 1718 in
650 1656 826 1737 publicum
857 1659 1007 1718 relatum
1035 1673 1104 1718 non
1133 1666 1205 1731 est,

159 1759 213 1826 uti
237 1761 278 1822 cle
299 1781 342 1822 ea
361 1781 398 1822 re
419 1763 495 1822 Ser.
517 1759 691 1839 Sulpicius
711 1770 855 1836 praetor
875 1759 1029 1821 urbanus
1045 1758 1093 1820 ad
1107 1779 1208 1820 sena.

160 1875 238 1928 tum
264 1862 422 1952 referat,
450 1883 550 1944 quem
575 1881 651 1923 eam
677 1883 750 1922 rem
772 1861 851 1924 uelit
874 1874 1017 1925 senatus
1042 1881 1208 1945 quaerere

158 1965 200 2028 de
236 1965 280 2028 iis
317 1965 377 2047 qui
409 1975 591 2046 praetores
624 1983 713 2026 nunc
745 1976 841 2028 sunt.
864 1997 906 2010 -·-
925 1999 966 2012 -·
1002 1967 1044 2028 L.
1071 1963 1206 2044 Scipio,

158 2089 260 2152 quem
283 2066 397 2149 magis
418 2087 486 2148 pro
510 2087 547 2128 se
573 2085 678 2149 quam
703 2067 869 2128 aduersus
896 2069 1007 2149 legem
1032 2065 1208 2128 dicturum

158 2171 362 2252 apparebat,
386 2165 567 2232 dissuasor
586 2168 771 2249 processit.
787 2203 825 2216 -
838 2201 878 2214 -
902 2171 958 2232 M.
979 2170 1090 2232 Cato
1112 2187 1207 2230 sua·

159 2273 217 2336 sit
240 2271 536 2354 rogationem:
561 2281 685 2334 catat
708 2271 857 2333 oratio
885 2271 982 2335 eius
1011 2270 1063 2332 de
1086 2290 1208 2351 pecu·

159 2375 232 2438 nia
256 2374 376 2457 regis
399 2372 626 2447 Antiochi,
658 2385 690 2435 et
721 2373 914 2438 Mummios
940 2371 1099 2436 tribunos
1123 2393 1207 2434 auc·

159 2477 301 2542 toritate
326 2475 514 2548 deterruit,
543 2497 585 2538 ne
606 2475 878 2538 adversarentur
904 2473 1096 2557 rogationi.
1141 2477 1208 2550 Re·

160 2579 374 2642 mittentibus
400 2599 487 2660 ergo
512 2577 567 2640 his
596 2577 896 2652 intercessionem,
928 2597 1046 2640 omnes
1072 2575 1207 2649 tribus,

160 2683 213 2746 uti
237 2693 433 2764 rogassent,
460 2680 637 2744 iusserunt
641 2721 789 2742 .....
813 2683 906 2744 Reus
929 2680 1103 2760 extemplo
1117 2674 1209 2767 fac·

161 2797 218 2851 tus
240 2789 282 2848 Ι..
304 2784 451 2866 Scipio.
479 2827 488 2846 .
515 2827 524 2846 .
548 2781 664 2864 Scipio
692 2793 726 2844 et
750 2785 794 2846 A.
820 2781 991 2845 Hostilius
1013 2783 1150 2862 legatus
1176 2791 1210 2844 et

160 2890 203 2952 0.
225 2886 352 2950 turias
378 2886 556 2948 danenati:
595 2889 674 2966 Quo
699 2885 913 2948 commodior
934 2903 1013 2966 pasc
1039 2882 1211 2948 Antiocho

161 2990 318 3062 daretur,
347 2988 542 3070 Scipionem
563 3009 629 3052 sex
652 2988 762 3051 millia
781 2986 899 3069 pondo
921 2987 1014 3062 auri,
1044 2985 1210 3069 quadrin-

161 3104 268 3176 genta
293 3091 473 3174 octoginta
496 3091 636 3173 argenti
667 3093 749 3174 plus
774 3089 951 3171 accepisse
970 3109 1075 3172 quam
1098 3088 1134 3150 in
1155 3108 1213 3152 ae·

161 3195 298 3258 rarium
323 3193 495 3258 retulerit.

226 3295 378 3360 Valerius
402 3294 565 3358 Maximus
584 3295 688 3360 VIII.
715 3298 747 3358 1.
781 3294 961 3360 Damnati.
989 3294 1119 3357 Lucius
1138 3292 1212 3356 Sci·

160 3399 221 3482 pio
245 3411 327 3481 post
352 3398 645 3479 speciosissimum
671 3399 885 3478 triumphum
912 3397 954 3458 ele
981 3418 1063 3479 rege
1087 3396 1212 3461 Antio·

163 3503 414 3574 chaductum,
435 3501 581 3584 perinde
605 3523 646 3564 ac
668 3501 854 3582 pecuniam
879 3501 923 3562 ab
948 3521 989 3562 eo
1010 3498 1211 3580 accepisset,

165 3604 350 3669 damnatus
380 3616 445 3669 cst.
490 3602 592 3668 Cani.
625 3602 748 3666 Gellius
771 3603 809 3678 l,
837 3604 889 3666 18.
936 3602 1024 3664 Plut.
1050 3600 1133 3664 Cato
1159 3601 1211 3664 15.

229 3707 268 3770 ln
298 3704 437 3772 editione
462 3705 574 3787 priore
600 3707 681 3771 hauc
711 3703 892 3770 orationem
923 3724 1005 3768 anuo
1034 3705 1094 3766 557
1123 3702 1214 3782 (187)

165 3808 340 3890 assignavi.
386 3807 563 3878 Maiensius
586 3817 716 3894 quoque
739 3830 774 3889 p.
797 3809 837 3870 at
863 3818 894 3870 et
916 3807 1088 3872 Fischerus
1107 3803 1213 3884 (Zeit-

165 3909 277 3988 tafcln)
299 3910 376 3974 huie
402 3933 485 3976 anno
512 3909 644 3986 tribuit,
673 3931 738 3974 nou
766 3931 849 3973 anuo
875 3910 936 3974 559
962 3908 1065 3985 (185).
1111 3907 1215 3968 Utra-

167 4034 229 4097 que
253 4024 356 4076 aulem
380 4013 465 4076 ratio
490 4013 681 4076 auctoritate
705 4011 862 4074 annalium
889 4009 1021 4072 nititur:
1052 4006 1104 4069 alii
1131 4004 1213 4067 enim

166 4116 297 4189 dicunt,
329 4117 371 4180 Ρ.
397 4115 581 4198 Scipionem
613 4115 766 4181 uicissem
794 4123 954 4174 snartuum
985 4129 1054 4171 esse
1088 4129 1118 4170 a.
1153 4107 1214 4168 557

167 4217 270 4297 (187),
296 4217 350 4282 alii
376 4239 458 4282 anuo
485 4219 546 4282 559
564 4219 677 4296 (185),
703 4237 786 4300 quos
811 4233 881 4276 cum
906 4229 1079 4294 sequerer,
1102 4209 1218 4274 oratio
