2970 4836
267 397 307 461 tt

270 579 349 622 enm
371 545 606 616 contradicere
632 534 725 598 velle.
753 570 761 589 .
788 569 797 587 .
824 565 831 584 ·
879 518 1094 598 Triumphus
1118 515 1174 578 M.
1199 511 1317 574 Fulvio

271 673 322 726 est
348 659 517 720 decretus.
571 627 813 716 Triumphavit
838 637 917 686 ante
941 622 1032 683 diem
1056 617 1227 682 decimum
1254 617 1319 678 ca.

271 763 390 827 lendas
413 747 606 819 lanuarias
626 741 667 802 de
690 730 824 802 Aetolis
846 727 937 790 etde
956 719 1176 803 Cephallenia
1200 761 1207 778 .
1235 759 1243 778 .
1271 759 1280 778 .
1307 759 1316 777 .

273 867 409 932 Multos
430 879 471 919 eo
495 853 561 920 die,
586 845 793 928 priusquam
819 834 862 908 in*
881 829 1002 892 urbem
1027 825 1256 891 inveheretur,
1282 817 1319 879 in

274 971 367 1031 circo
390 954 560 1026 Flaminio
585 947 761 1014 tribunos,
782 930 1004 1022 praefectos,
1030 925 1176 1008 equites,
1206 933 1321 982 centn-

278 1071 405 1138 riones‚
430 1067 605 1126 Romanos
625 1045 804 1124 sociosque
820 1035 921 1100 donis
936 1029 1144 1092 militaribus
1165 1022 1318 1087 donavit.

277 1169 451 1240 Militibus
472 1183 519 1224 ecc
540 1151 675 1238 praeda
696 1146 831 1208 vicenos
853 1136 976 1222 quinos
1000 1130 1162 1193 denarios
1190 1127 1318 1199 divisit,

275 1275 406 1357 duplex
430 1256 643 1328 centurioni,
676 1249 806 1329 triplex
831 1237 949 1322 equiti.
1002 1237 1062 1298 Est
1090 1252 1170 1294 vero
1196 1226 1320 1301 simile,

275 1400 340 1442 non
367 1373 469 1436 solnm
496 1366 548 1428 M.
575 1351 748 1423 Aemilium
782 1341 942 1425 Lepidum
972 1336 1132 1402 consulem
1165 1343 1197 1394 ct
1229 1331 1322 1392 Abu-

274 1481 356 1544 rium
380 1475 561 1538 tribunum,
593 1463 648 1522 sed
676 1455 831 1519 Catonem
859 1464 988 1530 quoque
1010 1437 1206 1517 triumphum
1228 1437 1324 1494 denc-

276 1603 353 1668 gare
378 1573 552 1656 cupivisse.
598 1559 714 1623 Livius
737 1555 760 1616 l.
788 1551 839 1622 38,
864 1549 919 1610 43.

342 1681 467 1742 Weber
486 1696 521 1754 p.
537 1669 590 1731 25.
615 1667 698 1725 hanc
723 1653 902 1720 orationem
928 1669 958 1708 a.
982 1646 1042 1710 555
1066 1643 1156 1722 (189)
1183 1661 1200 1702 a
1223 1639 1324 1726 Cato.

278 1809 317 1850 ne
358 1781 473 1844 dictam
506 1778 618 1854 putat,
655 1761 741 1824 nisus
775 1753 864 1818 Festi
896 1752 1034 1835 quodam
1072 1746 1146 1808 loco
1182 1765 1216 1824 p.
1250 1743 1323 1803 182.

279 1893 447 1954 Oratores
471 1897 533 1960 pro
557 1866 690 1952 legatis,
721 1859 776 1922 ubi
807 1855 960 1939 legimns:
991 1854 1076 1915 Cato
1095 1851 1130 1911 in
1157 1868 1199 1908 ea
1222 1865 1325 1929 qnam

279 1987 418 2072 scripsit
456 1982 495 2044 de
536 1975 609 2038 suis
642 1963 826 2030 virtutibus
860 1969 982 2020 contra
1010 1955 1218 2016 Thermum:
1268 1949 1324 2009 M.

280 2093 396 2158 Fulvio
429 2079 562 2147 consuli
586 2079 722 2155 legatus
750 2085 827 2128 sum
856 2063 890 2122 in
915 2057 1108 2128 Aetoliam,
1139 2062 1327 2134 propterea

282 2195 375 2282 qnod
409 2212 455 2251 ex
474 2171 625 2248 ¹Aetolia
656 2172 849 2252 complures
881 2171 1064 2228 venerant‚·
1096 2157 1237 2219 Aetolos
1264 2173 1327 2232 pa-

282 2317 355 2361 cem
387 2293 487 2360 nellc‚·
531 2286 572 2346 de
605 2300 646 2342 ea
681 2298 718 2337 re
751 2282 910 2334 oratores
945 2267 1092 2328 Romam
1129 2253 1326 2345 profectos.

285 2398 414 2475 „Cuius
448 2390 533 2462 rci‚“
560 2383 603 2446 ait
629 2380 810 2448 Weberns,
848 2417 861 2440 „
873 2368 900 2432 si
932 2364 1111 2446 scriptores
1140 2359 1223 2422 illius
1253 2353 1330 2416 belli

285 2497 501 2578 „mentionem
530 2509 593 2551 non
619 2480 751 2549 iaciunt,
777 2475 895 2536 factum
920 2481 977 2542 cst,
1002 2469 1091 2550 qnod
1112 2458 1247 2526 Catonis
1271 2457 1329 2520 illo

286 2619 457 2683 „tempore
491 2604 597 2675 partes
634 2605 697 2647 non
738 2582 817 2640 adeo
856 2593 987 2656 magnae
1031 2568 1181 2630 videntur
1217 2560 1328 2623 fuisse.

277 2707 461 2782 „„Ccterum
483 2719 518 2759 ea
543 2688 715 2756 occasione
740 2682 877 2743 sortasse
899 2697 972 2736 usus
994 2683 1053 2746 est,
1075 2680 1108 2730 ut
1126 2665 1273 2730 Fulvium
1293 2665 1331 2724 de

288 2807 359 2883 „rei
384 2802 540 2888 gerendae
563 2791 687 2855 ratione
715 2789 754 2847 ad
777 2789 916 2844 senatum
945 2775 1116 2837 incusaret.
1130 2777 1189 2825 “q

351 2908 435 2971 Cato
470 2899 519 2962 bis
548 2905 659 2958 contra
690 2890 743 2951 M.
772 2881 919 2948 Fulvium
951 2875 1054 2936 dixit:
1095 2871 1193 2932 altera
1225 2866 1331 2930 oratio

288 3034 341 3084 ea,
368 3013 405 3070 de
429 3025 489 3089 qna
518 3021 599 3062 nunc
626 2992 774 3060 dicimus,
804 2985 919 3053 altera,
945 2977 978 3039 in
1004 2997 1065 3058 qua
1090 2969 1196 3035 Fulvii
1219 2990 1333 3032 censu·

286 3135 354 3178 ram
379 3129 460 3172 anno
481 3105 542 3168 575
566 3099 655 3180 (179)
679 3086 885 3176 perstrinxit,
917 3095 950 3144 ut
975 3102 1016 3142 ex
1043 3069 1140 3140 Festo
1166 3095 1193 3136 s.
1221 3095 1253 3134 v.
1279 3094 1332 3132 re-

287 3215 431 3280 tricibus
456 3218 563 3288 aperte
587 3196 772 3279 colligitnr;
796 3211 833 3250 ac
860 3183 1082 3265 distinguenda
1105 3188 1176 3240 sunt
1200 3178 1332 3237 duarum

289 3317 449 3381 actionum
475 3311 665 3392 fragmenta,
695 3313 775 3381 quac
800 3313 816 3353 a
844 3292 969 3370 Popma
996 3295 1027 3348 ct
1052 3281 1159 3345 Lione
1184 3278 1217 3341 in
1241 3295 1333 3338 unam

290 3419 467 3485 orationem
498 3408 631 3474 confusa
650 3409 744 3481 sunt.
800 3396 881 3456 Item
913 3412 1005 3454 unam
1039 3397 1158 3448 tantum
1187 3375 1335 3462 agnoscit

291 3527 332 3586 F.
370 3519 478 3582 Ritter
514 3513 546 3576 in
592 3497 782 3572 zeitschrift
816 3497 871 3560 fiir
909 3483 1202 3557 Alterthnmswiss.
1241 3479 1335 3540 1840.

291 3624 373 3689 Hett
393 3625 424 3683 lt.
446 3643 479 3701 p.
501 3617 575 3680 381.

356 3723 480 3789 Gellius
502 3723 531 3794 5,
556 3719 588 3778 5.
620 3715 676 3776 Μ.
698 3713 784 3774 Cato
807 3699 930 3767 obiecit
952 3699 1008 3759 M.
1032 3685 1184 3755 Fulvio
1207 3686 1247 3749 N
1252 3683 1337 3746 obi-

186 3917 187 3922 *
292 3829 417 3901 liori,
448 3822 541 3909 quod
566 3817 690 3880 milites
715 3831 779 3890 per
801 3799 1023 3868 ambitionem
1044 3787 1184 3852 coronis
1209 3784 1339 3850 levissi-

294 3934 360 3997 mis
384 3931 425 3992 de
447 3923 562 3988 causis
584 3919 759 3979 donasset.
805 3909 858 3968 De
884 3920 954 3983 qna
984 3919 1021 3958 re
1047 3893 1150 3955 verba
1173 3891 1252 3974 ipsa
1275 3910 1337 3970 ap.

290 4033 397 4120 posui
412 4030 572 4096 Catonis:
596 4022 684 4083 lam
705 4004 923 4091 principio
948 3999 1041 4084 quis
1067 3984 1191 4069 cidit,
1218 4011 1338 4056 coro·

296 4161 348 4201 na
372 4128 528 4197 donari
553 4133 812 4206 quemqnam,
833 4128 924 4172 cum
946 4101 1150 4185 oppidum
1167 4105 1339 4174 captum

297 4259 378 4304 non
410 4235 618 4296 essetant
647 4225 796 4281 castra
823 4210 1011 4276 hostiam
1044 4223 1129 4266 non
1162 4201 1340 4262 incensa

295 4335 466 4405 essent?
488 4327 626 4394 Fulvius
646 4331 775 4393 autem,
802 4319 837 4382 in
861 4334 961 4402 quem
985 4313 1049 4374 hoo
1071 4328 1095 4369 a
1116 4308 1246 4370 Catone
1269 4298 1339 4360 dic-
