2970 4836
250 487 370 546 magistri
382 485 501 546 equitum]
520 500 543 532 a.
561 482 609 532 505
624 483 706 540 (249).

250 571 478 652 quindecimviri«.
490 592 528 651 d]
548 595 688 651 nescioquo
702 607 773 644 auno.

250 701 277 744 in
290 697 426 758 triumpho]
445 715 514 758 quern
528 703 557 746 de
568 702 659 746 Poenis
672 715 694 744 a.
709 695 757 746 5⁰4
769 698 841 756 (250)
854 707 937 762 gessit.
957 739 961 746 .

538 870 566 926 2.
589 869 688 926 Oratio
702 870 738 924 de
752 869 938 940 Carthagine.

281 999 419 1062 Videtur
439 1001 583 1064 extitisse
609 1003 651 1082 Q.
674 1001 799 1064 Metelli
824 1002 948 1076 oratio,
969 1023 1063 1085 quam
1086 1001 1125 1066 de
1147 995 1264 1060 Poenis

217 1100 249 1164 in
266 1113 374 1164 senatu
390 1103 501 1165 habuit
517 1124 599 1166 anno
617 1105 677 1165 553
694 1105 794 1182 (201),
816 1125 887 1165 cum
904 1105 942 1166 de
956 1100 1194 1166 conditionibus
1209 1121 1265 1180 pa·

219 1204 266 1266 cis
287 1204 531 1266 deliberaretur.

285 1305 438 1368 Valerius
451 1305 544 1366 Max.
557 1307 587 1378 7,
599 1305 628 1378 2,
643 1306 675 1366 3.
695 1305 816 1386 Quinti
828 1305 960 1368 Metelli
975 1327 1052 1366 cum
1064 1305 1182 1385 grauis
1194 1316 1266 1366 tuna

223 1407 328 1468 etiam
342 1409 414 1468 alta
431 1406 466 1466 in
483 1417 608 1470 senatu
625 1407 805 1482 sententia,
826 1407 886 1490 qui
902 1407 1034 1468 devie-ta
1044 1405 1265 1487 Carthagine,

223 1511 423 1582 nescire-se,
442 1508 503 1570 itta
520 1508 664 1572 victoria
683 1510 763 1572 boni
783 1531 824 1572 ne
839 1512 919 1591 plus
940 1529 984 1569 an
1005 1508 1088 1570 moli
1107 1506 1267 1589 reipubli·

221 1633 282 1674 eae
298 1611 480 1686 attulisset,
503 1612 721 1686 asseveravit,
739 1612 916 1696 quoniam,
938 1622 977 1674 ut
992 1631 1112 1692 pacem
1128 1608 1268 1674 restitu-

220 1715 308 1777 endo
320 1712 542 1804 profuisset,
564 1715 615 1776 ita
636 1715 864 1778 Hannibalem
885 1713 1130 1778 summouendo
1145 1713 1268 1776 nonai·

219 1817 270 1880 nit
285 1818 469 1881 nocuisset.
504 1818 593 1882 Eius
609 1817 700 1880 enim
719 1819 872 1881 transitu
890 1818 926 1880 in
941 1817 1081 1883 Italiam
1095 1815 1268 1880 dormien-

220 1933 288 1984 tem
303 1921 372 1983 iam
385 1921 508 2003 populi
523 1921 661 1984 romani
686 1920 848 1984 uirtutem
863 1920 1072 1992 excitatam,
1097 1917 1268 2002 metuique

221 2024 353 2099 debere,
371 2044 412 2086 ne
431 2024 506 2087 acri
521 2027 658 2087 aemulo
673 2024 819 2088 liberata
830 2024 866 2087 in
878 2024 1025 2086 eundem
1038 2043 1198 2086 somnum
1214 2043 1268 2086 re·

220 2129 424 2192 volveretur.

572 2289 623 2346 Vl.
652 2287 692 2347 M.
707 2289 822 2346 Porcius
838 2289 913 2346 Cato.

285 2439 330 2502 Ut
347 2436 489 2500 editores
510 2435 691 2500 orationum
711 2437 882 2500 Ciceronis
901 2436 1162 2512 benefecerunt,
1184 2439 1271 2520 quod

222 2541 308 2602 iusto
327 2561 481 2602 annorum
502 2539 634 2612 ordine,
652 2559 717 2620 quo
734 2537 876 2620 singulae
896 2549 968 2598 sunt
983 2536 1130 2611 habitae,
1151 2557 1202 2598 eae
1219 2559 1270 2600 re·

225 2653 405 2718 censerent,
423 2641 470 2702 sic
486 2661 547 2721 ego
564 2639 595 2702 in
613 2638 725 2721 primis
741 2642 914 2702 curandum
935 2661 1003 2702 esee
1019 2637 1221 2714 existimavi,
1237 2650 1272 2700 ut

224 2743 359 2810 Catonis
374 2765 506 2828 quoque
523 2743 702 2817 orationes,
724 2763 857 2828 quarum
873 2763 936 2805 non
952 2742 1056 2806 minor
1071 2743 1200 2804 extabat
1214 2763 1272 2804 nu·

223 2868 340 2921 merus,
356 2867 508 2908 annorum
525 2844 557 2908 in
575 2846 717 2910 ordinem
733 2845 925 2930 redigerem,
943 2857 974 2908 et
987 2865 1107 2920 ornnes,
1120 2856 1271 2928 quantum

222 2948 296 3012 fieri
309 2945 449 3031 poterat,
468 2951 638 3012 secundum
657 2961 835 3030 temporum
853 2948 1009 3012 rationem
1022 2947 1270 3011 illustrarentur.

224 3053 263 3115 ld
282 3062 384 3114 autem
404 3049 465 3112 iam
487 3063 557 3113 ante
578 3073 628 3113 me
648 3050 679 3112 in
702 3051 847 3132 pluribus
871 3050 1034 3114 Ausonius
1053 3051 1176 3133 Popma
1198 3050 1271 3114 etfl-

225 3175 299 3217 cere
314 3153 444 3228 studuit,
464 3151 549 3216 Lion
569 3175 648 3216 vero
668 3153 700 3216 in
720 3154 816 3216 nulla.
841 3155 933 3218 Haec
948 3165 1051 3219 autem
1067 3153 1152 3217 ratio
1169 3157 1208 3216 ad
1222 3153 1271 3218 in·

224 3256 376 3320 teriorem
393 3254 528 3320 Catonis
540 3255 690 3321 Censorii
706 3254 925 3339 cognitionem
941 3258 1071 3320 multum
1090 3258 1180 3325 valet.
1204 3259 1271 3321 Ex·

223 3357 354 3422 titerunt
376 3357 443 3422 eius
465 3357 630 3422 orationes
650 3358 784 3439 amplius
807 3371 932 3422 centum
954 3361 1175 3444 quadraginta,
1194 3381 1272 3444 quas

223 3461 341 3545 legisse
361 3459 393 3523 in
413 3462 517 3524 Bruto
540 3459 652 3523 scribit
674 3461 796 3525 Cicero
817 3485 845 3524 c.
865 3463 915 3537 17,
936 3461 980 3524 ita
1001 3477 1037 3525 ut
1057 3483 1190 3526 nurnero
1216 3461 1272 3526 Ci-

225 3583 388 3637 eeronem,
410 3562 499 3626 euius
517 3575 642 3626 eentum
661 3563 731 3627 lere
749 3563 930 3628 orationum
947 3567 1098 3628 habemus
1117 3564 1271 3639 notitiam,

226 3687 289 3730 non
305 3669 407 3730 solum
425 3677 575 3751 aequaret
591 3669 645 3730 sed
662 3668 807 3737 anteiret.
837 3668 888 3730 Ac
905 3666 1040 3750 vestigia
1056 3667 1152 3731 trium
1169 3678 1198 3729 et
1215 3687 1272 3728 no-

226 3769 354 3852 naginta
372 3768 553 3832 orationum
576 3769 711 3833 Catonis
728 3770 870 3834 invenire
891 3768 970 3832 mibi
987 3768 1122 3852 contigit
1134 3771 1273 3850 (Popma

227 3881 257 3933 et
276 3871 362 3935 Lion
384 3873 557 3935 LXXVII
573 3876 826 3947 enumerabant).
861 3872 1023 3936 Miramur
1045 3893 1120 3936 sane
1142 3870 1273 3932 immen-

226 3993 290 4036 sam
311 3975 471 4036 actionum
492 3975 559 4036 eius
580 3974 707 4056 copiam
730 3987 824 4058 atque
849 3995 967 4054 operae
990 3973 1126 4054 pretium
1151 3983 1215 4046 est,
1241 3973 1272 4034 iu

226 4095 337 4137 causas
359 4074 426 4135 eins
448 4075 496 4138 rei
518 4075 711 4161 inquirendi.
744 4079 818 4138 Huc
841 4076 980 4156 pertinet
1001 4075 1034 4136 id
1055 4071 1272 4155 potissimum,

227 4181 316 4260 quod
338 4179 375 4239 de
400 4175 525 4240 Catone
547 4179 661 4242 Livius
686 4176 856 4238 memoriae
879 4175 1010 4240 tradidit
1035 4174 1112 4254 (lib.
1129 4175 1188 4251 39,
1202 4177 1271 4254 40).

226 4282 345 4344 Inbue
361 4279 449 4354 uiro,
468 4276 583 4360 inquit,
604 4292 704 4342 tanta
720 4279 770 4339 vis
781 4269 889 4340 animi
903 4279 1101 4362 ingeniique
1105 4277 1204 4368 fuit,
1221 4289 1270 4352 ut,
