2966 4842
1146 367 1205 434 lli

159 530 353 597 ibericae
374 523 545 602 herbae,
568 541 607 584 ee
626 524 704 585 ecla
723 521 954 605 nequidquam
979 522 1201 605 intelligente,

155 632 299 705 dicebat,
324 627 392 692 aiei
412 620 564 692 irridens
585 625 673 689 ecce
694 622 879 686 6661161666
900 622 1041 690 cesena
1055 626 1202 690 Senecae

156 744 361 814 epartam
381 747 460 790 eam
483 724 595 788 dicere
617 725 699 788 celle
720 723 921 788 indicasset.

218 832 300 896 ibid.
322 830 353 903 8,
376 829 409 902 3,
432 827 486 892 89.
509 829 575 892 Eet
596 836 629 890 et
642 845 803 890 amaram
819 823 995 909 quiddam,
1011 824 1104 906 qnod
1112 821 1202 913 fere

161 935 197 999 in
218 931 427 998 contumelia
447 939 499 992 eet
517 926 687 1010 positam,
717 929 817 1010 quale
845 925 974 991 Caeciie
994 925 1107 1007 Quid
1123 923 1203 1012 sa·

154 1035 254 1110 cies,
278 1055 367 1098 cnm
389 1031 432 1094 in
453 1030 560 1094 bona
581 1039 654 1092 tna
674 1027 895 1101 incaeero,
917 1029 992 1090 hoc
1010 1037 1091 1100 eet,
1108 1045 1199 1092 cnm

152 1147 194 1200 te
216 1137 413 1198 docuero
435 1130 607 1194 nescire
630 1129 917 1192 maledicere?

186 1247 300 1307 16666]
336 1249 381 1296 hoc
400 1248 487 1294 dicium
506 1246 566 1291 bene
586 1247 688 1300 explicet
706 1244 834 1300 Weichem¹
848 1246 883 1292 De
903 1244 989 1292 Geeeic
1008 1258 1031 1299 6.
1054 1240 1114 1292 lii.

219 1346 299 1410 ibid.
324 1347 387 1423 Xl,
409 1345 445 1418 3,
471 1344 544 1407 133.
603 1343 771 1406 Transire
806 1344 842 1404 in
874 1343 1010 1406 diversa
1041 1341 1203 1406 enbeellia

156 1469 284 1530 parum
305 1445 532 1508 verecundam
554 1456 618 1507 eet.
648 1447 744 1508 Nam
765 1457 798 1506 et
820 1444 959 1507 Caesius
981 1448 1126 1508 severae
1145 1465 1203 1506 66·

153 1550 239 1612 bane
259 1549 425 1610 adcerene
446 1548 508 1608 hoc
519 1543 719 1636 facientem
740 1545 849 1610 lineae
868 1544 1038 1626 popoecit.

218 1666 404 1732 Priscianus
426 1677 449 1735 1.
474 1669 503 1734 1.
527 1687 561 1747 p.
585 1665 660 1727 368.
698 1665 858 1728 Caeeine:
879 1665 1077 1749 adulatione
1099 1675 1199 1728 erant

154 1771 198 1833 ab
219 1771 341 1832 amicte
362 1782 395 1832 et
416 1767 606 1831 adhortati.
635 1764 765 1829 Adulati
787 1769 1060 1847 κολακευθὲντες,
1079 1768 1199 1832 adhor-

155 1870 212 1934 tati
234 1875 482 1960 προτραπέντες.

191 1995 308 2056 Caeciae]
344 2011 391 2040 non
413 1997 499 2040 Caesio
518 1996 617 2048 Severo,
638 1995 679 2038 ted
697 1994 784 2039 066616
802 1995 925 2050 Heminae,
945 1997 1075 2057 historice,
1095 1998 1200 2043 inbuen-

223 2088 296 2134 dum,
314 2099 369 2128 vere
398 2084 487 2127 iudicet
500 2083 631 2127 .Weichert
652 2081 690 2126 De
709 2081 796 2126 Cessic
820 2095 844 2136 p.
870 2077 919 2126 306
944 2088 969 2127 et
985 2084 1081 2128 Kreeee
1100 2084 1198 2142 fragm.

223 2171 399 2216 Histoi-icorum
418 2183 443 2224 p.
465 2165 523 2214 165.

217 2269 393 2336 Diomedes·
411 2292 444 2352 p.
470 2269 542 2332 368.
586 2267 711 2334 Sancio
738 2265 848 2333 cancii
875 2265 1015 2334 faciebat
1040 2277 1074 2334 ul
1101 2270 1201 2336 Pom·

149 2373 274 2456 porcine
296 2374 342 2434 ad
365 2376 557 2435 Thraecam
579 2371 769 2444 sancierat,
799 2367 883 2430 etin
906 2367 1034 2449 passivo
1059 2368 1200 2432 Caeciae

151 2479 296 2539 Severae
318 2476 392 2555 lege
413 2473 583 2535 concitam
604 2483 667 2546 eet,
690 2470 806 2555 inquit.

216 2574 436 2656 Diomedesp.
454 2574 529 2636 373.
550 2577 712 2637 secerne:
734 2572 919 2634 distractae
941 2582 1043 2659 atquc
1065 2569 1198 2638 ealitoe.

185 2717 305 2778 Severus]
341 2717 451 2762 Serenae
469 2718 570 2776 een-igit
588 2717 689 2762 leccbae
707 2718 842 2774 Rcvcrics,
862 2717 949 2760 Aulam
967 2715 1110 2769 septimium
1128 2715 1199 2760 Sece-

220 2821 276 2851 num
294 2807 415 2852 Faliscum
432 2806 582 2864 intelligens,
611 2810 636 2848 ct
653 2805 805 2850 Burmannus
823 2805 846 2848 ic
865 2803 1013 2864 Aalhclcgie
1039 2802 1112 2848 161161
1130 2807 1148 2847 t.
1172 2800 1196 2854 l,

221 2909 246 2950 ρ.
268 2891 384 2941 illicit.
422 2892 839 2938 1161661666666111661161611661
863 2891 956 2936 Poetae
981 2891 1024 2934 161.
1042 2889 1101 2936 iaie·
1131 2893 1149 2935 t.
1170 2886 1197 2931 3.

225 2995 248 3036 p.
271 2979 330 3027 331.
349 2986 368 3025 1.
388 2977 414 3026 l.
435 2994 459 3034 6.
479 2977 539 3024 227.

563 3113 767 3124 ——-—--.—-

214 3223 359 3290 Cassium
384 3222 536 3285 Severum
559 3243 625 3286 666
650 3221 812 3285 orationes
826 3221 941 3296 solum,
959 3241 1069 3284 verum
1085 3220 1198 3284 satirae

151 3327 282 3413 elieque
305 3324 425 3408 scripta
448 3321 614 3408 reliquisse
638 3334 774 3388 constat.

355 3465 473 3528 cxxll.
497 3463 622 3524 Tiberine
643 3463 773 3525 Claudiae
792 3461 866 3521 Nero
887 3459 997 3521 Caesar.

213 3595 317 3656 Natus
339 3605 388 3656 est
409 3615 440 3656 a.
471 3595 531 3655 713
553 3593 634 3672 (13).
677 3590 1006 3655 866166.Τί1)66.6.
1050 3588 1197 3670 Alapta·

150 3707 201 3755 tue
223 3697 263 3754 ab
283 3695 430 3775 Augusta
452 3713 483 3756 a·
508 3694 567 3755 737
590 3693 625 3772 (l
635 3713 671 3772 p.
687 3690 775 3766 Ch,),
798 3687 870 3751 iniit
891 3686 1058 3770 imperium
1082 3710 1113 3752 a.
1134 3692 1196 3754 767

150 3795 205 3870 (16
227 3815 262 3874 p.
287 3792 382 3870 Ch.).
415 3793 569 3854 Mortuus
591 3802 640 3855 est
661 3813 688 3860 a.
712 3789 773 3853 789
795 3790 876 3868 (37).

214 3893 383 3964 Tiberium
406 3891 542 3958 instituit
563 3904 631 3956 acte
653 3891 779 3956 dicendi
802 3893 1005 3956 Theodorus*
1019 3891 1197 3956 Gadareus.

139 3999 283 4066 866166.
306 3994 420 4065 Tiber.
448 3996 501 4058 67.
533 3994 670 4076 Quintil.
697 3996 737 4071 3,
770 3997 809 4072 1,
840 3997 903 4070 17.,
935 4003 1119 4076 tectamque
1150 3991 1202 4058 hie
1243 4071 1246 4079 s

150 4098 262 4162 studiis
284 4099 370 4162 dedit
392 4118 534 4180 operam,
558 4108 593 4159 ut
611 4095 681 4179 ipse
704 4100 742 4160 de
758 4107 826 4159 arte
845 4093 1012 4159 rhetorica
1027 4092 1197 4170 scriberet,

150 4201 177 4263 ei
200 4221 310 4264 verum
333 4212 391 4276 est,
414 4201 503 4286 quod
525 4197 637 4262 Suidas
658 4197 760 4262 relect
779 4219 806 4267 s.
828 4217 861 4260 6.
889 4197 1025 4286 Καῖσαρ
1045 4198 1198 4286 Τιβέριος

152 4306 195 4367 Τ.
219 4303 251 4366 3.
275 4303 314 4374 F.
339 4305 368 4366 1.
390 4325 423 4386 p.
448 4301 518 4369 187.
542 4299 688 4392 ἔγραψεν
709 4293 943 4384 ἐπιγράμματα
966 4303 1021 4366 καὶ
1044 4302 1200 4384 τέχνην
