2992 4844
1194 373 1255 435 283

205 530 442 616 quaestionem
466 528 805 612 perseuerantissime
831 530 1070 610 postulabant,
1094 531 1187 615 quoti
1209 534 1253 596 ab

205 655 256 708 eo,
277 655 355 694 cum
376 633 423 694 all
438 644 596 714 stuprum
617 633 695 707 iret,
719 634 889 693 laternam
906 636 1101 714 praelatam
1115 645 1252 698 conten-

205 737 337 799 derent.
369 770 408 783 -
437 768 479 780 -
506 769 545 782 -
579 735 647 798 sea
673 735 833 816 plurimis
861 737 1034 797 laceratus
1059 737 1251 803 uerberibus

207 840 387 920 eculeoque
429 836 607 918 impositus
646 872 688 884 -
729 857 864 900 omnem
910 837 978 899 vim
1021 839 1253 903 accusationis

206 940 377 1007 custodita
398 939 449 1001 rei
471 942 582 1000 salute
604 939 780 1001 subvertit.

271 1040 431 1105 Asconius
450 1040 482 1102 in
505 1041 715 1103 Milonianam
739 1061 772 1122 p.
800 1043 853 1104 16.
899 1045 976 1124 Quo
1000 1054 1153 1125 tempore
1168 1048 1252 1109 Seu.

206 1145 404 1211 Peducaeus
422 1145 579 1206 tribunus
601 1146 651 1225 pl.
673 1143 877 1207 criminatus
905 1156 971 1218 est,
999 1149 1041 1207 L.
1073 1150 1254 1211 Metellum

203 1246 406 1330 pontificem
426 1246 620 1308 maximum
640 1257 817 1330 totumque
838 1248 1020 1330 collegium
1044 1249 1253 1330 pontificum

207 1351 295 1412 male
318 1349 490 1410 iudicasse
512 1349 553 1408 ‹Ie
573 1349 702 1409 incesto
727 1348 901 1429 virginum
925 1352 1135 1426 Vestalium,
1160 1354 1253 1436 quod

206 1472 312 1515 unam
333 1450 434 1513 mollo
456 1449 640 1513 Aemiliam
666 1449 902 1525 damnauerat,
924 1453 1114 1516 absolverat
1137 1449 1252 1518 aretem

207 1555 307 1627 eluas,
329 1551 505 1616 Marciam
523 1563 558 1613 et
570 1551 748 1627 Liciniam,
766 1556 916 1633 populus
927 1557 969 1616 L.
984 1555 1141 1618 Cassium
1156 1579 1252 1619 crea·

207 1655 275 1730 ait,
302 1654 361 1738 qui
392 1654 434 1716 de
465 1654 593 1716 eisdem
622 1653 810 1734 uirginibus
848 1667 1049 1737 quaereret,
1088 1657 1183 1741 isque
1221 1671 1254 1724 et

207 1769 371 1841 utrasque
412 1776 469 1817 eas
500 1767 532 1818 et
569 1767 754 1837 praeterea
792 1759 984 1838 complures
1017 1758 1106 1820 alias
1146 1760 1254 1826 nimia

206 1860 323 1932 etiam,
337 1869 378 1920 ut
401 1858 616 1920 existimatio
647 1870 716 1931 est,
743 1859 931 1940 asperitate
957 1881 1042 1922 usus
1063 1861 1252 1927 damnavit.

270 1962 426 2023 Macrob.
444 1961 602 2024 Saturnal.
632 1963 669 2036 1,
700 1961 750 2022 10.
796 1963 981 2024 Fenestella
1003 1963 1119 2025 <licens
1137 1965 1254 2028 Aemi·

207 2063 290 2125 liam
305 2063 474 2146 virginem
498 2065 577 2126 XV.
609 2065 692 2126 Kal.
721 2065 865 2126 Ianuar.
894 2083 964 2124 esse
991 2065 1190 2128 damnatam
1213 2101 1253 2114 —·

207 2166 347 2228 atliecit:
364 2165 599 2248 Sequebantur
621 2187 698 2226 eum
714 2165 803 2226 diem
824 2167 1037 2229 Saturnalia.
1076 2171 1169 2231 Mox
1185 2169 1256 2232 ait:

207 2271 352 2334 Postero
388 2279 504 2330 autem
535 2268 612 2340 die,
651 2267 709 2350 qui
733 2264 820 2356 fuit
852 2270 954 2332 XIII.
994 2270 1077 2332 Kal.
1109 2273 1253 2335 Ianuar.

210 2369 380 2432 Liciniam
401 2370 569 2451 virginem
593 2381 631 2430 ut
657 2389 798 2430 causam
817 2368 943 2430 diceret
967 2369 1110 2432 iussam.

244 2511 393 2571 Fenestella]
430 2528 459 2558 ex
479 2516 628 2558 Fenestellae
653 2517 708 2557 loco
726 2514 820 2570 elucet,
841 2525 937 2556 causam
959 2513 1076 2570 virginum
1094 2527 1175 2558 mense
1200 2516 1251 2560 De·
1281 2506 1282 2510 ¹

281 2602 375 2646 cembre
395 2608 480 2649 estare.

274 2719 410 2785 Orosius
436 2721 467 2793 5,
496 2721 546 2782 lb.
590 2716 655 2782 Dio
683 2716 812 2780 Cassius
838 2719 969 2802 Fragm.
1002 2719 1044 2788 N.
1073 2721 1111 2783 91
1141 2730 1172 2782 et
1200 2721 1253 2783 92.

210 2825 270 2904 (N.
296 2824 357 2886 220
379 2823 411 2884 in
434 2820 581 2884 versione
610 2817 755 2903 'safelii.)

407 3119 436 3176 2.
477 3118 577 3176 Oratio
595 3119 626 3175 in
647 3117 700 3174 Cn.
722 3117 867 3189 Papirium
888 3117 1060 3174 Carbonem.

274 3281 323 3342 Ea
349 3300 442 3342 causa
472 3290 541 3340 acta
572 3277 688 3339 dicitur
717 3299 746 3340 a.
775 3277 833 3340 611
862 3277 963 3356 (113).
1007 3276 1088 3340 Vid.
1114 3275 1259 3358 Zumptii

211 3382 365 3445 Annales.
412 3383 507 3462 Quod
525 3379 637 3441 salsum
656 3379 782 3443 iudico:
808 3402 847 3443 eo
863 3379 945 3442 enim
961 3401 1043 3442 anno
1057 3391 1257 3463 quaesturam

211 3483 244 3546 iu
263 3484 341 3547 Asia
365 3482 533 3563 provincia
570 3482 679 3564 gessit,
719 3481 827 3565 itaque
864 3502 945 3544 auno
975 3483 1035 3542 att
1070 3483 1159 3558 (tlt)
1190 3502 1257 3543 eam
1315 3514 1319 3519 ·

213 3584 430 3667 assignandam
448 3587 601 3665 opinorcss
618 3583 753 3667 Pighius
769 3583 886 3645 Annal.
903 3595 928 3647 t.
950 3584 981 3644 2.
999 3605 1032 3664 p.
1053 3585 1125 3646 118.
1142 3605 1257 3646 annum

214 3688 275 3750 643
294 3689 384 3766 (111)
407 3686 578 3766 significat.

277 3788 339 3851 Cn.
362 3787 511 3871 Papirius
539 3789 649 3853 Carbo
671 3785 794 3850 Consul
821 3797 847 3852 a.
874 3785 933 3848 611
959 3788 1047 3865 (113)
1072 3809 1089 3850 a
1116 3786 1260 3851 Cimbris
1296 3829 1301 3838 ·

214 3888 354 3954 vincitur
368 3891 543 3974 castrisque
562 3889 699 3952 exuitur.
744 3886 859 3950 Livius
884 3887 989 3969 Epist.
1013 3890 1069 3950 lib.
1093 3889 1146 3950 63.
1175 3891 1261 3968 Quia-

212 4006 348 4076 propter
373 3992 535 4058 Antonius
568 3989 738 4052 maiestatis
770 4011 839 4051 eum
873 3991 1064 4070 postulavit,
1094 4001 1125 4049 ct
1155 3999 1258 4052 sumto

212 4107 389 4160 atramento
407 4093 530 4158 sutorio
546 4091 884 4177 (Schustersohwa'rze
904 4094 983 4153 oder
1007 4089 1261 4170 Kupfervitriol)

213 4197 395 4264 voluntaria
411 4207 514 4260 morte
535 4216 551 4256 a
576 4189 703 4257 iudicio.
716 4192 867 4256 liberatus
888 4202 947 4254 est.
993 4190 1062 4255 Cic.
1084 4193 1123 4252 ad
1144 4190 1258 4255 Fanit.

213 4301 329 4376 Mt,
357 4300 390 4361 3.
