2970 4836
274 355 314 414 bb

274 513 316 576 de
337 513 486 596 pecunia
504 514 600 595 regis
622 514 785 578 Antiochi
808 517 920 577 eodem
942 535 1025 576 anna
1050 515 1216 577 referenda
1239 529 1319 580 erat.

274 615 376 680 Cani.
398 613 503 679 oratio
534 617 704 700 Scipionis
729 617 891 690 maioris,
922 616 978 678 ubi
1005 619 1043 680 de
1070 620 1176 682 eadent
1205 641 1241 682 re
1270 620 1321 682 di-

273 739 387 782 xunus.

638 886 786 946 Orationes
811 891 960 944 censoriae.

721 1000 760 1058 24
771 1033 806 1042 -
818 1000 866 1057 lr9.

279 1165 282 1170 ·
336 1133 404 1194 Eae
427 1151 536 1194 ornnes
561 1151 644 1193 anno
670 1133 731 1193 570
753 1131 842 1210 (184)
867 1130 1007 1194 habitae.

285 1229 292 1238 “’
336 1232 454 1295 Livius
470 1234 522 1308 39,
539 1235 593 1296 40.
618 1238 809 1300 censuram
834 1255 970 1296 summa
991 1237 1208 1298 contentione
1226 1249 1323 1319 pete-

273 1337 355 1396 bant
382 1340 425 1398 L.
453 1338 615 1400 Valerius
647 1341 808 1412 Flaccus,
841 1341 880 1401 P.
904 1349 937 1400 et
961 1342 1003 1400 L.
1028 1338 1223 1420 Scipiones,
1256 1343 1319 1402 Cn.

272 1439 431 1501 Manlius
451 1441 571 1514 Vulso,
596 1443 637 1502 L.
652 1440 777 1502 Furius
799 1443 992 1522 Purpureo,
1015 1441 1167 1521 patricii,
1192 1441 1318 1524 plebeii

272 1553 389 1604 autem
417 1545 471 1604 M.
495 1542 641 1605 Porcius
663 1545 767 1616 Cato,
800 1547 854 1606 M.
880 1544 1017 1606 Fulvius
1041 1544 1221 1618 Nobilior,
1261 1544 1319 1606 Ti.

274 1655 307 1706 et
327 1647 384 1706 M.
404 1643 612 1724 Sempronii,
640 1648 783 1724 Longus
806 1656 839 1706 et
862 1646 1072 1708 Tuditanus.
1118 1647 1321 1710 Sedamnos

271 1745 441 1827 patricios
460 1745 677 1829 plebeiosque
704 1747 998 1810 nobilissimarum
1014 1747 1239 1826 familiarum
1262 1752 1319 1812 M.

274 1848 419 1912 Porcius
440 1841 542 1930 longe
565 1849 730 1910 anteibat.
750 1885 788 1898 -
805 1885 847 1895 —
868 1853 967 1913 Hunc
992 1850 1082 1912 sicut
1108 1851 1202 1913 omni
1227 1851 1319 1923 vita,

275 1962 350 2012 tum
374 1963 543 2031 petentem
566 1951 743 2032 premebat
770 1953 949 2026 nobilitas,
977 1953 1197 2036 coierantque
1219 1973 1321 2034 prae-

275 2065 330 2114 ter
363 2056 405 2114 L.
438 2055 613 2128 Flaccum,
646 2054 706 2136 qui
733 2057 865 2136 collega
899 2055 933 2115 in
966 2057 1147 2116 consulatu
1164 2051 1319 2143 fuerat,

276 2155 454 2217 candidati
483 2177 601 2218 omnes
629 2157 676 2216 od
705 2155 934 2240 dejiciendam
966 2159 1094 2219 bonore
1123 2178 1221 2232 eum,
1252 2177 1322 2219 non

275 2261 389 2320 solum
413 2269 453 2319 ut
475 2257 544 2338 ipsi
563 2259 685 2340 potius
706 2260 994 2340 adipiscerentur,
1019 2281 1079 2321 nec
1105 2260 1188 2344 quia
1207 2259 1322 2342 indig-

276 2361 449 2422 nabantur
471 2381 595 2423 novum
616 2362 788 2424 hominem
806 2384 982 2425 censorem
998 2363 1124 2438 cidere,
1145 2362 1324 2424 sedetiam

275 2464 368 2546 quod
381 2464 514 2526 tristem
533 2485 715 2526 censuram
736 2466 1033 2549 periculosamque
1050 2467 1237 2528 multorum
1249 2463 1323 2554 fa·

276 2587 352 2628 mae
379 2578 412 2627 et
434 2567 477 2628 ab
499 2569 593 2628 laeso
618 2588 641 2628 a
664 2568 837 2650 plerisque
864 2581 897 2631 et
926 2568 1084 2630 laedendi
1109 2567 1234 2650 cupido
1259 2589 1322 2630 ear-

275 2669 487 2750 spectobant.
532 2669 669 2732 Etenim
691 2681 765 2732 tum
791 2692 925 2753 quoque
948 2671 1204 2733 minitabundus
1226 2681 1323 2751 pete-

277 2773 346 2846 bat,
374 2771 559 2857 refragori
585 2772 649 2834 sibi
674 2773 733 2855 qui
758 2774 900 2834 liberam
926 2784 960 2833 et
971 2769 1116 2856 fortem
1140 2793 1324 2834 censuram

276 2868 437 2936 timerent
462 2874 697 2946 criminand05
720 2887 754 2937 et
783 2875 887 2936 simul
908 2877 949 2934 L.
975 2871 1116 2936 Valerio
1142 2871 1325 2960 suffraga-

275 2979 400 3040 batur:
432 2977 492 3039 illo
520 2997 591 3039 uno
619 2979 752 3058 collega
783 2976 957 3056 castigare
991 2995 1027 3036 se
1057 2995 1145 3036 noca
1165 2977 1326 3067 flagitia

275 3091 310 3142 et
325 3079 461 3161 priscos
486 3101 646 3142 revocare
669 3100 784 3142 mores
805 3099 923 3158 posse.
962 3079 1028 3140 His
1053 3079 1189 3140 accensi
1213 3080 1323 3141 homi-

276 3204 337 3244 nes
369 3183 516 3244 adversa
545 3183 722 3245 nobilitate
750 3201 817 3244 non
848 3184 904 3243 M.
925 3181 1086 3244 Porcium
1114 3182 1216 3244 modo
1246 3202 1323 3242 cen-

276 3307 390 3348 sorem
404 3283 589 3374 fecerunt,
614 3285 675 3346 sed
699 3283 804 3346 etiam
829 3286 998 3367 collegam
1023 3283 1055 3346 ei
1079 3287 1121 3348 L.
1145 3283 1323 3350 Valerium

275 3391 433 3452 Flaccum
458 3388 671 3450 adiecerunt.

341 3492 504 3553 Extahant
533 3491 648 3552 multae
678 3489 840 3553 orationes
871 3489 1006 3555 Catonis
1039 3486 1222 3561 censoriae,
1257 3497 1323 3548 tum

277 3593 310 3656 in
343 3615 412 3668 eos,
447 3615 529 3678 quos
560 3603 668 3654 senata
698 3591 800 3655 movit
830 3605 882 3654 aut
914 3591 1030 3676 quibus
1058 3608 1160 3672 equos
1189 3587 1322 3665 ademit,

277 3713 341 3762 turn
366 3701 403 3759 de
428 3694 543 3758 ceteris
565 3696 680 3770 rebus,
716 3716 797 3778 quae
821 3692 948 3755 censori
974 3711 1068 3752 curas
1089 3688 1193 3751 fuere.
1239 3691 1322 3753 Nam

278 3799 382 3866 omnia
412 3819 563 3872 munera,
598 3817 679 3880 quae
712 3793 902 3856 censoribus
931 3792 963 3852 in
993 3790 1159 3871 republica
1192 3813 1323 3856 romana

277 3906 423 3966 mandata
448 3912 530 3975 sunt,
558 3896 693 3959 maxima
720 3894 886 3977 diligentia
910 3914 1095 3979 summoque
1117 3893 1228 3960 labore
1248 3917 1323 3979 per-

275 4007 364 4072 iecit.

343 4104 516 4172 Cornelius
550 4103 663 4180 Nepos
693 4099 726 4161 in
759 4096 882 4162 Catane
914 4099 946 4164 2.
986 4099 1068 4164 Octo
1093 4121 1217 4165 censor
1245 4119 1323 4161 cum

277 4213 394 4276 eodem
427 4211 544 4270 Flacco
562 4200 711 4291 faetus,
745 4223 859 4264 seuere
886 4201 1050 4292 praefuit
1081 4204 1114 4266 ei
1144 4200 1321 4285 potestati.

277 4318 371 4378 Nam
391 4320 423 4369 et
445 4307 479 4366 in
498 4307 692 4387 complures
716 4305 846 4370 nobiles
869 4306 1125 4381 animaduertit,
1147 4317 1179 4367 et
1195 4306 1322 4366 multas
