2970 4836
1160 367 1198 429 19

146 539 208 600 ta,
232 526 337 609 (pace
361 529 400 590 Ρ.
426 525 545 592 Crassi
571 525 808 607 Scipionisque
834 537 866 587 et
893 526 1004 588 Laelii
1030 538 1063 588 et
1090 530 1199 588 Grac·

146 631 287 692 chorum
309 640 343 692 et
368 628 490 692 Fannii
515 639 546 689 et
576 627 672 690 Sarni
695 627 822 690 Galbae
845 629 1020 710 dixerim)
1043 630 1093 691 ita
1119 631 1196 691 uni·

147 752 245 794 versa
268 732 331 794 sub
351 731 508 813 principe
531 732 647 810 operis
670 729 726 792 sui
747 729 862 810 erupit
883 732 1012 805 Tullio,
1033 743 1071 793 ut
1090 733 1198 794 delec-

147 833 216 895 tari
233 845 314 894 ante
332 855 411 895 eum
425 833 660 914 paucissimis,
686 832 809 894 mirari
831 855 911 895 uero
931 835 1101 898 neminem
1117 857 1198 916 pos·

147 936 195 998 sis
216 935 284 997 nisi
306 948 367 997 aut
393 937 436 996 ab
460 937 519 998 illo
541 935 652 998 nisum
674 946 736 996 aut
756 935 815 1018 qui
837 935 934 997 illum
955 935 1091 999 uiderit.

212 1035 393 1118 Appuleius
414 1037 564 1118 apologia
590 1048 615 1098 t.
633 1038 666 1098 2.
683 1058 717 1117 p.
739 1037 811 1110 589,
827 1041 878 1099 ed.
897 1039 1044 1101 Oudend.
1069 1044 1199 1122 Qunam·

146 1161 277 1222 cunque
298 1140 491 1203 orationem
514 1139 686 1202 struxerit
708 1139 844 1212 Avitus,
869 1141 919 1202 ita
942 1140 993 1203 illi
1015 1143 1082 1204 erit
1097 1144 1197 1205 undi-

146 1262 208 1326 que
230 1241 287 1304 sui
306 1240 464 1332 perfecte
486 1241 655 1315 absoluta,
681 1253 720 1302 nt
742 1241 777 1303 in
800 1242 862 1303 illa
884 1262 957 1304 nec
975 1246 1083 1307 Cato
1102 1267 1197 1326 gra-

146 1344 327 1406 vitatem
354 1344 523 1427 requirat,
551 1366 610 1406 nec
637 1343 778 1406 Laelius
806 1345 981 1406 lenitatem
1007 1367 1066 1407 nec
1089 1351 1198 1409 Grac·

147 1449 229 1508 chus
264 1447 430 1528 impetum
464 1468 525 1508 nec
554 1449 684 1511 Caesar
715 1448 867 1508 calorem
899 1467 959 1509 nec
988 1449 1198 1512 Hortensius

147 1548 423 1612 distributionem
448 1569 508 1610 nec
529 1551 653 1614 Calvus
680 1549 842 1630 argutias
866 1571 925 1612 nec
942 1550 1196 1632 parsimoniam

149 1651 323 1714 Salustius
343 1673 404 1714 nec
424 1651 636 1735 opulentiam
659 1651 791 1714 Cicero.

179 1757 342 1817 grauitatem]
369 1761 469 1802 eandem
489 1759 575 1802 Catoni
595 1759 682 1802 tribuit
699 1761 790 1802 laudem
810 1758 956 1804 Claudianus
977 1761 1120 1806 Mataei-tus.
1143 1763 1198 1810 Vid.

216 1847 279 1890 intra
301 1847 439 1892 testimonia
460 1843 516 1890 Caii
539 1843 660 1892 Gracchi.

211 1945 378 2028 Ampelius
391 1946 451 2010 lib.
460 1947 607 2010 Memor.
618 1969 647 2009 c.
660 1948 712 2012 19.
726 1948 1010 2023 Catanensorius‚
1024 1950 1084 2034 qui
1095 1952 1197 2014 toties

146 2061 329 2112 accusatus
361 2061 428 2124 est,
460 2049 577 2132 quoad
604 2049 713 2124 vixit,
746 2064 905 2114 nocentes
934 2073 1100 2115 accusare
1128 2074 1198 2116 non

148 2152 290 2214 destitit.
328 2151 395 2215 Hic
413 2163 465 2214 est
487 2151 642 2214 omnium
665 2173 782 2215 rerum
803 2153 1059 2234 peritissimus,
1089 2166 1135 2229 et,
1159 2169 1198 2220 ut

147 2256 313 2318 Sallustio
327 2255 451 2336 Crispo
466 2255 615 2328 videtur,
634 2257 771 2319 romani
782 2255 920 2338 generis
933 2257 1195 2322 disertissimus.

211 2357 343 2418 Servius
374 2360 412 2418 ad
435 2355 537 2439 Virg.
569 2357 651 2426 Aen.
678 2358 743 2421 XI.
768 2359 841 2419 301.
880 2359 1040 2422 Maiores
1067 2363 1196 2422 nullam

148 2461 341 2522 orationem
364 2460 432 2522 nisi
453 2460 620 2523 invocatis
647 2460 843 2521 numinibus
866 2460 1084 2534 inchoabant,
1109 2463 1198 2523 sicut

148 2575 227 2624 sunt
258 2584 376 2625 omnes
401 2563 578 2627 orationes
602 2561 745 2626 Catonis
769 2573 801 2623 et
826 2562 987 2624 Gracchi.
1019 2565 1114 2626 Nam
1137 2585 1197 2645 ge·

149 2668 262 2726 nerale
285 2677 390 2746 caput
417 2665 454 2726 in
479 2664 638 2728 omnibus
664 2664 825 2746 legimus.

182 2773 231 2816 nisi
256 2773 379 2816 invocatis
406 2770 560 2832 numinibus]
591 2786 613 2819 r.
636 2773 735 2818 Servius
756 2772 787 2816 sd
807 2773 879 2833 virg.
901 2773 961 2816 Aen.
984 2772 1040 2827 vn,
1067 2769 1126 2820 256.
1159 2774 1201 2818 Ci-

216 2875 274 2907 cero
298 2863 321 2906 iu
349 2862 455 2909 Divinat.
477 2876 501 2908 c.
521 2861 653 2906 Caecilium
672 2876 694 2910 c.
724 2857 763 2906 ¹3.
805 2863 917 2925 Valerius
939 2861 1006 2906 Mu.
1031 2864 1055 2917 ip
1079 2862 1196 2921 Prologo.

217 2949 374 3002 symmachus
391 2949 495 3004 Epistol.
513 2952 529 2994 l.
545 2946 569 3010 3,
584 2946 625 2996 lb.

210 3029 335 3094 Plinius
356 3029 462 3111 Epist.
490 3033 520 3106 1,
545 3032 597 3094 20.
636 3036 805 3114 Frequens
827 3029 910 3094 mihi
932 3031 1124 3114 disputatio
1147 3045 1198 3096 est

147 3155 225 3194 cum
243 3133 394 3216 quodam
412 3133 548 3195 homine
572 3134 673 3196 docto
695 3145 728 3196 et
744 3133 878 3216 perito,
901 3135 958 3196 cui
982 3135 1069 3198 nibil
1090 3157 1197 3220 neque

148 3234 183 3296 in
205 3236 320 3297 causis
334 3235 481 3318 agendis
503 3246 542 3297 ut
565 3236 713 3298 brevitas
730 3239 854 3318 placet,
877 3257 979 3318 quam
1001 3259 1068 3320 ega
1083 3249 1199 3300 custo·

147 3337 307 3399 diendam
334 3359 408 3400 esse
430 3337 619 3415 confiteor,
646 3339 677 3400 si
697 3359 806 3400 nausa
822 3338 1016 3419 permittat.
1054 3338 1120 3402 Hic
1142 3339 1198 3402 ille

149 3461 277 3501 mecum
295 3439 563 3503 auctoritatibus
593 3441 688 3526 agit,
713 3463 755 3504 ac
779 3440 863 3502 mihi
888 3463 935 3504 eac
958 3440 1095 3524 graecis
1118 3462 1198 3502 ora·

148 3541 258 3603 tiones
279 3541 408 3626 Lysiae
430 3543 590 3617 ostendit,
611 3566 657 3605 ex
680 3543 810 3606 nostris
828 3544 1065 3606 Gracchorum
1085 3546 1198 3606 Cato·

108 3705 117 3720 .
148 3643 303 3726 nisque,
331 3665 480 3728 quorum
507 3667 589 3708 sane
607 3645 781 3728 plurimae
809 3657 890 3708 sunt
916 3644 1139 3708 circumcisae
1164 3656 1198 3708 et

149 3745 275 3810 breves.

235 3885 262 3942 i.
293 3885 392 3944 Oratio
412 3903 464 3958 pro
487 3889 552 3958 logo
574 3904 626 3944 sua
648 3889 684 3944 de
704 3889 930 3959 provincialibus
948 3889 1099 3943 sumtibus.

211 4008 259 4070 Ea
289 4007 342 4069 lex
372 4029 401 4070 a.
430 4011 492 4072 556
518 4011 607 4089 (198)
634 4011 696 4071 lata
727 4008 856 4070 dicitur.

212 4107 297 4172 Cato
330 4131 400 4170 cnm
429 4110 566 4188 videret,
597 4109 814 4193 provinciales
841 4131 858 4170 a
883 4105 1118 4191 magistratibus
1142 4128 1198 4169 ro·

149 4209 246 4272 manis
267 4231 330 4273 non
354 4231 430 4274 raro
453 4211 569 4293 diripi,
598 4233 807 4295 magnamque
829 4209 994 4290 pecuniam
1019 4209 1058 4267 ab
1082 4207 1121 4270 iis
1143 4231 1198 4271 ex·

148 4310 205 4394 igi,
230 4313 334 4398 legem
354 4313 586 4398 promulgavit,
611 4337 674 4399 qua
698 4311 918 4383 constitueret,
945 4318 1096 4391 quantum
1117 4308 1197 4374 socii
