2984 4842
271 377 332 442 368

581 589 610 646 8.
651 589 751 646 Oratio
771 605 823 660 pm
844 590 876 646 C.
899 589 998 645 Verre.

334 719 466 784 Sisenna
489 741 560 784 eum
576 719 755 784 Hortensio
778 719 918 784 defendit
941 717 983 783 C.
1002 697 1140 782 verrem
1163 719 1314 782 adversus

272 819 463 886 Ciceronem
485 843 517 885 a.
542 823 603 886 684
624 824 709 899 (70).
725 819 798 886 Cic.
826 823 925 886 Verr.
944 823 1097 885 Accusat.
1122 821 1152 898 2,
1176 821 1228 895 45,
1254 822 1316 882 110

104 925 110 933 ’
148 913 155 922 ’
271 935 303 988 et
325 926 360 998 4,
384 924 442 1002 20,
465 925 519 988 43.

490 1101 596 1158 nx1n.
619 1108 647 1159 a
665 1102 767 1160 nxtv.
810 1103 843 1160 n.
864 1110 890 1158 a
908 1101 949 1160 n.
970 1059 1088 1158 nucem

333 1238 376 1297 L.
392 1232 548 1297 Licinius
570 1235 735 1297 Lucullus
752 1253 834 1294 anno
857 1230 987 1294 circiter
1009 1232 1070 1294 637
1093 1231 1183 1309 (117)
1205 1241 1314 1292 natus:

271 1335 368 1418 longe
390 1334 471 1398 enim
495 1335 595 1398 maior
617 1346 691 1398 natu
714 1346 783 1398 erat
804 1356 897 1419 qnam
923 1332 1109 1416 Pompeius.
1140 1333 1228 1397 Plnt.
1248 1333 1315 1394 Lu·

272 1437 348 1500 cull.
372 1437 426 1500 36.
449 1439 570 1521 Pomp.
593 1439 647 1501 31.
685 1435 854 1501 Exercitni
883 1435 988 1499 Sullae
1016 1435 1161 1499 interfuit
1182 1433 1252 1496 iude
1276 1436 1315 1495 ab

272 1560 355 1603 anno
378 1541 440 1602 664
461 1540 551 1620 (90),
576 1540 612 1603 -in
636 1539 722 1603 bello
744 1540 911 1612 Marsico,
943 1536 1056 1600 deinde
1084 1537 1117 1598 in
1140 1537 1226 1600 bello
1249 1535 1317 1598 Mi-

271 1641 463 1719 thridatico,
496 1664 555 1705 nec
582 1655 652 1704 ante
685 1661 798 1703 annum
828 1641 889 1700 674
911 1637 979 1722 (80)
1009 1649 1050 1699 ex
1072 1637 1151 1700 Asia
1180 1639 1316 1700 Romam

271 1741 380 1807 rediit.
435 1741 559 1806 Aedilis
590 1739 708 1805 curulis
742 1763 771 1802 a.
808 1741 868 1803 676
902 1741 982 1818 (79).
1034 1739 1172 1802 Praetor
1196 1760 1223 1807 a.
1254 1741 1316 1799 677

271 1844 351 1928 (77).
405 1843 529 1909 Consul
553 1864 583 1905 a.
610 1845 670 1905 680
697 1843 783 1918 (74);
808 1861 871 1924 qno
895 1861 977 1903 anno
1007 1840 1122 1902 bellum
1150 1839 1180 1902 ei
1204 1852 1317 1903 contra

272 1945 492 2009 Mithridatem
515 1964 625 2027 regem
649 1945 829 2016 mandatur,
853 1944 934 2004 unde
961 1964 991 2005 a.
1021 1941 1081 2003 688
1106 1943 1175 2022 (66)
1197 1941 1317 2004 invitus

270 2067 420 2110 reversus
443 2057 507 2119 est,
540 2067 610 2107 cum
633 2043 808 2124 Pompeius
831 2043 892 2107 sibi
915 2045 1114 2108 succederet.
1160 2047 1316 2108 Mortuus

271 2160 318 2212 est
335 2169 365 2210 a.
391 2148 453 2211 698
475 2148 554 2225 (66).
596 2147 636 2208 In
661 2144 869 2210 Onomastico
893 2147 981 2208 Tull.
1001 2145 1138 2230 legitur:
1160 2148 1315 2211 Mortuus

271 2261 319 2312 cst
340 2251 435 2332 paulo
462 2259 536 2328 post
568 2270 598 2311 a.
629 2250 689 2313 697
718 2245 803 2332 (67),
838 2247 1024 2312 assentiente
1057 2248 1246 2332 Madwigio
1280 2248 1313 2312 in

271 2350 383 2414 Praei.
410 2349 543 2415 adCie.
565 2353 603 2414 de
623 2350 739 2414 finibus
772 2373 807 2432 p.
839 2352 932 2415 LXI.
973 2351 1052 2414 Via.
1086 2354 1124 2414 de
1146 2354 1209 2414 hoc
1238 2351 1311 2414 viro

271 2451 389 2516 Cicero
416 2443 578 2516 'academ
621 2452 732 2517 Prior.
771 2453 829 2516 lib.
866 2453 902 2526 7,
943 2454 973 2516 1.
1027 2454 1191 2516 Drumann
1222 2465 1246 2515 t.
1281 2452 1313 2516 4.

271 2576 304 2636 p.
331 2555 509 2618 tuo-174.

335 2661 389 2721 M.
419 2658 571 2720 Licinius
602 2661 782 2746 Lucullus,
811 2655 906 2719 Lucii
929 2655 1047 2734 frater,
1075 2657 1187 2720 deinde
1213 2680 1229 2719 a
1254 2658 1306 2732 M.

273 2758 426 2822 Terentio
442 2761 789 2841 Varroneadoptatns,
814 2781 841 2828 a.
863 2760 924 2822 638
951 2762 1040 2838 (116)
1062 2771 1153 2822 natus
1174 2760 1312 2834 videtur,

272 2881 334 2922 nno
355 2881 436 2923 anno
460 2859 562 2922 minor
579 2872 653 2922 natu
673 2882 766 2944 quam
789 2861 920 2930 Lucius.
965 2860 1087 2924 Aedilis
1106 2860 1223 2924 curulis
1241 2884 1310 2923 cum

272 2963 316 3024 L.
350 2962 451 3024 lratre
481 2983 508 3026 a.
533 2963 592 3025 675
620 2959 704 3046 (79);
737 2975 801 3026 tum
834 2964 872 3024 37
899 2984 998 3046 annos
1025 2973 1093 3026 erat
1123 2975 1232 3038 natus,
1257 2961 1314 3046 qui
1408 2955 1411 2962 ’

271 3062 432 3146 legitimus
461 3061 523 3125 fnit
552 3085 662 3127 annus.
715 3067 855 3129 Praetor
879 3065 1068 3150 peregrinus
1092 3087 1121 3127 a.
1148 3065 1210 3127 678
1230 3065 1310 3142 (76).

272 3164 393 3229 Consul
415 3187 444 3227 a.
470 3165 528 3227 681
558 3166 642 3245 (73),
669 3167 780 3230 deinde
805 3167 837 3230 in
863 3168 1064 3250 provinciam
1087 3167 1314 3230 Macedoniam
1356 3171 1363 3184 “

274 3266 421 3342 decessit,
437 3270 518 3330 unde
533 3290 562 3329 a.
586 3271 647 3331 683
669 3272 735 3348 (71)
751 3270 857 3333 rediit.
880 3272 922 3337 A.
940 3270 999 3332 687
1016 3270 1085 3346 (67)
1101 3268 1183 3332 inter
1198 3291 1315 3330 nouem

273 3367 399 3451 legatos
427 3365 506 3444 fuit,
535 3370 590 3454 qui
625 3370 657 3433 in
687 3370 795 3433 Asiam
827 3373 866 3433 ad
893 3371 935 3432 L.
969 3369 1137 3432 Lucullum
1169 3369 1313 3444 fratrem,

271 3467 496 3552 imperatorem
537 3471 758 3550 mittebantur,
794 3483 828 3534 nt
861 3467 1061 3552 provinciam
1098 3469 1313 3554 instituerent.

272 3575 317 3636 A.
343 3572 403 3636 699
429 3573 497 3652 (66)
523 3586 666 3638 mortuus
699 3596 766 3638 esse
794 3571 930 3640 videtur.
975 3572 1062 3634 Plut.
1092 3573 1223 3636 Lucull.
1256 3573 1308 3635 43.

271 3669 371 3738 Conf.
398 3673 561 3739 Drumann
584 3688 609 3739 t.
634 3677 666 3739 4.
691 3699 726 3759 p.
754 3675 825 3742 176.

335 3775 407 3840 Cic.
425 3779 529 3841 Bruto
545 3801 575 3840 c.
593 3780 646 3840 69.
690 3781 746 3842 Μ.
764 3780 941 3851 Drusum,
965 3799 1108 3860 grauem
1122 3789 1311 3854 oratorem,

271 3878 323 3940 ita
353 3879 540 3942 dumtaxat
568 3901 645 3941 cum
676 3881 716 3941 de
747 3878 920 3963 republica
947 3879 1093 3955 diceret,
1128 3883 1170 3944 L.
1200 3893 1315 3943 autem

271 3979 464 4056 Lucullum,
483 3981 587 4044 etiam
601 3993 752 4057 acutum,
769 3985 825 4048 M.
837 3985 1032 4060 Lucullum,
1050 3983 1108 4047 M.
1121 3983 1311 4066 Graupium,
1334 4046 1336 4050 .

272 4081 333 4143 Gn.
348 4082 528 4145 Octavium
545 4114 584 4126 -
599 4084 811 4150 abducamus
833 4109 880 4150 ex
900 4086 974 4149 acie
997 4086 1033 4148 id
1055 4098 1106 4148 est
1127 4073 1311 4158 uindiciis,

272 4191 305 4240 et
335 4181 370 4242 in
401 4183 588 4266 praesidiis
622 4185 844 4270 reipublicae,
880 4189 936 4252 cui
954 4185 1072 4279 facile
1106 4183 1314 4278 satisfacere

242 4325 244 4330 .
267 4281 414 4356 possint,
440 4287 655 4352 collocemus.
