2966 4842
1172 358 1233 421 its

187 516 402 608 veneficii
420 513 1230 604 fuit,etaPoilioneAsiniodefensus,

188 623 419 704 damnatus
441 619 677 683 Massiliae
699 619 866 694 decutit,
903 631 935 682 et
956 621 1043 681 hane
1064 617 1235 702 quaestio·

189 744 267 785 nem
276 721 449 812 fecerunt
471 721 603 784 inhane
618 722 898 794 controuersiam,
922 742 967 782 an
990 721 1081 783 inter
1101 720 1190 784 viros
1202 729 1235 780 et

188 846 320 888 uxores
342 824 426 886 data
447 823 617 900 beneficia
638 825 771 907 ingrati
792 827 866 906 lege
889 834 1085 886 teneantur.

259 992 287 1056 6.
302 998 464 1084 ¹Orationes
484 1017 536 1072 pro
556 1000 710 1090 heredibus
733 1000 870 1056 Urbiniae
890 1001 990 1056 eontra
1009 999 1178 1055 Labienum.

253 1149 336 1211 Acta
364 1161 412 1211 est
445 1171 538 1212 eausa
571 1148 680 1211 mediis
705 1148 844 1231 Augusti
870 1147 1085 1228 temporibus,
1115 1145 1234 1223 idest,

174 1249 275 1322 ,circa
302 1271 414 1312 annum
438 1253 500 1312 tuo
530 1253 612 1330 (11).
659 1246 893 1332 Argumentum
919 1249 980 1311 tale
1003 1259 1063 1312 est.
1115 1249 1157 1312 lis
1182 1247 1237 1326 qui

189 1351 241 1415 vel
267 1373 307 1414 ex
332 1364 520 1415 testamento
550 1355 600 1416 vel
633 1351 837 1436 cognationis
864 1351 931 1414 iure
948 1372 1093 1413 eernere
1121 1350 1237 1412 vellent

189 1453 396 1517 hereditatem
407 1454 566 1518 Urbiniae
582 1455 762 1531 cuiusdam,
789 1453 942 1535 opposuit
967 1474 1000 1515 se
1025 1451 1156 1515 Asinius
1179 1450 1237 1514 Fi·

193 1556 297 1638 gulus,
325 1556 380 1636 qui
406 1577 439 1619 se
465 1569 608 1619 mortuae
627 1556 727 1618 filium
754 1556 889 1630 dicebat,
914 1578 983 1617 cum
1011 1557 1143 1617 heredes
1166 1574 1235 1614 eum

191 1679 317 1720 servum
343 1679 411 1720 esse
438 1661 682 1732 contenderent,
717 1656 845 1720 nornine
872 1657 1084 1737 sosipatrum.
1130 1654 1237 1735 (Spal-

191 1759 268 1842 ding
290 1762 328 1822 ad
351 1759 487 1842 Quintil.
517 1763 547 1835 1,
567 1763 597 1836 1,
627 1762 693 1836 11).
739 1757 870 1821 Asinius
895 1772 1047 1840 patronus
1069 1759 1236 1825 heredum,

191 1860 353 1924 Labienus
379 1875 531 1943 patronus
558 1859 695 1925 Clusinii
719 1858 840 1943 Figuli.

254 1962 411 2046 Dialogus
435 1967 472 2025 de
497 1961 692 2027 Oratoribus
716 1985 743 2026 e.
774 1963 826 2024 38.
858 1966 990 2025 Causae
1011 1960 1239 2024 centumuira-

191 2066 252 2141 les,
276 2086 362 2147 quae
385 2085 473 2125 nune
494 2066 646 2146 primum
669 2065 821 2127 obtinent
849 2067 979 2138 lorum,
1016 2063 1102 2125 adeo
1124 2065 1235 2143 spien-

192 2167 275 2229 dore
297 2165 446 2227 oliorum
468 2166 676 2229 iudiciorum
698 2164 951 2241 obruebantur,
982 2177 1020 2226 ut
1048 2185 1155 2245 neque
1181 2162 1236 2226 Ci-

193 2267 327 2330 eeronis
348 2279 455 2350 neque
481 2270 640 2332 Caesaris
662 2289 768 2351 neque
786 2268 888 2330 Bruti
915 2288 1021 2349 neque
1045 2263 1151 2328 Caelii
1180 2284 1238 2324 ne-

193 2390 257 2452 que
279 2368 397 2442 Calai,
428 2388 495 2431 non
528 2370 671 2453 denique
696 2370 800 2431 ullius
832 2369 950 2451 magni
975 2367 1127 2430 oratoris
1153 2367 1238 2429 liber

191 2468 287 2548 arrad
319 2469 546 2532 centumuiros
570 2472 681 2534 dietus
716 2467 872 2554 legatur,
891 2469 1060 2550 exeeptis
1091 2469 1238 2532 Asinii

194 2571 487 2646 orationibus,
532 2594 619 2655 quae
649 2595 731 2654 pro
765 2573 996 2635 heredibus
1033 2570 1239 2633 Urbiniae

194 2671 448 2747 inscribuntur,
472 2675 515 2736 ab
541 2675 617 2756 ipso
643 2685 758 2736 tamen
780 2675 933 2738 Pollione
961 2673 1113 2736 mediis
1149 2671 1239 2734 dini

193 2774 391 2854 Augusti
423 2777 695 2858 temporibus
727 2776 880 2848 habitae,
916 2787 1099 2859 postquam
1134 2776 1241 2855 longa

192 2887 386 2958 temporum
413 2877 508 2960 quies
537 2890 570 2940 et
592 2877 790 2940 continuum
807 2880 929 2960 populi
951 2878 1060 2939 otium
1089 2889 1123 2938 et
1151 2875 1239 2937 assi-

194 2977 264 3039 dua
287 2989 427 3040 senatus
450 2979 683 3061 tranquillitas
709 2991 742 3040 et
766 2979 912 3040 maximi
939 2978 1106 3061 principis
1136 2975 1238 3038 disci-

190 3078 289 3159 plina
311 3080 422 3161 ipsam
447 3101 580 3163 quoque
595 3079 822 3163 eloquentiam
838 3079 925 3142 sieut
946 3077 1064 3141 omnia
1085 3077 1156 3140 alia
1173 3098 1239 3160 pa·

195 3192 346 3243 cauerat.

260 3299 395 3380 Quintil.
420 3304 449 3376 t,
475 3305 503 3377 1,
532 3305 583 3366 11.
611 3303 729 3369 Etiam
749 3301 863 3385 partis
885 3301 1046 3363 aduersae
1070 3313 1241 3384 patronus

99 3440 104 3448 -
194 3400 288 3463 dabit
320 3403 469 3466 exordio
491 3406 691 3482 materiam,
720 3405 859 3468 interim
891 3426 955 3486 per
988 3403 1239 3475 contumeliam,

194 3503 256 3564 seri
278 3505 341 3566 boe
364 3527 533 3587 perquam
558 3530 654 3582 raro,
678 3521 716 3570 ut
742 3507 886 3570 Asinius
908 3526 976 3587 pro
1000 3504 1161 3566 Urbiniae
1183 3504 1240 3564 lte·

194 3604 333 3666 redibas
357 3605 557 3681 Labienum,
581 3609 774 3669 adversarii
795 3619 994 3689 patronum,
1019 3605 1109 3668 inter
1133 3623 1240 3684 argu·

196 3713 313 3762 menta
340 3707 450 3765 malae
471 3725 596 3767 causae
615 3707 746 3786 posuit.

230 3840 379 3902 Labienum]
416 3845 455 3899 qui
478 3849 582 3898 pessima
605 3862 662 3892 usus
690 3855 726 3893 est
746 3849 826 3904 lame,
856 3854 881 3893 ut
904 3850 967 3893 intra
992 3850 1107 3893 dicemus.
1144 3846 1241 3889 Asinius

265 3929 343 3987 Figuli
362 3942 458 3973 eausam
475 3931 524 3974 ium
543 3947 572 3978 ex
590 3949 619 3978 eo
637 3943 772 3990 suspectam
790 3943 814 3982 et
841 3938 928 3981 malam
956 3948 1009 3980 esse
1037 3933 1147 3985 dicebat,
1177 3929 1240 3988 quod

265 4015 387 4060 Labienus
408 4016 520 4060 defensor
541 4027 564 4064 et
585 4027 699 4076 patronus
722 4031 794 4073 esset.

260 4132 395 4212 Quintil.
424 4133 461 4208 7,
487 4135 522 4210 2,
550 4139 581 4199 5.
627 4142 690 4202 Est
716 4141 909 4226 quaesitum
934 4149 1055 4201 eontra
1080 4135 1241 4199 Urbiniae

195 4236 347 4312 herodot,
364 4236 397 4298 si
418 4233 460 4309 it,
487 4237 547 4318 qui
568 4250 743 4323 tamquam
760 4242 867 4322 filius
886 4240 1023 4324 petebat
1049 4238 1155 4312 bona,
1189 4239 1241 4300 Fi.
