2976 4844
244 329 304 390 154

244 499 318 550 tum
340 509 421 550 nse
447 489 531 569 lpse,
558 491 752 552 crtrnulatas
776 489 808 552 ei
833 502 961 553 ueteres
984 490 1104 552 laudes
1131 492 1289 554 modera-

245 591 350 654 tionis
383 603 415 653 et
446 591 693 672 temperantiae
721 615 788 674 pro
822 593 1085 673 reprehensione
1112 597 1290 674 praesenti

244 694 379 758 reddat.
424 693 642 774 Castigatum
666 694 757 757 enim
783 696 955 778 quondam
979 696 1023 758 ab
1043 718 1084 758 eo
1106 700 1287 776 populum,

243 797 315 871 ait,
347 797 439 880 quod
470 819 547 858 eum
573 810 780 877 perpetuum
810 801 986 860 consulem
1018 810 1051 860 et
1085 799 1289 862 dictatorem

244 903 340 964 vellet
356 899 506 989 sacere;
540 899 757 980 prohibuisse
792 911 927 962 statuas
958 900 1024 962 sibi
1059 901 1093 962 in
1123 902 1285 976 comitio,

244 1004 280 1068 in
312 1003 458 1074 rostris,
490 1003 526 1064 in
561 1003 680 1076 curia,
718 1004 754 1064 in
787 1000 979 1084 Capitolio,
1017 1004 1053 1066 in
1082 1006 1167 1065 cella
1196 1006 1288 1068 Ionis

240 1107 349 1189 poni;
373 1107 608 1187 prohibuisse,
640 1127 682 1168 ne
712 1107 978 1180 decerneretur,
1014 1118 1052 1168 ut
1078 1107 1197 1186 imago
1222 1129 1289 1168 scia

243 1209 445 1290 triumphali
476 1222 602 1270 ornatu
635 1233 653 1270 e
688 1211 814 1289 tempto
850 1208 943 1273 Ionis
978 1208 1101 1290 optimi
1138 1209 1287 1272 maximi

244 1313 368 1376 exiret.
415 1310 498 1390 Cap.
522 1312 575 1372 57.
620 1315 715 1374 Haec
739 1314 789 1372 net
814 1311 849 1372 in
873 1311 1072 1372 laudatione
1095 1312 1213 1392 posita
1234 1314 1286 1373 in·

242 1427 380 1499 gentem
406 1413 680 1495 magnitudinem
704 1414 812 1475 animi
839 1413 1060 1476 moderandis
1085 1415 1131 1474 ad
1153 1414 1286 1476 ciuilem

242 1519 395 1580 habitum
419 1516 606 1578 honoribus
632 1515 899 1596 significarent,
928 1537 1015 1599 quae
1039 1518 1286 1597 exprobrando

244 1621 403 1682 inimicus
417 1617 579 1706 fatetur.

305 1725 399 1786 Hanc
422 1741 545 1782 causam
570 1740 634 1782 non
658 1720 759 1781 solum
785 1719 910 1795 Livius,
933 1723 989 1784 sed
1009 1720 1133 1784 Gellius
1155 1743 1284 1807 quoque

242 1826 324 1899 Vll,
353 1824 390 1886 19
417 1833 527 1884 narrat
551 1834 581 1884 et
605 1833 691 1884 extat
716 1844 751 1884 ea
778 1825 816 1886 de
842 1845 876 1886 re
904 1823 986 1886 liber
1011 1824 1202 1908 singularis:
1231 1829 1284 1888 De

242 1931 280 1992 P.
300 1939 337 2003 et
365 1930 405 1988 L.
433 1927 632 2006 Scipionum
661 1927 880 1990 accusatione
909 1928 1065 2009 quaestio
1091 1929 1145 1990 eil.
1175 1931 1283 1990 Heer-

241 2049 363 2112 ruagen
392 2030 571 2113 Bayreuth
605 2027 698 2090 1836.
738 2029 814 2092 coll.
845 2029 928 2094 Jahn
960 2031 1052 2092 Neue
1079 2031 1283 2095 Jahrbiicher

243 2133 338 2196 1837.
382 2133 452 2195 XX
478 2131 519 2194 Β.
549 2131 567 2190 2
592 2131 638 2192 H.
666 2152 701 2211 p.
727 2132 800 2194 210.

505 2381 583 2438 vm.
615 2382 647 2438 n.
669 2381 800 2453 rupim
820 2369 1008 2456 reperiam.

304 2536 346 2596 L.
384 2531 556 2615 Papirius,
590 2532 769 2615 Fregellis,
808 2533 937 2598 colonia
969 2535 1064 2598 latina
1101 2539 1140 2598 ad
1177 2536 1281 2600 Lirim

239 2637 270 2702 in
299 2637 416 2700 finibus
447 2636 517 2718 agri
545 2635 730 2696 Samnitium
759 2637 932 2712 (Mannert
960 2639 1050 2702 ltalia
1081 2642 1107 2702 l.
1139 2661 1172 2720 p.
1200 2642 1281 2716 672)

240 2753 340 2813 ortus,
367 2742 473 2801 eadem
497 2738 567 2800 sere
592 2749 692 2800 aelate
721 2737 809 2814 vixit,
838 2762 898 2824 qna
924 2741 1076 2803 Tiberius
1100 2744 1280 2818 Gracchus,

238 2855 329 2924 pater
359 2840 416 2904 Ti.
447 2851 477 2903 ct
508 2839 567 2903 Cai
595 2842 839 2918 Gracchorum,
877 2840 991 2904 iterum
1020 2843 1129 2906 consul
1160 2865 1190 2906 a.
1219 2845 1277 2908 591

238 2945 341 3025 (iss).

372 3150 399 3206 1.
444 3148 543 3206 Oratio
563 3167 614 3221 pro
636 3150 815 3221 Fregellanis
834 3151 1013 3222 coloniisque
1033 3151 1140 3208 latinis.

302 3283 350 3345 Ea
375 3279 459 3342 dicta
486 3281 608 3343 videtur
631 3304 660 3344 a.
693 3281 753 3344 629
781 3283 881 3359 (195).

301 3385 352 3446 Eo
376 3383 458 3444 enim
485 3404 567 3447 anno
593 3387 645 3446 M.
669 3384 802 3447 Fulvius
828 3385 938 3447 consul
964 3384 1137 3449 seditiones
1162 3384 1281 3448 excitat

237 3485 408 3568 rogatione
438 3486 607 3567 proposita
642 3490 680 3550 de
715 3488 844 3551 civitate
877 3488 975 3551 sociis
1008 3487 1129 3551 Italicis
1164 3491 1279 3549 danda.

237 3588 450 3670 Fregellanos
479 3591 522 3650 ob
549 3601 693 3672 negatam
722 3590 881 3652 civitatem
908 3589 1099 3651 rebellantes
1131 3589 1173 3648 L.
1197 3588 1279 3668 Opi·

238 3691 316 3753 mius
355 3703 487 3771 praetor
515 3695 553 3752 ad
587 3690 777 3754 deditionem
809 3691 924 3774 adigit,
958 3692 1132 3770 urbemque
1166 3687 1277 3753 diruit.

235 3792 351 3857 Livius
382 3793 471 3874 Epit.
497 3795 550 3854 60.
596 3793 739 3856 Velleius
765 3793 804 3866 2,
827 3794 858 3854 6.
905 3793 1033 3852 Auctor
1055 3792 1094 3850 ad
1118 3791 1278 3854 Herenni·

235 3919 285 3959 um
312 3900 341 3970 h,
365 3898 396 3959 9.
446 3895 598 3977 Papirius
626 3917 692 3957 rem
720 3880 988 3974 Fregellanorum
1018 3890 1277 3976 reliquarumque

235 3999 435 4063 coloniarum
459 3998 626 4060 latinarum
648 3995 789 4060 defendit
812 4017 874 4077 pro
897 3994 998 4079 iisque
1019 3995 1051 4057 in
1070 4009 1179 4058 senatu
1203 4017 1277 4059 ora-

232 4102 350 4165 tionem
376 4100 469 4163 dixit.

296 4204 416 4267 Cicero
444 4204 474 4264 in
503 4205 605 4266 Bruto
630 4223 660 4263 c.
690 4201 741 4276 lh,
770 4205 843 4265 170.
899 4205 1004 4284 Aliud
1033 4203 1184 4265 maiores
1216 4222 1276 4264 no-

234 4318 326 4369 stros
350 4305 447 4367 video
472 4305 739 4368 disertissimum
767 4306 920 4368 habitum
945 4329 992 4368 ex
1017 4306 1119 4369 Latio
1146 4310 1186 4368 L.
1211 4308 1275 4368 Pa-
