2958 4840
1163 339 1225 410 ttt

169 493 388 582 praeferret,
419 505 457 555 ut
475 490 561 582 fuit
590 492 641 556 illi
671 491 746 556 ciro
774 493 951 575 ingenium
981 517 1164 564 amoenum
1188 511 1222 564 et

172 597 335 679 temporis
358 597 431 658 eiue
452 595 596 658 nuribae
618 596 923 664 accommodatum.
944 598 1156 666 adnotabant
1170 624 1222 666 ee·

173 699 299 773 nioree,
324 699 446 783 quibus
470 697 621 761 otiosum
640 708 691 760 eet
717 709 832 760 vetera
855 711 890 761 et
915 702 1115 781 praesentia
1141 725 1220 768 con-

172 801 322 875 tendere,
343 801 497 882 primum
518 822 565 862 ex
587 799 648 874 ite,
670 800 729 884 qui
747 822 865 862 rerum
876 801 981 882 potiti
1003 816 1128 880 essent,
1149 808 1221 872 Ne·

173 919 291 965 ranem
309 905 443 966 alienae
460 901 653 988 facundiae
675 902 825 985 eguisse.
875 913 879 924 “

341 1043 370 1098 2.
397 1041 495 1098 Oratio
515 1041 637 1098 Neronis
657 1043 693 1096 ad
714 1041 821 1098 milites
841 1043 1051 1112 praetorianos.

236 1157 316 1218 Eam
339 1153 449 1217 habuit
472 1155 562 1217 Nero
587 1175 616 1215 a.
641 1153 702 1215 807
726 1155 804 1232 (51),
826 1177 896 1216 cum
918 1153 1086 1236 imperium
1116 1153 1220 1233 iniret,

172 1278 211 1320 eo
234 1259 297 1318 fine
328 1268 361 1317 ut
389 1255 502 1318 milites
528 1255 588 1318 sibi
614 1253 800 1319 conciliaret
823 1256 1061 1338 praetorianos,
1090 1279 1222 1344 eamque

172 1370 398 1440 composuerat
421 1359 554 1420 Seneca.

237 1460 303 1525 Dio
318 1459 410 1525 Cass.
425 1459 446 1525 l.
468 1462 521 1534 51,
539 1460 571 1521 3.
589 1455 671 1523 ἑπτὰ
693 1460 728 1523 δὲ
751 1463 806 1524 καὶ
828 1461 905 1524 δέκα
929 1459 983 1540 ἔτη
1003 1447 1080 1546 ἦγεν
1101 1461 1221 1540 (Nero)

173 1555 217 1628 ὅτ’
242 1550 344 1650 ἦρξεν.
367 1562 398 1639 ἔς
427 1586 460 1626 τε
491 1585 528 1626 το
551 1554 774 1646 στρατόπεδον
797 1563 935 1642 ignitio,
972 1569 1027 1627 καὶ
1056 1559 1223 1648 ἀναγνοὺς

174 1657 257 1731 ὅσα
282 1661 299 1730 ὁ
322 1665 521 1740 Σενέκας
544 1657 800 1754 ἐγεγράφει,
822 1657 977 1750 ὑπέσχετο
1008 1660 1122 1742 αὐτοῖς
1154 1655 1219 1730 ’σ’σα

175 1761 192 1831 ὁ
220 1762 389 1843 Κλαύδιος
411 1761 566 1831 ἐδεδώκει.

434 1921 463 1979 3.
484 1921 584 1978 Oratio
603 1921 725 1980 Neronis
744 1925 781 1982 ad
802 1928 942 1982 senatum.

236 2032 332 2097 Dicta
355 2045 402 2096 est
425 2054 455 2094 a.
478 2033 538 2094 807
561 2033 643 2112 (51);
668 2056 800 2119 eamque
822 2036 1007 2099 confecerat
1033 2037 1167 2100 Seneca.

236 2134 302 2197 Dio
319 2134 411 2197 Cass.
439 2135 460 2196 Ι.
478 2136 529 2209 51,
546 2134 575 2196 3.
599 2137 746 2200 τοσαῦτα
770 2138 804 2200 δὲ
827 2143 881 2200 καὶ
902 2135 985 2223 πρὸς
1004 2135 1062 2218 τὴν
1088 2135 1222 2223 βουλὴν,

173 2233 276 2324 πρὸς
297 2237 369 2300 τοῦ
385 2237 427 2299 Σ
434 2261 447 2301 ε
458 2239 500 2301 νέ
507 2259 553 2300 κο
566 2260 585 2301 ν
600 2241 656 2301 καὶ
668 2233 755 2302 αὐτὰ
764 2241 946 2328 γραφέντα,
971 2235 1106 2324 ἀνέγνω,
1131 2231 1174 2316 ὥς
1190 2265 1223 2306 τι

174 2343 230 2403 καὶ
258 2339 289 2415 ἐς
317 2332 464 2428 ἀργυρᾶν
497 2333 619 2418 στήλην
650 2340 872 2430 ἐγγραφῆναι,
894 2345 949 2405 καὶ
975 2341 1009 2406 ἐν
1034 2346 1107 2418 ταῖς
1136 2345 1225 2418 νέαις

173 2441 238 2505 τῶν
260 2434 309 2505 ἀεὶ
328 2435 461 2506 ὑπάτων
475 2435 593 2528 ἀρχαῖς
613 2436 906 2525 ἀναγινώσκεσθαι
920 2444 1155 2534 ψηφισθῆναι.
1167 2448 1222 2508 καὶ
1322 2513 1323 2518 ,

174 2545 207 2606 οἱ
236 2549 296 2628 μὲν
317 2545 351 2607 ἐκ
380 2539 523 2621 τούτων,
546 2537 589 2620 ὡς
615 2549 670 2608 καὶ
692 2539 777 2608 κατὰ
800 2539 998 2634 συγγραφήν
1017 2568 1090 2610 τινα
1115 2545 1222 2621 καλῶς

175 2640 437 2731 ἀρχθησόμενοι,
456 2641 746 2732 παρεσκευάζοντο.

349 2801 390 2870 ι1.
413 2801 513 2859 Oratio
533 2802 654 2858 Neronis
673 2818 726 2873 pro
745 2802 855 2858 Plautio
875 2803 1031 2859 Laterano.

238 2933 317 2996 Eam
342 2935 433 2996 Nero
456 2931 533 2994 dixit
556 2954 585 2994 a.
610 2933 672 2996 808
695 2934 773 3010 (55).
819 2931 926 2995 Tacit.
950 2933 1066 3001 Aonal.
1091 2933 1143 3008 13,
1168 2935 1221 2996 11.

175 3035 320 3102 Claudio
342 3037 482 3100 Nerone
504 3039 545 3097 L.
569 3033 723 3098 Antistio
752 3035 945 3097 consulibus
968 3073 1008 3086 -
1033 3046 1151 3097 secuta
1171 3046 1223 3098 eet

175 3139 298 3202 lenitas
321 3137 356 3199 in
379 3136 554 3200 Plautium
573 3141 796 3210 Lateranum,
824 3157 924 3218 quem
945 3137 989 3200 ob
1012 3136 1223 3199 adulterium

175 3240 387 3304 Messalinae
406 3239 527 3301 ordine
551 3248 721 3301 remotum
741 3237 891 3300 reddidit
911 3237 1057 3312 senatui,
1076 3239 1221 3300 clemen·

174 3342 260 3403 tiam
279 3361 379 3404 cuam
400 3340 619 3422 obstringens
648 3339 775 3402 crebris
800 3338 1027 3414 orationibus,
1053 3360 1138 3423 quae
1158 3343 1222 3404 Se·

175 3465 288 3519 neca,
312 3443 535 3521 testificando
554 3464 657 3527 quam
677 3443 820 3504 honesta
838 3441 1065 3524 praeciperet,
1083 3443 1134 3503 vei
1154 3439 1224 3502 iac·

176 3547 275 3608 tandi
299 3547 432 3628 ingenii
457 3568 536 3608 voce
555 3543 725 3626 principie
750 3542 925 3624 vulgabat.

251 3685 280 3742 5.
303 3683 402 3740 Oratio
421 3682 543 3738 Neronis
562 3682 599 3737 de
618 3682 709 3736 morte
728 3678 918 3761 Agrippinae,
939 3677 1039 3734 matris
1058 3691 1140 3734 suae.

240 3798 289 3860 Ea
313 3793 420 3859 oratio
447 3791 538 3854 missa
564 3793 602 3854 ad
625 3802 765 3854 senatum
788 3811 817 3854 a.
845 3790 906 3852 812
927 3791 1007 3869 (59).

241 3896 349 3962 Tacit.
374 3898 461 3960 Anu.
486 3894 536 3970 11,
561 3894 610 3959 11.
642 3895 741 3960 Nero
762 3893 897 3956 litterae
918 3891 966 3954 ad
983 3902 1140 3954 cenatum
1159 3890 1223 3953 mi·

176 4002 233 4078 eit,
258 4019 407 4084 quarum
428 4014 563 4061 nummo
584 4007 678 4070 erat,
709 4006 884 4076 repertum
911 4013 990 4056 cum
1013 3989 1120 4077 ferro
1144 4013 1224 4074 per·

177 4124 353 4168 cacconem
374 4099 588 4184 Agerinum,
611 4119 658 4160 ecc
680 4096 811 4160 intimis
833 4093 1050 4178 Agrippinae
1079 4092 1223 4168 libertis,

176 4219 210 4269 et
232 4205 339 4270 luicee
360 4224 438 4267 eam
456 4219 607 4284 poenam
628 4197 856 4273 conscientia,
890 4215 959 4280 qua
980 4197 1091 4259 coelus
1115 4213 1223 4277 para·

178 4309 292 4372 viceet.
315 4305 497 4391 adiiciebat
519 4302 667 4368 crimino
687 4299 826 4384 longine
847 4297 1008 4382 repetita,
1031 4297 1124 4382 quod
1136 4315 1224 4365 ¹con·
