2958 4840
247 579 343 652 Atque,
366 579 431 634 loeo
450 583 498 640 est,
520 577 607 638 dicas,
633 574 767 643 semodio
785 574 910 643 principe
929 573 1031 644 diqna,

282 674 392 744 eloquio
411 677 517 727 tantum
536 667 692 724 nobilitatis
711 668 790 722 inest.

176 792 292 835 iuvenum
307 785 440 848 princeps]
477 787 568 832 Cesser
587 783 755 831 Germanicus·

195 907 365 972 Suetonius
388 904 536 991 Caligula
560 906 592 969 3.
637 906 765 969 Omnes
786 903 993 968 Germanico
1026 901 1184 983 corporis

132 1012 306 1096 animique
335 1012 491 1080 uirtutes,
515 1020 548 1071 et
570 1019 719 1091 quantas
740 1006 870 1082 nemini
897 1006 1075 1089 cuiquam,
1104 1024 1185 1066 con·

132 1113 252 1195 tigisse
276 1111 364 1174 satis
386 1122 538 1183 constat,
557 1108 726 1200 formam
748 1121 781 1171 et
805 1105 1063 1198 fortitudinem
1085 1127 1184 1187 egre·
1208 1146 1215 1164 .

131 1213 238 1294 giam,
261 1213 488 1294 ingenium
510 1212 553 1272 in
576 1224 759 1295 utroque
787 1209 1067 1295 eloquentiae
1092 1209 1186 1271 doc-

131 1313 364 1395 trinaeque
395 1333 551 1395 genere
580 1315 868 1394 pruecellens.
893 1347 933 1358 —-
955 1312 1078 1376 Oruvit
1098 1331 1180 1372 cuu-

129 1435 189 1475 sas
210 1413 314 1474 etium
336 1412 556 1493 triumphalis
577 1424 679 1495 atque
701 1414 817 1474 inter
839 1425 987 1476 cetera
1015 1413 1180 1476 studio·

130 1537 221 1586 rum
244 1505 496 1577 moumentu
518 1514 653 1598 reliquit
678 1526 710 1575 et
732 1513 928 1577 comoedias
950 1535 1108 1595 graecas.

165 1638 340 1700 triumphalis]
376 1654 399 1684 e.
422 1636 470 1684 7⁶3
491 1634 536 1694 (¹0
556 1653 579 1694 ρ.
600 1639 670 1694 Ch.).
712 1623 789 1696 Atque
809 1640 856 1684 Dio
879 1642 947 1684 testis
967 1649 1005 1686 est
1025 1642 1043 1683 l·
1067 1635 1109 1694 56,
1133 1637 1179 1695 26,

143 1708 145 1712 ⁴
204 1730 277 1774 elium
296 1731 318 1772 iu
339 1731 462 1772 consulatu
481 1742 504 1770 e.
521 1721 570 1769 765
591 1725 646 1783 (12)
669 1740 751 1772 causas
772 1740 824 1772 euin
845 1728 932 1786 egisse.

166 1825 251 1862 cetera
269 1813 438 1873 monumento]
476 1816 543 1872 Quae
567 1819 621 1857 suist
643 1814 701 1858 hese
724 1816 857 1859 studiorum
876 1811 1049 1863 monuments?
1074 1818 1184 1878 intelligo

201 1908 323 1949 orationes
350 1909 373 1948 el
400 1909 519 1960 poemate.
547 1903 653 1945 caninius
682 1905 745 1945 enirn
767 1917 821 1946 euin
844 1904 965 1962 edidisse,
993 1918 1063 1948 uerno
1085 1905 1183 1963 ignoret

200 1991 339 2050 (supersunt
351 1993 433 2043 enirn).
471 1991 601 2036 Orationes
623 1989 757 2049 reliquisse,
782 2003 810 2033 ex
829 1989 914 2034 Tacito
937 1991 1098 2035 ineurilesturu.

197 2111 330 2173 Tacitus
353 2110 384 2172 in
409 2108 585 2173 Annalibus
609 2109 638 2182 2,
663 2107 729 2169 83..
762 2107 815 2170 ubi
840 2112 877 2170 de
902 2109 1078 2172 honoribus
1101 2111 1186 2172 Ger·

132 2211 256 2274 uranico
280 2225 406 2274 mortuo
429 2211 558 2274 tributis
580 2210 693 2286 refert,
712 2211 792 2272 haec
807 2209 918 2272 scribit
930 2233 940 2272 :-
963 2215 1048 2275 Crem
1070 2231 1184 2273 cense-

132 2327 228 2376 retur
252 2316 380 2396 clipeus
402 2335 492 2376 auro
514 2326 546 2376 et
570 2313 809 2396 magnitudine
832 2313 979 2400 insignis
996 2315 1085 2382 inter
1103 2335 1184 2378 auc·

131 2429 225 2479 tores
258 2407 482 2498 eloquentiae,
513 2415 721 2478 asseveravit
752 2417 911 2490 Tiberim
947 2416 1087 2480 solitum
1121 2438 1184 2498 pa·

132 2540 270 2601 remque
299 2517 420 2580 ceteris
450 2518 675 2591 dicaturum,
696 2539 803 2601 neque
833 2520 923 2584 enim
954 2519 1183 2602 eloquentiam

122 2620 288 2708 fortuna
309 2621 470 2695 discerni,
492 2634 524 2683 et
547 2620 633 2683 satis
654 2620 800 2696 illustre,
824 2620 855 2682 si
878 2631 1047 2683 ueteres
1069 2611 1187 2682 inter*

132 2723 377 2805 scriptores
399 2723 593 2786 haberetur.

170 2846 267 2882 veteres
286 2841 353 2884 inter
375 2838 524 2898 scriptores]
569 2854 599 2884 ει
625 2843 669 2886 hoc
695 2843 748 2886 loco
768 2841 898 2886 verisimile
928 2846 983 2898 est,
1014 2840 1185 2887 Germanicum

203 2929 326 2971 orationes
349 2929 467 2973 edidisse:
488 2942 541 2970 narn
567 2930 628 2972 iuter
652 2933 745 2971 veteres
771 2928 903 2984 scriptores
921 2928 1016 2972 habitus
1037 2942 1083 2972 uon
1107 2933 1181 2980 esset,

203 3015 248 3058 nisi
272 3017 322 3070 ipse
345 3015 450 3069 scriptor
472 3016 559 3059 luisset
576 3017 593 3059 i.
617 3029 640 3059 c.
664 3015 709 3059 nisi
731 3016 856 3059 orationes
875 3016 1021 3072 reliquisset.

485 3134 614 3192 cxxvt.
646 3135 678 3190 P.
702 3133 836 3192 Vitellius.

199 3265 354 3350 Aequalis
376 3265 445 3328 fere
471 3264 621 3330 Caesaris
644 3266 841 3328 Germanici.
874 3267 1008 3329 Sustou.
1036 3265 1186 3328 Vitellius

135 3368 166 3429 2.
198 3376 240 3432 Β.
267 3370 443 3444 Vitellius,
481 3389 584 3452 eques
620 3389 785 3430 romanus
820 3381 852 3430 et
885 3390 1003 3431 rerum
1032 3370 1186 3452 Augusti

131 3485 353 3551 procurator,
369 3484 520 3554 quatuor
534 3471 640 3548 filios
662 3472 894 3553 amplissimae
905 3471 1090 3552 dig-nitatis
1101 3493 1184 3554 eog-

133 3573 289 3634 nomines
310 3595 351 3635 nc
374 3585 509 3636 tuntum
528 3573 810 3653 praenominibus
833 3575 1013 3634 distinctos
1037 3573 1183 3655 reliquit,

135 3677 276 3747 Aulum,
301 3675 485 3755 Quintum,
509 3675 682 3748 Publium,
709 3674 866 3736 Lucium.
909 3676 1019 3738 Aulus
1042 3674 1077 3736 in
1103 3693 1183 3737 con·

133 3777 248 3838 sulatu
271 3777 363 3840 obiit.
387 3779 544 3853 Publius,
566 3776 763 3841 Germanici
785 3798 910 3848 comes,
934 3779 998 3840 Cn.
1024 3778 1184 3840 Pisonem

138 3877 314 3938 inimicum
336 3890 368 3938 et
392 3876 654 3966 interfectorem
675 3879 761 3951 eius,
786 3878 959 3954 accrescerit
981 3879 1185 3942 condemna·-

136 3976 259 4060 oitque‚
285 4000 325 4038 ac
346 3992 428 4060 post
455 3993 641 4060 praeturae
663 3983 829 4043 honorem
857 3977 945 4043 inter
969 3981 1085 4066 Seiani
1106 4002 1186 4044 con·

135 4080 226 4173 scios
248 4092 422 4160 arreptus,
448 4092 481 4141 et
503 4081 538 4141 in
561 4082 752 4144 custodiam
764 4082 890 4170 fratri
913 4085 1022 4160 datus,
1048 4085 1188 4167 scalpro

136 4183 279 4244 librario
303 4200 406 4243 uenus
429 4181 496 4244 sibi
518 4183 656 4256 incidit,
680 4204 740 4243 nec
763 4197 834 4245 tam
859 4188 980 4248 mortis
1008 4189 1184 4268 poeniten·

136 4285 187 4346 tia
208 4305 311 4368 quam
333 4301 479 4346 suorum
506 4284 733 4347 obtestatione
760 4283 911 4368 obligari
940 4289 1125 4371 curarique
1150 4311 1186 4352 se

136 4402 273 4469 passus,
299 4389 334 4448 in
357 4387 475 4450 eadem
498 4385 657 4450 crestodiu
680 4386 799 4449 morbo
818 4387 936 4468 periit.

185 4513 257 4552 naseu
269 4515 325 4554 unu
335 4514 392 4560 nun
402 4514 483 4566 ungu.
499 4512 559 4554 set.
965 4509 1005 4572 36
