2976 4844
1189 361 1249 426 123

269 519 383 584 Livius
408 519 431 581 l.
456 519 506 593 39,
533 521 585 583 lb.
631 521 796 584 Catonem
830 541 871 582 ne
901 531 1055 583 senectus
1087 519 1247 604 quidem,

200 645 290 709 quae
315 623 416 686 solvit
442 622 571 692 omnia,
592 619 739 713 fregit,
772 623 832 706 qui
857 634 997 685 sextum
1022 633 1056 686 et
1079 623 1248 708 octogesi-

202 747 296 790 mum
323 745 454 788 annum
479 745 590 808 agens
615 745 757 787 causam
787 724 891 799 dixit,
924 725 997 794 inse
1021 747 1089 808 pro
1111 748 1147 789 se
1171 746 1249 790 ora·

201 830 260 907 vit,
291 829 511 912 scripsitque,
544 829 772 911 nonagesimo
801 849 894 892 anno
922 832 998 893 Ser.
1029 830 1175 893 Galbam
1202 829 1250 891 ad
1347 880 1351 894 .

199 931 322 1016 populi
342 930 509 995 iudicium
533 931 697 993 adduxit.
746 939 802 1020 Ὗ

267 1033 402 1114 Quintil.
428 1035 458 1108 2,
483 1035 535 1109 15,
562 1033 594 1095 8.
641 1034 797 1098 Servium
821 1032 959 1116 quidem
979 1036 1125 1098 Galbam
1149 1035 1249 1098 mise·

201 1138 338 1202 ratione
368 1139 462 1212 sola,
498 1159 568 1221 qua
600 1158 669 1200 non
696 1157 788 1226 suos,
805 1136 909 1201 modo
935 1136 1062 1203 liberos
1085 1140 1250 1219 paruulos

201 1241 238 1304 in
266 1240 465 1304 concionem
490 1240 725 1322 produxerat,
762 1239 823 1301 sed
849 1239 942 1304 Galli
973 1240 1079 1306 etiam
1105 1243 1250 1325 Sulpicii

193 1343 320 1422 filium
357 1344 431 1408 suis
468 1343 543 1425 ipse
578 1342 737 1406 manibus
774 1342 1054 1418 circumtulerat,
1096 1349 1250 1426 elapsum

201 1467 288 1520 esse,
315 1467 393 1510 cum
416 1447 568 1512 aliorum
586 1445 817 1510 monumentis
838 1457 911 1508 tum
933 1446 1076 1511 Catonis
1092 1449 1250 1512 oratione

202 1560 369 1615 testatum
398 1560 462 1612 est.

272 1651 396 1716 Gellius
423 1653 475 1729 13,
495 1653 549 1716 tl.
594 1653 682 1716 Cato
700 1671 741 1712 cx
766 1649 937 1734 Originum
956 1651 1094 1734 septimo
1120 1653 1156 1718 in
1174 1675 1254 1718 ora·

202 1755 315 1830 tione,
344 1776 449 1838 quam
475 1766 597 1818 contra
623 1753 781 1818 Servium
807 1755 952 1821 Galbam
976 1754 1075 1831 dixit,
1103 1756 1249 1838 complu·

202 1857 292 1921 ribus
323 1857 490 1922 vocabulis
519 1877 617 1938 super
646 1858 755 1919 eadem
785 1877 821 1919 re
851 1879 925 1920 usus
950 1870 1018 1922 cett
1055 1863 1175 1924 Multa
1199 1882 1251 1922 me

203 1961 388 2026 dehortata
412 1973 494 2024 sunt
525 1962 590 2022 huc
618 1958 782 2042 prodire,
809 1960 913 2035 anni,
940 1973 1058 2038 aetas,
1087 1984 1174 2039 vox,
1202 1962 1250 2026 oi·

203 2085 284 2139 res,
320 2075 497 2137 senectus:
535 2083 615 2128 vero
650 2063 826 2128 enimvero
860 2085 965 2148 quom
1005 2075 1141 2128 tantam
1177 2086 1251 2130 rem

203 2167 367 2250 peragier
391 2167 598 2230 arbitrarer.

239 2313 318 2358 mulla
339 2325 379 2358 me
400 2309 534 2358 dehortata
552 2310 622 2370 eunt]
667 2313 696 2356 ed
720 2313 783 2356 hunc
804 2311 903 2356 Gelonis
925 2315 1004 2358 locum
1028 2315 1135 2360 alludere
1158 2315 1252 2362 videtur

275 2407 359 2446 ructor
381 2414 512 2451 ononimus
543 2399 573 2446 de
593 2399 713 2463 figuris,
742 2413 812 2456 quem
837 2401 1003 2458 Quicheretiue
1031 2404 1134 2457 primum
1158 2405 1250 2460 estoit,

274 2491 358 2536 deinde
380 2490 498 2544 saupptue
519 2493 602 2534 noster
627 2493 651 2535 et
671 2488 805 2532 escenderit
828 2493 852 2532 et
875 2489 1005 2534 illustravit
1025 2491 1049 2534 in
1071 2487 1183 2545 Epistola
1202 2493 1251 2536 cri·

275 2580 322 2623 lice
345 2579 374 2624 sd
395 2578 428 2623 G.
450 2579 614 2623 llenneunum
637 2589 661 2632 p.
687 2569 847 2620 tot-170.

273 2697 510 2774 Συναθροισμὸς.
519 2699 568 2748 Est
579 2699 714 2746 conductio
723 2712 817 2758 conque
826 2699 955 2760 gregatis,
965 2713 1024 2746 cum
1033 2698 1169 2748 adcumula
1178 2716 1231 2750 ree.

518 2788 615 2836 Multae
627 2787 761 2834 hortantur
770 2801 880 2833 meree:
894 2794 973 2844 cetae,
986 2795 1093 2848 tempus,
1104 2791 1191 2848 amici,

517 2875 657 2924 Concilium
667 2884 752 2926 tantae
762 2876 854 2936 plebis,
866 2876 992 2924 dementia
1004 2884 1101 2924 natum.

240 3023 313 3084 aeni]
350 3037 407 3070 nem
419 3023 542 3068 mxv
564 3036 650 3079 annos,
671 3028 696 3068 et
715 3022 802 3068 Cicero
829 3027 913 3067 ructor
935 3027 982 3077 est,
1004 3023 1254 3074 veGCennoeeret

274 3117 354 3175 nctus,
378 3118 402 3157 ot
425 3113 509 3158 Lirim
530 3112 626 3158 scribit.

239 3251 293 3283 rem
310 3236 443 3300 peragier]
480 3239 515 3282 sic
536 3238 608 3283 etiem
632 3238 687 3283 eod.
709 3237 771 3296 neg.
793 3241 854 3283 teste
866 3238 1007 3286 Duebnero.

271 3358 395 3424 Gellius
422 3362 451 3436 1,
480 3359 533 3422 12.
576 3359 632 3422 M.
660 3360 747 3422 Cato
776 3358 817 3422 lle
843 3359 1036 3436 Lusitanis,
1066 3381 1146 3424 cum
1173 3365 1253 3426 Ser·

207 3462 302 3540 nium
325 3463 472 3532 Galbam
496 3460 693 3526 accusavit:
721 3464 855 3525 Tamen
880 3463 998 3526 dicunt
1014 3462 1171 3542 'defecere
1195 3486 1253 3530 vo-

205 3565 326 3631 luisse.
371 3569 453 3650 Ego
471 3585 524 3628 me
540 3584 629 3628 nunc
647 3565 724 3628 colo
739 3565 795 3627 ius
806 3565 1032 3648 pontificium
1048 3566 1175 3650 optime
1190 3566 1255 3634 sci·

206 3690 266 3735 re:
287 3669 401 3734 iamne
425 3690 467 3732 ea
486 3689 593 3732 causa
609 3664 780 3757 pontifex
804 3667 953 3750 capiar?
981 3669 1020 3736 Si
1039 3672 1116 3735 volo
1139 3692 1252 3756 augu-

204 3772 301 3838 rium
329 3772 458 3856 optime
487 3784 627 3846 tenere,
653 3770 769 3857 ecquis
795 3791 848 3833 me
875 3771 918 3834 ob
943 3793 1022 3836 eam
1046 3795 1121 3836 rem
1140 3793 1254 3858 augu-

207 3897 281 3938 rem
305 3875 449 3960 capiat?

241 4020 329 4068 tauns
346 4021 456 4084 deficere
477 4021 539 4080 rol]
576 4023 611 4068 sic
631 4021 726 4076 culpem
747 4032 862 4064 excutere
884 4019 1012 4065 studebant
1035 3984 1112 4064 Galba
1134 4023 1158 4062 et
1179 4017 1254 4062 Nobi·

280 4111 327 4158 lior
346 4117 471 4180 petronus.
518 4111 596 4156 Simili
619 4114 760 4172 ergumcuto
782 4109 842 4153 Ceto
863 4109 887 4153 in
909 4108 1018 4170 cretione
1040 4119 1084 4162 pro
1106 4106 1254 4155 Rhodiensi-

212 4204 216 4215 ‘
278 4197 322 4242 bue
344 4197 366 4258 1.
389 4195 413 4244 7.
436 4204 472 4243 eet
492 4212 557 4243 osus.
