2970 4836
1153 362 1193 424 23

208 519 310 586 Conf.
340 517 495 583 Valerius
525 519 622 582 Max.
647 519 676 592 9,
706 521 734 592 1,
762 519 794 582 3.
834 519 960 583 Walter
986 519 1107 584 Gesch.
1137 522 1192 582 des

143 622 328 687 romischen
352 623 474 684 Rechts
504 643 538 701 p.
565 621 638 684 252.

207 723 322 788 Livius
356 725 534 807 elegantem
567 743 641 786 sane
677 724 855 786 orationem
895 723 1013 788 Catoni
1049 723 1190 800 tribuit,

146 831 200 892 set
223 849 240 889 a
267 825 402 890 Catonis
429 835 532 888 aetate
562 837 656 907 atque
684 847 802 906 genere
830 825 954 890 dicendi
982 826 1111 888 multum
1136 830 1193 889 ab·

146 932 281 999 horrere
309 928 448 990 videtur.
488 929 593 1008 Ipsam
614 927 681 990 eius
702 927 880 992 orationem
903 949 965 992 non
984 929 1116 1010 amplius
1137 931 1192 991 hn-

147 1034 271 1105 bemus,
299 1041 330 1092 ct
356 1051 458 1112 panca
481 1029 660 1111 fragmenta
689 1051 854 1111 superesse
885 1029 1045 1094 videntur.
1094 1033 1194 1094 Errat

146 1146 246 1197 autern
278 1131 452 1216 Sigonius,
484 1153 553 1194 enm
588 1135 627 1196 ad
649 1131 780 1194 Livium
810 1133 862 1206 34,
892 1135 921 1208 i,
951 1135 981 1196 7.
1008 1132 1109 1197 dicit:
1138 1134 1193 1198 Ci-

145 1249 195 1299 tnt
221 1236 424 1302 Priscianus
445 1237 533 1296 hanc
560 1235 753 1298 orationem
775 1257 853 1298 cum
875 1238 938 1298 hoe
960 1236 1090 1298 indice:
1107 1239 1193 1301 Cato

146 1340 182 1400 in
200 1340 377 1402 orationes
400 1339 455 1401 Ne
475 1340 535 1398 lex
555 1337 670 1418 Oppia
689 1337 892 1419 abrogetur.

209 1443 306 1523 Quod
336 1439 362 1502 si
390 1441 468 1501 haec
501 1437 607 1502 oratio
642 1449 840 1519 superesset,
879 1437 975 1500 facile
1011 1459 1192 1520 cognosce·

145 1565 261 1620 remus,
278 1555 478 1626 quantopere
495 1540 555 1603 iam
574 1554 640 1602 turn
659 1540 785 1603 luxuria
802 1560 861 1602 una
878 1561 949 1603 curn
967 1540 1110 1604 moribus
1130 1543 1193 1604 ele-

146 1645 348 1730 gantioribus
373 1647 496 1708 Rornae
523 1665 661 1727 regnare
687 1644 843 1723 coeperit.

211 1747 342 1810 Servius
371 1747 401 1810 in
428 1746 527 1829 Virg.
554 1746 688 1809 Aeneid.
715 1747 747 1820 4,
770 1746 866 1808 698.:
884 1745 1030 1837 flauum
1050 1745 1192 1809 crinem.

143 1854 187 1916 In
204 1853 333 1916 Catone
351 1850 481 1931 tegitur
504 1850 545 1913 dc
570 1861 809 1912 matronarum
827 1849 1000 1912 crinibus:
1022 1852 1126 1912 Flavo
1147 1849 1195 1912 ci-

144 1973 226 2015 nere
251 1952 478 2026 auctitabant,
504 1962 543 2014 ut
561 1951 686 2014 rutilae
703 1962 828 2014 essent.

176 2115 245 2180 flacc
264 2113 360 2172 cinere]
392 2116 444 2158 vide
470 2115 574 2172 Rntgers
590 2113 695 2158 Ouwens
717 2113 806 2158 Noctes
825 2115 936 2173 Reganus
957 2131 980 2172 p.
1003 2111 1063 2161 622.
1098 2113 1194 2172 „Cato,

216 2207 259 2256 ait,
282 2201 445 2260 exprobravit
465 2203 591 2245 matronis
609 2202 709 2256 luxum,
730 2203 821 2261 quippe
842 2219 919 2263 qnae,
939 2209 965 2248 ut
984 2205 1079 2250 rutilae
1099 2211 1194 2258 essent,

217 2291 244 2336 iet
258 2296 305 2346 est,
326 2297 352 2335 nt
371 2289 514 2335 siderentur
525 2285 671 2348 formosus,
691 2303 739 2334 non
757 2296 783 2334 ut
800 2293 956 2346 rneretricss,
976 2293 1084 2337 colorem
1106 2304 1196 2337 comae

216 2381 334 2438 insperso
352 2381 438 2424 cinere
455 2377 526 2440 flauo
547 2379 707 2432 tentaverint,
727 2386 752 2423 et
769 2377 886 2424 decorem
903 2393 937 2424 ex
956 2380 1002 2424 iilo
1017 2381 1101 2426 colore
1119 2395 1195 2440 quae.

216 2470 376 2518 riserintfl-

211 2587 343 2652 Servius
368 2587 401 2650 in
429 2586 529 2670 Virg.
562 2587 646 2648 Aen.
672 2586 710 2660 3,
735 2584 787 2646 (ιλ.
827 2588 910 2650 Uato
938 2585 1004 2659 atr,
1039 2585 1197 2667 deposita

145 2704 248 2767 ueste,
265 2688 618 2779 purpureufeminas
638 2708 723 2750 usas
744 2689 914 2762 caerulea,
931 2707 1009 2749 eum
1023 2689 1195 2770 lugerent.

186 2855 260 2916 Cato]
289 2857 417 2912 incertum,
442 2860 522 2898 ntruns
543 2855 567 2898 in
590 2853 633 2896 hec
655 2853 765 2897 oratione
787 2865 816 2894 un
837 2852 915 2906 potius
935 2850 958 2894 in
981 2851 1049 2897 libris
1070 2851 1196 2910 Originum

218 2946 241 2988 id
263 2945 363 2990 dixerit.

212 3063 256 3126 Ut
278 3075 380 3128 autem
405 3060 518 3124 Livius
542 3059 721 3124 orationem
739 3056 874 3121 Catonis
896 3058 1003 3122 fictam
1024 3056 1117 3138 operi
1137 3079 1197 3122 suo

145 3164 299 3240 inseruit,
324 3163 368 3226 ita
395 3162 506 3247 graeci
530 3183 660 3247 qnoque
687 3159 865 3242 scriptores
886 3160 969 3223 idem
995 3159 1155 3226 feceruut.

213 3266 407 3332 Plutarchus
438 3265 495 3328 vit.
524 3264 643 3329 Caton.
674 3262 707 3325 8.
755 3265 896 3330 Μέλλων
925 3269 1005 3328 ιτοτὲ
1035 3260 1093 3328 τὸν
1118 3257 1196 3328 Ῥω-

146 3369 254 3456 μαίων
283 3369 389 3454 δῆμον
422 3363 616 3490 ὡρμημένον
652 3361 797 3450 ἀκαίρως
832 3366 883 3430 ἐπὶ
912 3367 1121 3454 σιτομετρίας
1144 3372 1201 3434 καί

148 3465 353 3594 διανομὰς
332 3473 529 3589 αιτοτρέττιιν
547 3465 680 3585 iipgucu⁸
694 3489 758 3532 των
775 3460 929 3590 λόγων“
899 3457 1011 3544 ου’τως
1042 3464 1200 3536 Χαλεπὸν

147 3576 209 3694 μέν
238 3575 350 3651 ἐστιν,
380 3599 406 3638 ω
432 3574 591 3652 πολῖται,
619 3565 703 3659 πρὸς
730 3570 878 3656 γαστέρα
906 3567 1059 3653 λέγειν’
1040 3593 1108 3634 ωτα
1140 3565 1200 3638 οὐκ

150 3674 303 3762 ἑχοαοαν.
353 3745 355 3750 ,

214 3776 422 3866 Κατηγορῶν
448 3775 507 3857 τῆς
535 3772 792 3852 πολοτιλιίας”
774 3799 838 3864 εφη
862 3763 1061 3858 χαλεπὸν
1030 3797 1114 3840 ιιναι
1139 3797 1202 3840 οω-

145 3879 257 3960 otras
281 3875 427 3960 πόλιν,’
415 3902 449 3945 ιν
469 3905 489 3972 η
476 3867 669 3944 πωλεῖται
694 3877 842 3954 πλείονος
866 3871 1018 3963 ἰχθὺς
997 3903 1017 3956 η
1042 3876 1133 3960 βοῦς.

214 3986 302 4071 Περὶ
326 3982 385 4062 τῆς
409 3980 688 4070 γυναικοκρατίας
711 3973 962 4099 ὁιαλεγόμενρς,
983 3973 1131 4055 Πάντες,
1159 3966 1203 4040 εἶ·

147 4106 218 4163 τιον,
237 4081 419 4174 ἄνθρωποι
439 4106 504 4150 των
524 4083 688 4167 γυναικῶν
707 4077 881 4171 ίίργονσιν,
903 4076 995 4166 ἡμεῖς
1015 4081 1051 4144 δὲ
1073 4067 1204 4143 ποίντων

147 4180 410 4274 ἀνθρώπων,
392 4186 484 4273 ημῶν
509 4181 578 4252 δ”
559 4212 595 4254 αι
620 4189 780 4271 γυναῖκες.
825 4182 933 4250 Τοῦτο
957 4187 1017 4268 μὲν
1036 4165 1096 4246 οὗν
1116 4180 1204 4245 ἐστιν

149 4287 185 4354 ἔκ
209 4288 273 4354 τῶν
298 4288 559 4373 Θεμιστοκλέους
578 4288 848 4376 μετενηνεγμένον
868 4276 1157 4373 ἀποφθεγμάτων.
