2958 4840
1156 351 1216 420 629

167 518 216 581 lol
253 507 347 598 λόγοι
377 512 659 600 συγγεγραμμέυοι
701 511 738 603 τῇ
772 507 940 597 Ῥωμαίων
974 510 1105 608 γλώσσῃ
1140 539 1217 599 τυγ-
1303 559 1305 562 ν

164 613 313 703 χύνουσι.

230 719 437 798 Nicephorus
464 707 552 780 Hi'st.
574 706 771 780 'Ecclesiash
794 720 816 780 l.
848 719 903 795 12,
930 721 982 782 21.
1029 716 1216 806 Σύμμαχος

167 823 294 908 πρῶτος
310 817 353 885 ὢν
368 821 426 899 τῆς
447 816 590 909 ἐυῬιύμῃ
614 816 797 901 συγκλήτου
812 823 935 902 βουλῆς
958 819 1013 886 διὰ
1036 818 1216 905 θαύματος

168 911 208 1002 ἦν
231 932 299 999 τοῖς
321 924 502 1007 προσοῦσαν
524 918 613 986 αύτῶ
628 918 787 1006 ἀγαθοῖς,
805 919 953 1007 μάλιστα
969 918 994 988 δ’
1006 924 1149 1014 inperito
1168 928 1218 990 ἐπὶ

168 1021 338 1091 παιδεύσει
361 1020 467 1107 λόγων
487 1025 666 1110 purpuraria·
688 1019 830 1100 πολλοὺς
853 1022 916 1111 γὰρ
940 1031 994 1090 καὶ
1017 1023 1103 1108 ἄγαν
1125 1022 1218 1112 ἀρίσ-

168 1153 245 1204 τους
268 1123 388 1208 λόγους
410 1129 447 1218 τῇ
470 1133 615 1217 σφετέρα.
637 1123 767 1216 γλώσσῃ
790 1127 926 1204 ἐξέὸστο.

216 1230 442 1307 “Symmachus
478 1241 590 1293 orator
621 1229 718 1312 magis
748 1231 889 1292 laudatus
919 1251 1011 1314 quam
1046 1232 1216 1292 laudandus

168 1353 236 1394 esse
261 1329 411 1392 videtur.¹
430 1351 499 1392 nam
523 1331 607 1392 nulla
636 1331 661 1393 si
685 1343 886 1410 superessent
916 1333 1095 1396 orationum
1126 1334 1216 1415 frag-

169 1443 287 1507 menta,
323 1431 525 1494 multiseum
554 1434 784 1495 arbitraremur
811 1434 989 1514 praeditum
1024 1417 1211 1497 virtutibus:

167 1535 314 1619 aequales
334 1547 420 1596 certe
438 1534 544 1615 magni
560 1535 736 1598 facundiam
758 1536 824 1598 eius
843 1536 1065 1609 aestimabant,
1093 1550 1122 1598 et
1144 1537 1215 1600 for·

169 1650 251 1699 tasse
280 1636 364 1698 inter
386 1647 533 1699 oratores
555 1637 683 1699 illorum
710 1649 889 1718 temporum
919 1639 1015 1721 longe
1044 1621 1214 1702 eminebat.
1271 1654 1279 1672 ¹

170 1739 233 1802 Sed
256 1761 329 1814 eae,
360 1759 440 1822 quae
463 1749 584 1811 extant,
616 1739 778 1801 orationes
807 1743 851 1804 ob
874 1739 949 1802 alias
977 1741 1083 1821 potius
1107 1763 1216 1804 causas

169 1845 227 1920 (v.
252 1842 398 1904 Niebuhr
421 1839 562 1903 Praesat.
586 1862 619 1922 p.
644 1841 762 1918 XVI.)
785 1863 878 1924 quarn
900 1855 1036 1924 propter
1063 1844 1215 1928 eloquen-

166 1943 229 2006 tiae
247 1943 364 2005 lumina
384 1941 569 2026 cognitione
590 1955 661 2006 sunt
679 1943 806 2026 dignae.

231 2047 439 2124 Symmachus
470 2047 535 2125 Ep.
560 2045 582 2106 l.
613 2049 650 2120 lt,
685 2047 737 2106 61.
783 2049 856 2110 Nec
885 2059 1020 2108 tantum
1050 2049 1215 2129 epistolas

118 2184 121 2189 ·
163 2148 300 2229 poscis,
338 2147 576 2212 oratiunculas
608 2167 741 2229 quoque
770 2160 928 2222 nostras,
968 2154 1120 2211 nonduin
1154 2152 1216 2212 tibi

167 2250 296 2326 editas,
334 2249 471 2332 claesferrt'
499 2251 534 2311 in
563 2270 686 2311 monus
715 2262 793 2311 tuas
815 2251 1007 2332 praecipis,
1039 2271 1126 2334 quae
1154 2259 1216 2314 'res

164 2353 301 2415 videtur
330 2353 530 2425 ostendere,
571 2351 654 2434 quid
670 2351 790 2414 iudicii
812 2353 938 2414 habeas
961 2354 1001 2414 de
1031 2355 1091 2426 iis,
1129 2375 1215 2436 quas

167 2467 247 2517 ante
268 2456 436 2517 sumsisti.
477 2455 566 2518 Misi
591 2454 702 2536 igitur
729 2477 775 2514 ex
798 2454 1043 2516 recentioribus
1067 2455 1215 2539 quinque
1283 2515 1298 2524 ,Χ

168 2579 330 2632 numero,
364 2578 511 2641 quarum
531 2556 626 2618 ¹milri
648 2558 717 2618 iam
741 2555 915 2632 fiduciam
933 2556 1031 2646 fecit
1060 2558 1215 2638 publicus

156 2658 288 2749 fauor.

203 2796 313 2842 nondum
332 2796 486 2857 libiaditns]
524 2801 576 2842 rod.
599 2799 681 2842 Paris.
707 2812 736 2851 ap
768 2796 891 2840 Duebner.
929 2797 1008 2853 Vulgo
1028 2795 1184 2840 noneditns.

183 2909 310 2968 *quarum
330 2893 402 2953 inihi]
440 2899 494 2939 cod.
515 2897 596 2947 Paris,
635 2898 714 2954 Vulgo
733 2907 839 2952 quarum
858 2894 911 2936 uni.

207 3033 234 3088 1.
276 3033 389 3088 Laudes
409 3035 439 3088 in
454 3028 690 3091 Valentinianum
715 3032 857 3088 seniorem
878 3031 1038 3100 Augustum
1059 3030 1176 3100 priores.

220 3147 441 3225 ‘Symmachus
472 3149 553 3209 diros
582 3145 614 3206 in
646 3143 902 3207 Valentinianum
935 3141 1092 3204 seniorem
1121 3163 1216 3222 pane-

172 3247 303 3330 gyricos
325 3245 472 3328 scripsit,
505 3247 644 3329 priorem
669 3269 698 3312 a.
723 3270 755 3307 u.
783 3248 860 3306 1121
893 3243 998 3328 (368),
1031 3267 1096 3328 quo
1125 3243 1216 3327 quin'-

170 3349 336 3433 quennalia
368 3348 583 3412 Valentiniani
612 3349 871 3422 celebrabantur,
905 3360 935 3410 et
963 3348 1140 3428 imperator
1169 3369 1216 3408 se-

171 3455 304 3514 cundum
320 3452 485 3514 obtinebat
500 3453 707 3514 consulatum.
753 3451 864 3512 Edidit
880 3449 988 3512 Maius
1007 3463 1036 3510 et
1055 3448 1214 3522 Niebuhr.

167 3592 197 3646 2.
239 3592 351 3647 Laudes
372 3593 401 3646 in
428 3593 662 3647 Valentinianum
684 3591 826 3644 seniorem
848 3591 1008 3657 Augustum
1029 3589 1213 3657 posteriores.

234 3705 329 3764 Hrrnc
351 3703 580 3788 panegyricum
603 3701 684 3764 dixit
709 3713 820 3764 orator
843 3701 874 3762 in
899 3699 1113 3762 Valentiniani
1141 3721 1216 3768 cone

171 3805 271 3866 sulatn
295 3805 390 3867 tertio
414 3828 443 3868 a.
469 3830 500 3868 u.
529 3805 734 3881 11231370).
781 3803 889 3864 Edidit
916 3803 967 3864 M.
994 3813 1024 3862 et
1049 3803 1089 3864 N.

351 3970 355 3975 ¹
384 3948 410 4002 3.
452 3948 565 4003 Laudes
586 3948 615 4002 in
636 3945 805 4002 Gratianum
825 3943 1000 4014 Augustum.

235 4057 351 4120 Oratio
375 4077 403 4121 a.
436 4083 468 4119 n.
496 4059 578 4120 1120
601 4059 692 4136 (367)
715 4056 814 4128 dicta,
845 4077 914 4118 cum
946 4076 961 4116 a
991 4050 1216 4114 Valentiniano

171 4173 267 4242 patre.
285 4161 456 4222 Gratianus
479 4161 578 4235 filius,
604 4159 781 4222 etiamtum
805 4177 902 4241 puer,
927 4159 1091 4238 Augustus
1114 4153 1217 4217 decla·

77 4319 83 4326 .
170 4275 258 4326 ratus
281 4277 341 4326 est.
389 4263 498 4326 Edidit
522 4265 574 4326 M.
600 4276 630 4324 et
653 4265 696 4325 N.
