2992 4840
1166 365 1225 428 195

173 521 214 582 P.
231 517 409 610 Africano
432 517 679 602 vituperationi
687 517 791 610 fuit,
815 519 907 604 quod
926 519 1001 582 eius
1017 520 1223 584 auctoritate

174 622 216 685 de
241 621 411 685 sententia
434 621 601 684 desitutus
624 621 727 684 Briso
746 623 949 704 putabatur.

362 853 391 910 2.
434 851 533 910 Oratio
553 855 692 912 adversus
712 870 848 911 censores
869 856 905 911 de
926 855 1025 912 mulla.

239 1006 288 1068 Ea
308 1025 400 1068 causa
424 1015 493 1066 acta
512 1013 559 1066 est
583 1025 613 1069 a.
627 1027 659 1066 u.
680 1004 740 1069 629
766 1005 872 1084 (125),
898 1002 961 1070 Cn.
980 1005 1119 1069 Servilio
1140 1006 1223 1071 Cac-

176 1105 274 1188 pionc
296 1117 327 1169 et
353 1107 397 1168 L.
419 1103 533 1171 Cassio
555 1105 710 1188 Longino
734 1105 934 1170 censoribus.
980 1106 1117 1190 Pighius
1140 1107 1222 1173 falso

176 1207 350 1272 Aemilium
378 1209 410 1270 in
437 1207 510 1290 ipso
537 1208 703 1272 consulatu
727 1229 756 1272 a.
778 1210 839 1270 617
864 1210 1024 1272 multatum
1051 1209 1223 1274 existimat.

177 1308 277 1374 Cani.
291 1310 499 1375 Ruhnksnius
510 1309 720 1374 athclleiurn
737 1312 766 1386 2,
786 1313 837 1375 l0.
861 1312 992 1374 Ellendt
1007 1314 1222 1394 p.XXXlII.

240 1413 385 1477 Velleius
407 1415 442 1489 2,
467 1415 520 1476 to.
550 1417 808 1497 Prosequamur
830 1426 950 1478 notam
972 1435 1127 1478 seueram
1148 1437 1225 1478 cen·

176 1537 296 1579 sorum
319 1516 433 1580 Cassii
458 1515 610 1599 Longini
635 1516 901 1600 Caepionisque,
931 1516 991 1600 qui
1018 1517 1140 1580 abhinc
1163 1539 1225 1580 an·

176 1638 240 1681 nos
261 1621 403 1684 CLVII.
429 1618 599 1700 Lepidum
622 1618 809 1682 Aemilium
834 1640 1023 1702 augurem,
1048 1621 1141 1702 qasod
1161 1641 1226 1684 sex

177 1719 326 1784 millibus
339 1721 442 1784 aedes
458 1719 697 1796 conduxisset,
715 1721 836 1784 adesse
846 1720 1033 1784 iusserunt.
1060 1726 1106 1785 Ar
1121 1743 1223 1799 nunc,

175 1823 208 1910 si
229 1823 306 1907 quis
326 1823 416 1886 tanti
436 1823 580 1899 habitet,
607 1823 667 1884 uix
690 1834 729 1886 ut
750 1836 891 1888 senator
916 1824 1131 1906 agnoscitur.

242 1924 359 1988 Valer.
384 1926 480 1989 Max.
503 1925 539 2000 8,
565 1926 595 1987 1.
633 1925 782 1989 Damnati
803 1929 833 1988 t.
871 1927 1070 1992 Admodum
1090 1949 1227 1992 seuerae

177 2038 280 2090 notae
308 2039 341 2090 et
371 2027 458 2090 illud
483 2027 606 2110 populi
633 2027 818 2103 iudicium,
851 2050 929 2092 cum
957 2031 1013 2096 M.
1040 2031 1227 2094 Aemilium

176 2127 361 2194 Porcinam
387 2152 411 2192 a
432 2133 475 2194 I..
499 2129 621 2195 Cassio
642 2143 844 2196 accusatum
868 2131 1014 2194 crimine
1038 2133 1143 2198 nimis
1166 2155 1225 2198 su·

176 2231 482 2297 biimc‘extructac
504 2233 604 2296 uillae
634 2233 670 2294 in
698 2233 852 2298 Alsiensi
876 2254 967 2316 agro
991 2236 1093 2317 gravi
1119 2239 1228 2300 multa

176 2331 309 2421 affecit.

375 2522 403 2580 3.
444 2519 561 2591 Oratio,
584 2521 623 2577 uti
646 2522 692 2577 tex
715 2519 840 2577 Aemilia
860 2522 1024 2592 abrogetur.

246 2651 434 2716 Priscianus
458 2663 483 2715 t.
505 2657 536 2716 1.
560 2675 595 2734 p.
616 2653 699 2716 456:
730 2651 899 2716 Aemilius
919 2651 1069 2716 Porcina
1090 2651 1126 2714 in
1149 2672 1230 2716 ora·
1252 2691 1294 2719 ,s

176 2755 292 2831 tione,
316 2756 369 2820 uti
394 2759 454 2820 lex
478 2754 628 2819 Aemilia
655 2755 863 2837 abrogetur:
887 2757 1057 2838 Tempore
1076 2754 1225 2818 adstitu-

179 2879 260 2920 rum
281 2869 314 2920 et
334 2858 529 2942 petiturum
554 2879 607 2921 mc
628 2879 715 2921 esse.

214 2999 253 3029 mc
275 2983 344 3044 csse]
383 2999 413 3030 ne
433 2985 548 3030 abessem
570 2985 666 3030 Fslster
686 2985 793 3033 Memor.
813 2980 919 3028 Obscur.
939 2997 963 3040 p.
980 2981 1021 3029 ll.

242 3106 404 3168 Incertum
426 3116 491 3181 est,
517 3124 597 3189 quae
620 3105 673 3168 lex
685 3101 821 3168 Aemilia
845 3103 885 3166 sit
906 3101 1131 3186 intelligenda:
1156 3103 1228 3184 plu·

177 3227 231 3270 res
257 3206 338 3269 enirn
366 3206 508 3270 fuerunt.
553 3205 712 3269 Novimus
743 3205 825 3270 cuim
857 3206 960 3291 legem
992 3205 1160 3270 Aemiliam
1192 3209 1230 3268 ds

179 3329 312 3372 censura
334 3308 499 3372 minuenda
512 3355 521 3386 ,
550 3329 633 3372 anno
655 3307 718 3370 320
740 3310 829 3388 (134)
853 3309 967 3384 latam,
990 3310 1103 3372 deiude
1125 3308 1229 3394 legem

178 3408 405 3492 sumptuariam
425 3420 457 3474 ct
479 3413 517 3472 de
541 3408 763 3474 libertinorum
784 3410 964 3496 suffragiis,
989 3411 1075 3474 aM.
1089 3409 1230 3472 Aemilio

179 3513 303 3578 Scauro
330 3511 462 3576 consule
487 3533 568 3576 anno
594 3512 654 3575 639
673 3514 763 3593 (115)
785 3511 880 3588 laras,
904 3527 935 3576 ct
956 3513 1093 3577 fortasse
1112 3515 1154 3590 ¹ad
1175 3514 1235 3573 has

179 3614 348 3678 referenda
380 3614 443 3677 erit
477 3614 582 3678 oratio
610 3613 741 3697 Lepidi.
787 3615 868 3676 Nam
901 3636 964 3678 noa
994 3613 1150 3678 assentior
1172 3615 1229 3675 El·

178 3715 298 3781 lendtio
320 3740 354 3799 p.
371 3717 564 3794 XXXIV.,
593 3715 648 3802 qui
673 3715 845 3780 Aemilium
870 3716 1043 3783 Porcinam
1068 3715 1230 3802 usquead

178 3817 265 3880 hunc
287 3840 402 3882 annum
426 3819 523 3882 vitam
547 3819 739 3902 produxisse
761 3831 869 3903 negat.

644 4071 768 4127 Incerta.

246 4199 300 4262 M.
331 4202 444 4282 Haupt
476 4199 612 4266 editioni
639 4200 915 4264 Halieuticorum
945 4195 1061 4262 Ovidii
1091 4191 1232 4256 libellum

181 4303 236 4363 De
266 4304 450 4383 generibus
482 4303 674 4368 Nominum
704 4299 841 4374 adiecit,
876 4300 928 4362 ubi
961 4321 995 4380 p.
1023 4297 1062 4361 98
1095 4293 1233 4377 legitur:
