2976 4844
1150 351 1210 416 11³

158 511 200 577 ἐν
225 503 379 600 Ἀχαΐᾳ
405 500 680 600 νεκροφόρων
710 507 1045 597 ἒκκομισθῶσι.“
1098 509 1211 602 Ψηφι·

159 612 303 693 σθείσης
325 611 361 677 δὲ
387 610 446 692 τῆς
471 605 630 678 καθόδου
655 615 725 690 τοῖς
746 606 916 704 Ιι”ίνδροίσιν,
946 607 1073 703 ἡμέρας
1095 607 1210 699 ὀλίγας

160 719 287 806 οἱπερὶ
309 709 368 781 τόν
388 709 562 800 Πολύβιον
586 709 804 796 διαλιπόντες,
827 701 935 794 αὖθις
957 717 1141 807 ἐπεχείρουν
1165 711 1211 793 εἰς

159 815 220 900 τὴν
245 812 428 902 σύγκλητον
454 813 632 898 εἰςελθεῖν,
663 809 771 899 ὅπως,
804 811 845 896 όίς
874 813 1035 910 πρότερον
1063 809 1151 906 εἶχον
1178 821 1211 886 ἐν

155 916 280 1012 Ἀχαίᾳ
305 916 419 1007 τιμὰς,
445 923 477 985 ολ
505 915 652 1010 φυγοίδες
678 915 895 1006 ἀναλάβοιεν,
921 926 977 988 καί
1003 921 1063 988 τοῦ
1089 916 1211 988 Κότω-

159 1048 217 1102 νος
238 1019 460 1109 ἀπεπειρῶντο
485 1025 544 1104 τῆς
568 1017 708 1110 γνώμης.
748 1018 785 1090 ‘0
804 1027 840 1090 δὲ
860 1019 1036 1112 μειδιάσας
1054 1023 1130 1115 ἔφη,
1153 1020 1211 1092 τὸν

159 1121 344 1210 Πολύβιον,
371 1118 474 1217 ὥςπερ
496 1121 555 1192 τόν
571 1121 745 1206 Ὀδυσσέα,
769 1123 963 1212 βούλεσθαι
983 1122 1083 1194 πόλιν
1104 1123 1151 1206 εἰς
1172 1124 1211 1194 τὸ

160 1230 220 1296 τοῦ
247 1224 432 1307 Κύκλωπος
461 1222 626 1310 σπήλαιον
652 1225 833 1310 εἰςελθεϊν,
862 1225 901 1295 τό
928 1231 1038 1297 πιλίον
1063 1230 1132 1297 ἐκεῖ
1155 1236 1212 1298 καί

159 1329 220 1414 τὴν
245 1327 347 1414 ζώνην
375 1333 634 1420 ἐπιλελησμένον.

223 1435 419 1501 Plutarchus
441 1436 569 1519 Regum
592 1445 624 1498 et
645 1436 799 1519 Imperat.
823 1435 1103 1520 Apopbthegmat.
1129 1437 1166 1504 Κ
1172 1431 1211 1502 ό-

160 1539 385 1616 τωνοςτοῦ
409 1541 714 1629 πρεσβυτέρου.
756 1561 790 1602 n.
817 1539 878 1603 28:
1235 1602 1237 1608 ,

224 1643 470 1730 Παρακληθεὶς
500 1643 536 1707 δὲ
573 1636 639 1708 ὑπὸ
675 1641 866 1720 Σκιπίωνος
897 1636 1107 1736 Ἀφρικανοῦ
1142 1647 1212 1722 τοῖς

157 1739 302 1832 Ἀχαιῶν
325 1746 563 1830 συλλαβέσθαι
586 1738 748 1835 φυγάσιν,
776 1734 864 1822 ὅπως
892 1741 938 1822 εἷς
962 1741 1024 1824 τὰς
1048 1745 1212 1837 πατρίδας

161 1851 383 1928 κατέλθωσιν,
403 1852 630 1937 προςεποιεῖτο
650 1849 753 1930 μηδὲν
775 1841 866 1939 αὐτῷ
890 1851 999 1932 μέλειν
1021 1850 1081 1916 τοῦ
1106 1843 1212 1939 πρόγ-

159 1974 276 2036 ματος.
316 1951 349 2018 ἐν
385 1951 421 2016 δὲ
452 1951 492 2046 τῇ
523 1945 693 2043 συγκλήτῳ
725 1951 855 2016 πολλῶν
884 1954 1062 2038 γινομένων
1090 1945 1212 2037 λόγων,

162 2048 327 2131 όναοτοίς·
351 2043 480 2142 ῶςιιερ
505 2048 578 2120 οὐκ
603 2053 767 2142 ἔχοντες
789 2043 939 2136 (sirachi
961 2049 1213 2144 προίττωμεν,

161 2150 407 2244 καθήμεθα
431 2161 529 2247 περὶ
554 2157 748 2247 Γραικῶν
772 2156 1006 2247 γεροντίων
1036 2158 1224 2240 ζητοῦν,

161 2285 246 2337 τες,
284 2253 466 2351 πότερον
494 2255 574 2326 ὑπὸ
607 2257 682 2326 τῶν
711 2254 806 2345 παρ’
833 2253 935 2347 ἡμῖν
969 2255 989 2342 ἢ
1025 2255 1102 2328 ὑπὸ
1135 2260 1213 2328 τῶν

161 2363 247 2428 ἐκεῖ
266 2355 530 2453 νεκροφόρων
555 2359 822 2449 ἐξενεχθῶσι.

228 2464 351 2530 Gellius
378 2465 409 2541 2,
432 2466 464 2529 6.
508 2467 564 2550 M.
592 2464 733 2530 Catonis
757 2464 857 2528 verba
878 2475 949 2528 sunt
970 2485 1018 2527 ex
1036 2463 1208 2556 σκοτίους

162 2589 257 2653 quam
281 2573 335 2632 De
355 2569 503 2632 Achaeis
526 2565 675 2649 scripsit:
714 2569 865 2651 Cumque
887 2565 1063 2631 Hannibal
1081 2577 1211 2630 terram

161 2671 304 2737 Italiam
331 2674 500 2734 laceraret
527 2681 630 2754 atque
656 2681 813 2734 vexaret.

198 2815 313 2876 vexaret]
348 2822 467 2862 vexatam
485 2815 588 2861 Italiam
608 2807 677 2861 dixit
694 2813 753 2862 Cato
773 2817 805 2861 ub
822 2815 974 2870 Hannibale,
999 2817 1098 2878 quando
1116 2819 1213 2864 nullum

234 2907 390 2951 calamitatis
412 2913 456 2951 aut
479 2907 599 2952 saevitiae
621 2911 665 2950 aut
691 2907 858 2952 immunitatis
881 2919 963 2967 genus
988 2908 1100 2963 reperiri
1124 2914 1213 2967 queat,

234 2993 300 3054 quod
319 2995 346 3040 in
368 3009 396 3038 ιο
420 2999 529 3052 tempore
551 2993 629 3039 Italia
649 3007 699 3040 ιτοιι
718 3007 843 3052 per-pecca
860 2996 904 3040 ait.
941 2993 1045 3041 Gellius.

227 3115 323 3208 lde-rur
347 3115 560 3200 fragmentum
588 3136 629 3178 ex
657 3115 766 3178 Gellio
796 3112 993 3195 repetierunt
1020 3112 1214 3179 Macrobius

165 3217 233 3279 Sat.
260 3219 322 3293 Vl,
348 3219 379 3280 7.
404 3231 436 3280 et
459 3217 592 3280 Servius
615 3218 655 3280 ad
678 3215 778 3301 Virg.
804 3215 954 3280 Bucolic.
980 3217 1044 3294 VI,
1067 3219 1120 3280 76.

351 3470 399 3527 63.
434 3469 544 3540 Oratio,
568 3486 606 3527 ue
629 3471 693 3546 quis
714 3471 818 3527 iterum
834 3421 942 3526 'consul
962 3469 1022 3526 liat.

230 3600 278 3662 Ea
299 3601 406 3664 oratio
428 3601 580 3666 dictaret
603 3622 686 3665 anno
710 3602 772 3663 604
791 3602 895 3680 (150).

230 3705 310 3766 Erat
332 3702 510 3766 institutum
534 3703 565 3766 iu
593 3702 758 3786 republica
784 3723 935 3778 romana,
964 3713 997 3765 ut
1023 3725 1087 3769 uon
1113 3704 1213 3768 eidem

167 3804 288 3870 bomini
310 3827 448 3868 summus
474 3809 578 3871 honos
609 3806 676 3870 sive
704 3805 887 3869 consulatus
920 3805 1046 3888 saepius
1073 3807 1213 3871 deferre·

165 3920 234 3986 tur,
264 3929 363 3993 eaque
388 3911 427 3972 de
452 3908 562 3973 relex
586 3911 733 3983 extabat,
761 3931 799 3972 ne
823 3908 894 3993 quis
918 3907 1001 3971 iutra
1026 3912 1135 3972 decern
1159 3929 1213 3968 an-

165 4031 225 4075 nos
252 4012 363 4075 consul
389 4013 591 4098 reficeretur,
638 4012 702 4075 Sed
734 4011 765 4074 iu
793 4010 880 4074 bello
908 4008 1033 4075 Punico
1061 4011 1212 4086 seeundo,

165 4111 220 4176 ubi
246 4117 284 4178 de
311 4109 411 4178 salute
438 4113 636 4197 reipublicae
664 4115 914 4195 desperabatur,
942 4133 977 4173 ea
1009 4113 1062 4174 lex
1091 4109 1213 4195 negligi

166 4229 281 4299 coepta
308 4227 373 4292 est,
399 4217 473 4300 quia
499 4215 531 4279 iu
554 4238 617 4280 uuo
643 4226 762 4278 tautum
786 4213 913 4278 homine
940 4225 992 4275 aut
1023 4211 1055 4274 iu
1079 4213 1211 4288 duobus,

165 4331 198 4382 ut
224 4319 255 4382 iu
287 4319 391 4384 Fabio
421 4329 515 4401 atque
545 4319 586 4382 P.
614 4317 767 4400 Scipione
798 4313 958 4380 Africano
991 4314 1133 4389 maiore,
1163 4338 1214 4377 sa-

214 4425 289 4467 Μείετί
299 4426 355 4468 ont.
363 4427 423 4466 Rem
432 4425 513 4476 Fragm.
529 4424 561 4465 cd.
570 4420 590 4464 2.
1014 4425 1034 4488 8
