2992 4844
291 377 353 438 340

292 535 397 597 mile?
418 535 502 618 qaid
531 548 603 598 tam
632 537 666 598 in
693 558 757 596 sico
788 555 913 617 genere
944 538 1156 618 praestans?
1180 538 1340 601 Limatus

291 641 393 700 Cotta
419 649 451 700 et
487 639 640 712 subtilis,
680 659 753 699 rem
788 637 968 720 explicans
1003 639 1159 721 propriis
1182 641 1340 724 aptisque

293 741 415 802 uerbis.
442 743 573 804 Haeret
596 741 631 802 in
658 761 765 803 causa
789 762 940 822 semper,
968 752 1001 802 et
1024 742 1109 824 quid
1127 742 1235 805 iudici
1255 765 1340 824 pro·

259 857 262 861 '
290 841 440 904 bandum
468 842 533 914 sit,
573 864 650 904 cum
680 843 878 904 acutissime
911 843 1014 916 vidit,
1045 845 1183 906 omissis
1217 845 1340 907 ceteris

291 945 509 1026 argumentis
538 946 574 1006 in
600 966 641 1007 eo
667 957 812 1007 mentem
832 945 1091 1029 orationemque
1113 947 1253 1027 defigit.

356 1047 519 1110 Asconius
550 1047 582 1109 in
618 1045 844 1110 Cornelianam
878 1068 912 1128 p.
948 1047 1001 1108 66.
1057 1051 1157 1113 Cotta
1191 1069 1340 1131 magnus

291 1162 413 1211 orator
439 1149 577 1211 habitus
602 1160 635 1210 et
661 1170 804 1231 compar
833 1149 869 1210 in
903 1170 945 1211 ea
979 1151 1095 1230 gloria
1122 1154 1161 1215 P.
1188 1151 1340 1232 Sulpicio

290 1263 324 1312 et
346 1253 384 1314 C.
407 1252 560 1315 Caesari.

326 1391 352 1438 C.
374 1391 491 1454 Caesari]
528 1396 651 1448 Straboni,
673 1399 700 1440 de
722 1410 767 1453 quo
787 1409 858 1451 supra
878 1398 949 1440 loculi
970 1410 1061 1439 sitinus.

357 1512 453 1577 Cotta
477 1536 595 1595 paucas
625 1515 786 1579 orationes
816 1515 950 1596 scriptas
974 1513 1121 1599 reliquit,
1154 1528 1185 1576 et
1208 1515 1339 1577 micalus

293 1614 429 1690 Cicero,
453 1620 539 1700 quod
564 1637 629 1679 non
658 1619 726 1699 ipse
758 1617 919 1680 orationes
941 1637 1011 1676 suas
1034 1615 1184 1695 scripsit,
1215 1620 1269 1678 sed
1295 1619 1338 1679 L.

295 1718 388 1781 Aelio
413 1716 445 1780 id
470 1721 616 1781 mandare
638 1721 773 1782 solebat.
1264 1714 1267 1718 ’

357 1819 476 1883 Cicero
496 1821 637 1884 Oratore
653 1843 682 1882 c.
707 1821 759 1882 38.
806 1821 927 1881 Uterer
946 1817 1115 1898 exemplis
1130 1817 1336 1893 domesticis,

291 1923 358 1985 nisi
383 1944 425 1984 ea
450 1923 611 2005 legissem
640 1934 757 1983 uterer
792 1920 930 1992 alienis,
962 1922 1012 1981 vel
1040 1920 1176 1994 latinis,
1202 1921 1233 1982 si
1268 1924 1339 1983 alla

291 2026 498 2108 reperirem,
527 2027 577 2085 vel
603 2023 756 2105 graecis,
787 2022 818 2083 si
842 2022 986 2083 deceret.
1022 2022 1090 2085 Sed
1118 2022 1237 2086 Crassi
1257 2045 1338 2105 per·

287 2149 402 2210 pauca
429 2139 527 2198 sient,
557 2146 616 2186 nec
641 2145 683 2186 ea
707 2123 934 2195 iudiciornm5
959 2125 1045 2186 nilril
1067 2125 1229 2198 Antonii,
1253 2125 1340 2186 nihil

291 2232 422 2304 Cottae,
448 2229 535 2290 nihil
558 2226 712 2308 Sulpicii.

357 2331 475 2395 Cicero
499 2331 601 2391 Bruto
625 2350 655 2390 c.
681 2329 733 2390 56.
780 2332 916 2392 Cottam
939 2329 1066 2406 miror,
1095 2351 1264 2391 summum
1288 2331 1337 2409 ip·

290 2455 367 2496 sum
402 2444 576 2496 oratorem
608 2429 813 2514 minimeque
847 2431 1021 2514 ineptam,
1054 2434 1220 2495 Aelianas
1252 2436 1337 2494 leves

291 2537 528 2600 oratiunculas
552 2532 699 2594 voluisse
723 2532 921 2596 existimari
941 2556 1032 2600 suas.

553 2699 579 2756 1.
621 2698 721 2756 Oratio
740 2717 793 2771 pro
815 2701 845 2757 Ρ.
869 2701 975 2756 Rutilio
996 2691 1101 2756 [luto.¹

356 2832 404 2893 Ea
428 2829 511 2892 dicta
534 2841 581 2892 est
604 2853 632 2893 a.
658 2831 718 2892 <262
741 2830 823 2910 (92).
853 2828 949 2893 Colla
972 2829 1155 2892 adolescens
1178 2831 1219 2892 P.
1245 2827 1338 2892 Ruti·

291 2933 366 2994 lium
395 2931 515 2995 Rasum
545 2931 734 2995 avunculum
766 2931 797 2993 in
830 2929 1037 2994 celeberrima
1067 2952 1178 3005 causa,
1209 2934 1246 2991 de
1275 2953 1336 3014 qua

291 3056 386 3115 supra
410 3033 545 3096 diximus
578 3058 612 3117 p.
638 3036 730 3108 266„
755 3034 906 3100 defendit.

356 3135 476 3200 Cicero
491 3135 522 3198 in
537 3138 639 3200 Bruto
656 3159 685 3199 o.
703 3137 756 3198 30.
787 3138 936 3202 Rutilius
951 3159 1029 3199 cum
1040 3135 1338 3198 innocentissimus

292 3240 328 3301 in
355 3238 520 3300 iudicium
551 3251 690 3301 vocatus
723 3251 827 3313 esset,
859 3260 936 3300 cum
970 3250 1081 3320 essent
1115 3259 1155 3300 eo
1185 3249 1338 3317 tempore

291 3341 559 3424 eloquentissimi
585 3341 651 3402 viri
674 3346 714 3402 L.
745 3345 890 3404 Crassus
915 3353 948 3402 et
980 3344 1036 3404 M.
1063 3339 1235 3402 Antonius
1257 3358 1337 3399 con·

291 3446 441 3516 salares,
471 3464 592 3505 eorum
614 3442 776 3504 adbibere
802 3454 962 3503 neutrum
988 3443 1109 3503 voluit.
1138 3441 1243 3504 Dixit
1264 3441 1337 3521 ipse

289 3567 356 3626 pro
379 3565 432 3616 se,
457 3556 489 3605 et
512 3565 628 3626 patera
651 3547 689 3607 C.
715 3546 832 3617 Cotta,
861 3543 954 3626 quod
974 3543 1107 3605 sororis
1129 3540 1334 3617 eratfilius,

292 3657 325 3708 et
350 3647 380 3706 is
409 3645 545 3729 quidem
579 3658 616 3707 ut
652 3656 792 3722 orator,
816 3667 1024 3730 quamquam
1052 3656 1129 3707 erat
1150 3644 1337 3706 admodum

291 3741 499 3810 adolescens.

357 3848 430 3912 Cic.
462 3848 512 3912 De
541 3851 636 3913 Orat.
672 3859 708 3925 1,
738 3850 791 3912 53.
846 3850 997 3914 Rutilius
1027 3852 1184 3931 paullum
1217 3854 1337 3914 Cottae

293 3952 413 4015 tribuit
448 3952 622 4033 partium,
664 3952 891 4016 disertissimo
927 3953 1161 4025 adolescenti,
1204 3949 1337 4015 sororis

292 4075 376 4117 suae
416 4054 490 4116 elio.

560 4193 590 4252 2.
630 4192 729 4250 Oratio
750 4210 803 4265 pro
823 4210 855 4251 se
878 4196 942 4264 lege
964 4194 1062 4249 Varia.

356 4303 405 4362 Ea
434 4302 540 4367 habita
572 4316 619 4368 est
646 4327 676 4368 a.
702 4308 763 4370 664
787 4309 867 4385 (90).
892 4304 989 4370 Cotta
1012 4306 1084 4387 lege
1107 4301 1225 4377 Varia,
1256 4321 1336 4385 quae
