2992 4840
291 390 352 452 stt

292 545 466 609 dustrlum
495 543 598 607 etlam
625 555 658 604 et
684 541 881 626 diligentem
909 554 941 604 et
968 542 1002 603 in
1029 541 1337 606 exercitationibus

290 646 696 728 commentationibusque
719 648 863 714 multum
886 665 1012 725 operae
1027 643 1168 706 solitum
1186 666 1261 706 esse
1272 669 1337 727 po-

290 772 383 812 nere.
422 749 488 812 Hic
510 747 661 829 optimus
683 745 753 808 illis
771 746 983 828 temporibus
1008 757 1059 808 est
1080 757 1250 827 patronus
1275 750 1336 809 ha·

288 853 392 914 bitus.

354 962 480 1026 Ibidem
511 984 541 1024 c.
568 961 621 1023 86.
674 961 864 1024 Carbonem
895 959 930 1019 in
959 959 1103 1022 summis
1137 961 1336 1022 oratoribus

289 1065 444 1130 habitum
468 1065 558 1140 scio,
591 1065 652 1126 sed
681 1062 818 1124 cumin
843 1061 965 1124 ceteris
992 1063 1093 1124 rebus
1123 1074 1197 1124 tum
1221 1062 1257 1124 in
1283 1063 1335 1125 di·

289 1168 396 1231 cendo
417 1189 566 1248 semper,
591 1187 658 1248 quo
677 1165 764 1226 nihil
781 1176 832 1226 est
852 1165 993 1239 melius,
1019 1164 1056 1225 id
1074 1164 1230 1240 laudari,
1250 1187 1335 1248 qua-

288 1273 451 1352 lecunque
477 1280 545 1343 est,
570 1269 668 1330 solet.
714 1266 803 1328 Dico
834 1267 925 1328 idem
952 1267 993 1328 de
1020 1267 1196 1329 Gracchis.

352 1379 477 1443 Ibidem
499 1402 528 1441 e.
544 1379 597 1441 97.
628 1380 753 1442 Nonne
775 1378 967 1451 cernimus,
993 1377 1053 1439 aix
1074 1377 1221 1459 singulis
1240 1388 1334 1438 aeta-

288 1483 379 1545 tibus
412 1482 510 1544 binos
548 1493 705 1543 oratores
735 1479 925 1542 laudabiles
958 1479 1182 1543 constitisse?
1226 1480 1337 1542 Galba

276 1583 363 1674 fuit
394 1583 485 1645 inter
517 1593 569 1644 tot
599 1584 759 1664 aequales
788 1603 878 1644 unus
913 1585 1083 1645 excellens
1112 1617 1153 1626 -
1182 1581 1335 1663 Lepidus

285 1696 424 1768 postea,
449 1684 571 1745 deinde
596 1679 718 1745 Carbo.

354 1794 474 1859 Cicero
500 1795 550 1857 De
574 1795 714 1858 Oratore
743 1796 778 1870 1,
808 1798 860 1858 10.
905 1799 980 1859 Ser.
1001 1798 1144 1859 Galbam
1169 1795 1336 1857 memoria

290 1911 406 1970 tenea,
430 1896 585 1959 diuinum
599 1895 769 1959 hominem
786 1897 820 1960 in
843 1897 1004 1973 dicendo,
1029 1909 1062 1960 et
1080 1901 1136 1961 M.
1150 1897 1335 1961 Aemilium

289 2000 473 2065 Porcinam
508 2011 541 2062 et
571 2001 610 2062 C.
641 1999 754 2080 ipsum
782 2002 972 2064 Carbonem
1005 2001 1169 2082 ignarum
1204 2003 1333 2082 legum,

289 2102 518 2166 haesitantem
548 2102 584 2163 in
617 2101 789 2164 maiorum
819 2101 1011 2178 institutis,
1048 2102 1171 2164 rudem
1194 2102 1229 2164 in
1259 2102 1334 2162 iure

289 2205 395 2268 civili.

353 2315 440 2379 lbid.
464 2317 501 2393 3,
522 2317 553 2378 7.
590 2314 804 2379 Gravitatem
817 2315 1032 2404 Africanus,
1057 2318 1232 2378 lenitatem
1247 2319 1335 2378 Lae·

288 2419 376 2496 lius,
404 2419 628 2502 asperitatem
655 2419 783 2493 Galba,
808 2419 995 2510 profluens
1021 2419 1186 2502 quiddam
1218 2417 1336 2479 habuit

290 2521 403 2586 Carbo
433 2533 465 2584 ct
491 2543 670 2584 canorum.
716 2521 803 2604 Quis
828 2525 952 2585 horum
976 2541 1044 2584 non
1064 2521 1227 2604 princeps
1252 2532 1335 2582 tem-

285 2624 430 2706 poribus
458 2623 528 2686 illis
544 2621 657 2713 suit?
686 2634 719 2684 et
741 2644 805 2687 suo
831 2635 946 2686 tamen
971 2624 1114 2707 quisque
1143 2623 1178 2685 in
1204 2643 1330 2706 genere

285 2725 459 2807 princeps.

356 2835 462 2898 Tacit.
483 2837 533 2899 De
551 2837 685 2901 Orator.
706 2838 757 2899 18.
785 2838 925 2901 Servius
937 2839 1062 2912 Galba,
1085 2835 1194 2899 Gaius
1210 2835 1333 2908 Carbo,

289 2957 441 3020 quosque
463 2939 550 3002 alios
570 2939 693 3002 merito
712 2939 873 3022 antiquos
892 2939 1137 3014 uocauerimus,
1160 2950 1241 3000 sunt
1256 2939 1338 3000 hor·

291 3038 360 3101 ridi
382 3051 415 3102 et
441 3039 579 3122 inpoliti
602 3052 635 3103 et
658 3042 762 3105 rudes
784 3053 817 3104 et
843 3039 1030 3131 informes.

397 3269 424 3327 1.
456 3269 555 3328 Oratio
574 3289 626 3344 pro
647 3273 711 3343 lege
731 3288 784 3329 sua
807 3275 844 3330 de
863 3273 985 3330 tribunis
1005 3274 1046 3345 pl.
1072 3271 1249 3330 reficiendis.

355 3398 396 3466 C.
418 3400 568 3483 Papirius
585 3400 694 3467 Carbo
716 3402 862 3466 tribunus
887 3404 975 3486 pleb.
1002 3425 1068 3466 eam
1095 3404 1199 3488 legem
1222 3424 1252 3466 a.
1275 3401 1336 3462 623

289 3502 379 3584 (131)
404 3503 636 3588 promulgavit.

353 3604 469 3668 Livius
494 3606 585 3688 Epit.
607 3605 665 3669 lib.
683 3608 736 3672 59.
782 3613 868 3674 Cum
890 3610 1002 3674 Carbo
1023 3609 1181 3673 tribunus
1205 3609 1252 3681 pl.
1279 3628 1337 3668 ro-

289 3707 465 3788 gationem
491 3710 646 3785 tulisset,
671 3721 708 3771 ut
735 3712 879 3774 eundem
901 3713 1078 3774 tribunum
1098 3707 1226 3791 plebis,
1251 3729 1337 3791 quo-

289 3809 354 3872 ties
376 3812 491 3885 vellet,
521 3832 640 3874 creare
665 3812 799 3888 liceret,
834 3814 1053 3895 rogationem
1075 3812 1150 3875 eius
1173 3813 1212 3873 P.
1231 3808 1337 3899 Afri-

289 3931 397 3975 canus
426 3911 635 3994 gravissima
664 3913 823 3976 oratione
851 3915 1036 3995 dissuasit,
1068 3915 1105 3977 in
1131 3933 1200 3996 qua
1224 3910 1335 3985 dixit,

291 4011 349 4075 Ti.
374 4015 567 4076 Gracchum
590 4015 666 4076 iure
692 4035 827 4078 caesum
849 4016 970 4080 videri.
1015 4017 1193 4080 Gracchus
1215 4024 1338 4076 contra

289 4115 402 4178 suasit
431 4115 667 4197 rogationem,
692 4117 753 4176 sed
775 4117 890 4200 Scipio
916 4118 1038 4181 tenuit.

355 4214 455 4278 Cani.
481 4217 575 4280 Orat.
599 4215 770 4298 Scipionis
798 4240 832 4301 p.
860 4219 955 4296 tta,
988 4219 1102 4282 Laelii
1120 4241 1156 4300 p.
1183 4217 1274 4290 173„
1297 4219 1336 4280 C.

289 4317 448 4379 Gracchi.
