2966 4842
294 355 354 420 686

328 514 483 578 pulchellum
501 513 627 574 laeenam]
652 521 677 560 ut
696 515 766 561 laaon
786 514 907 574 Medeam,
927 517 962 560 aie
980 515 1089 559 Clodiam
1108 513 1207 558 Caelina
1226 515 1348 558 desei-ne-

367 609 420 648 rat:
442 617 502 660 qnae
521 616 574 647 cnm
593 617 618 647 aa
637 617 650 647 a
675 604 760 648 Coelio
780 605 917 649 derelictam
937 598 1046 662 ridenti,
1067 602 1197 646 commovit
1211 603 1352 646 Atratinum
1460 607 1461 626 ³

364 690 456 753 fitium,
481 695 505 734 nt
523 703 577 734 enm
601 692 625 734 in
651 691 764 734 indicium
792 701 899 738 vocaret.
942 691 1064 734 Daninann
1088 695 1105 736 t.
1128 687 1153 733 2.
1174 702 1197 743 p.
1219 683 1278 733 377.
1316 689 1351 733 Ut

365 783 444 828 antem
462 777 585 828 Ati-atinae
603 777 714 822 Coelium
733 780 836 833 appellat
854 780 964 823 laaoaam
983 777 1135 832 pulchellum,
1156 778 1189 821 itn
1209 777 1309 823 Cealius
1322 778 1348 821 in

366 867 486 918 oratione,
507 868 603 920 opinor,
623 864 860 920 conteaAtnatinum,
879 865 974 910 Peliam
992 865 1164 909 cincinnatum
1182 865 1264 910 neacio
1275 878 1347 922 quam

366 953 471 998 ludibrio
490 955 625 1009 appellavit.

582 1080 659 1138 0111.
688 1083 718 1136 P.
740 1080 879 1137 Connline
897 1080 1054 1136 Dolabella.

358 1184 460 1246 Natus
483 1205 512 1245 a.
544 1183 605 1245 685
628 1184 708 1262 (60),
739 1203 871 1246 uxorem
900 1182 992 1245 duxit
1015 1179 1151 1245 Tulliam
1175 1167 1347 1246 Ciceronis

294 1285 390 1350 filiam
414 1308 444 1348 a.
469 1286 529 1349 rot
552 1286 633 1365 (50).
680 1284 841 1347 Tribunus
857 1284 960 1366 plebis
983 1305 1011 1347 a.
1035 1286 1094 1346 707
1118 1285 1198 1364 (tl).
1221 1283 1345 1347 eidem·

295 1410 357 1473 qne
382 1386 502 1452 Caesar
530 1387 727 1452 consulatum
756 1386 888 1449 tradidit
916 1409 947 1449 a.
983 1387 1044 1448 710
1077 1387 1156 1464 (ll),
1192 1385 1251 1449 etsi
1284 1406 1345 1450 nec

295 1503 427 1572 praetor
449 1490 556 1553 fuerat
577 1511 635 1552 nec
658 1487 830 1572 legitimam
847 1499 979 1551 aetatem
1003 1486 1186 1551 obtinebat:
1213 1487 1345 1551 namvi·

295 1590 375 1676 ginti
397 1591 540 1676 quinque
563 1612 662 1654 annos
684 1602 753 1652 erat
774 1601 877 1653 natns.
903 1581 1042 1672 Appian.
1069 1591 1098 1664 l,
1123 1591 1196 1652 509.
1243 1587 1344 1653 Occi·

295 1693 381 1755 ditur
403 1714 431 1755 a.
458 1694 515 1754 711
540 1693 610 1771 (13)
634 1690 815 1754 Laodiceae
844 1691 1006 1771 insyria.
1053 1690 1152 1756 Cani.
1178 1693 1343 1754 Drnmann

292 1807 315 1862 t.
338 1795 368 1861 0.
392 1815 425 1875 p.
450 1794 524 1856 566.

357 1893 478 1959 Cicero
502 1894 614 1958 scribit
637 1917 666 1958 a.
691 1919 723 1958 u.
749 1896 809 1957 708
829 1897 899 1976 (lib)
921 1899 960 1958 ad
976 1899 1107 1960 Paetum
1130 1896 1151 1960 l.
1176 1896 1207 1972 9,
1233 1895 1285 1970 16,
1310 1897 1340 1962 7.

298 1996 453 2061 Hirtium
475 2019 541 2080 ego
563 2010 597 2060 et
618 1999 833 2061 Dolabellam
855 1997 989 2060 dicendi
1012 1997 1199 2078 discipulae
1222 1996 1342 2072 babeo,

297 2099 464 2162 coenandi
479 2099 680 2183 magistron.
697 2103 736 2162 ad
753 2098 957 2163 Volumnium
972 2100 993 2162 l.
1005 2101 1034 2174 7,
1046 2099 1098 2162 33.
1116 2099 1218 2180 Quod
1232 2100 1343 2161 decla·

293 2201 501 2264 mationibus
525 2201 655 2264 nostrie
677 2223 791 2274 careo,
815 2201 933 2264 damni
954 2201 1040 2264 nihil
1054 2199 1174 2290 facie.
1198 2232 1239 2244 --
1261 2203 1344 2264 Cae-

294 2303 367 2366 cina
389 2315 470 2367 tuna
499 2315 532 2366 et
555 2303 794 2366 Dolabella
824 2315 941 2365 noeter
972 2305 1023 2366 vel
1052 2303 1168 2385 potius
1201 2315 1344 2386 uterque

294 2416 412 2468 noster
447 2405 573 2468 etudiie
600 2405 722 2468 iisdem
756 2417 914 2467 tenentur
949 2416 982 2466 et
1019 2405 1103 2467 meio
1124 2404 1342 2488 aequissimis

290 2517 436 2568 utuntur
450 2507 605 2570 auribus.
619 2509 658 2568 ad
670 2509 850 2569 Varronem
874 2506 896 2569 l.
921 2507 953 2583 0,
978 2509 1006 2566 7.
1032 2507 1204 2570 Adventui
1229 2510 1338 2575 Dola-

293 2608 391 2671 bella.
436 2612 528 2672 Eum
546 2621 634 2690 puto
668 2609 873 2691 magistrum
898 2606 1004 2696 fore.
1036 2611 1163 2673 Πολλοὶ
1183 2613 1342 2692 μαθηταὶ

292 2710 470 2797 κρείττονες
492 2705 709 2775 διὸασκάλών.

328 2812 490 2878 magistrum]
527 2831 551 2861 r.
571 2818 682 2863 Wieland
702 2816 808 2862 Cieeno’a
827 2817 917 2869 Beiefe,
938 2817 969 2862 Τ.
991 2812 1015 2869 5,
1037 2830 1060 2869 o.
1083 2813 1140 2862 109.

355 2898 492 2992 Quintil.
512 2900 561 2973 12,
578 2901 628 2975 11,
640 2900 671 2962 6.
686 2898 805 2963 Cicero
816 2902 972 2974 Pansam,
993 2897 1162 2974 Hirtium,
1179 2899 1342 2964 Dolabel-

295 3004 376 3074 lam,
394 3003 429 3063 in
454 3023 583 3065 morem
604 3001 840 3084 praeceptoria
862 3001 1019 3065 exercuit
1047 3001 1199 3084 quotidie
1226 3002 1342 3065 dicens

293 3102 514 3187 audiensque,

446 3189 451 3200 “
736 3214 760 3270 Ι.
781 3213 892 3269 Oratio.

358 3323 493 3404 Quintil.
518 3324 553 3398 8,
578 3325 614 3399 0,
638 3324 666 3390 l.
702 3327 743 3388 In
765 3326 828 3384 bac
846 3326 1074 3407 proprietatio
1095 3329 1222 3410 specie,
1252 3348 1341 3410 quae

291 3426 487 3488 nominibus
509 3425 594 3506 ipaic
615 3424 777 3508 cuiusque
800 3427 851 3487 rei
873 3427 1000 3504 utitur,
1022 3431 1116 3490 nulla
1144 3430 1251 3491 virtue
1270 3443 1336 3506 eet,

290 3539 339 3602 at,
357 3528 450 3611 quod
465 3527 497 3589 ei
518 3526 732 3594 contrarium
755 3540 818 3605 eet,
830 3529 961 3592 citizam.
972 3531 1009 3592 id
1029 3529 1123 3610 apud
1137 3551 1197 3592 noa
1208 3532 1340 3613 impro-

287 3629 418 3710 prium,
444 3626 567 3717 ἄκυρον
589 3629 684 3712 apud
705 3651 851 3713 graecae
873 3643 1026 3695 vocatur.
1049 3635 1150 3713 quale
1178 3645 1229 3695 eet
1250 3645 1339 3695 tan·

290 3741 375 3793 tum
399 3753 581 3816 operare
604 3733 816 3809 dolorem,
844 3745 904 3796 aut
937 3733 1029 3815 quod
1060 3735 1103 3794 in
1133 3736 1338 3798 oratione

290 3833 547 3899 Dolabellae
570 3837 786 3908 emendatum
809 3857 831 3903 a
853 3834 1014 3898 Cicerone
1036 3836 1199 3898 annotavi
1221 3858 1333 3899 mor-

292 3946 373 4001 tem
387 3931 536 4024 ferre.

321 4061 349 4129 in
367 4059 489 4120 oratione]
525 4064 608 4118 quaeri
627 4067 714 4117 potest,
736 4076 792 4107 vera
811 4065 888 4108 oratio
907 4065 1054 4121 intelligatur
1067 4079 1096 4108 an
1110 4065 1251 4110 declamatio
1262 4078 1337 4121 quac-

357 4151 411 4193 dam
431 4164 444 4192 a
463 4149 587 4193 Dolabella
608 4150 679 4192 edita.

321 4239 424 4280 mortem
436 4231 523 4291 serm]
560 4247 603 4288 pro
631 4239 733 4278 mortem
760 4241 885 4291 reportare
915 4239 1044 4298 Spalding,
1076 4241 1161 4285 inclina
1188 4239 1278 4284 Bonnei
1310 4239 1335 4282 in

356 4317 445 4372 benico
464 4332 509 4372 pao
527 4325 631 4372 mortem
651 4321 769 4376 perterre,
791 4326 904 4370 tolerare.
