2976 4844
273 351 334 416 tet

290 531 397 562 sersus
418 516 484 578 egit]
516 520 633 562 testum-t
659 529 745 576 graece
768 520 883 562 camnine.

308 657 380 687 uoces
403 641 524 700 demutet]
561 645 684 688 demutare
706 649 743 687 est
761 657 916 698 corrumpere
937 643 1041 700 (Worts
1062 645 1223 704 verdrehen).
1264 649 1323 693 Nes-

343 733 380 776 cio
402 745 432 776 sn
455 745 527 776 uoces
548 730 676 780 demutare
704 734 766 776 idem
793 732 824 776 sit
854 733 917 790 quod
948 733 1048 778 dicimus
1076 734 1199 780 Perodieu
1224 739 1323 783 inathen

341 822 400 866 oder
424 823 578 864 trevestireu.
601 843 629 853 -
653 820 679 864 lu
701 820 881 866 Seresberiensi
904 821 991 878 tegitur
1009 819 1137 870 denuctat.

337 959 452 1020 Festus
477 979 512 1038 p.
536 957 610 1020 169.
657 957 811 1020 Naevium
838 956 950 1018 silvanr
968 989 1007 1001 —
1024 991 1063 1002 -
1087 981 1181 1044 quarn
1201 962 1323 1044 obpro·

273 1059 337 1124 brii
363 1060 440 1124 loeo
463 1059 566 1139 (obici
592 1062 632 1122 ab
657 1059 794 1144 antiquis
816 1060 948 1139 solere),
974 1065 1059 1144 quod
1084 1061 1117 1126 iu
1143 1064 1323 1127 remorari

273 1165 471 1243 ads(uessent
491 1161 611 1244 perditi
638 1183 675 1224 ac
702 1183 837 1246 nequam
867 1163 1046 1241 ho)mines‚
1073 1165 1163 1227 testis
1189 1177 1238 1228 est
1264 1170 1321 1232 M.

273 1265 378 1344 θα(ἰο
405 1265 440 1328 in
467 1287 509 1328 eo
534 1285 638 1349 quam
663 1265 857 1348 composuit
882 1266 936 1347 in)
967 1268 1020 1330 M.
1049 1269 1203 1332 Coelium
1229 1268 1260 1332 si
1285 1291 1322 1332 se

272 1369 568 1452 appellu(uisset).·
697 1389 720 1430 o
741 1380 849 1450 porto
868 1369 1005 1433 Naeuia
1024 1382 1127 1455 utque
1149 1394 1196 1434 ese
1220 1416 1229 1434 .
1255 1417 1264 1434 .
1291 1416 1299 1435 .

305 1529 320 1558 a
348 1519 427 1573 portu
455 1503 563 1572 Noeris]
611 1515 731 1558 Mtttterus
761 1516 875 1558 adnotat:
908 1515 990 1560 Ursini
1025 1519 1189 1574 supplements
1222 1516 1319 1573 obieci,

340 1605 429 1660 quippe
451 1601 523 1658 plens
543 1601 603 1646 sulse
625 1607 651 1646 et
672 1603 763 1656 inepte.
802 1603 827 1645 Si
846 1603 1013 1648 borioiundum
1036 1611 1109 1666 esset,
1131 1607 1189 1650 bees
1208 1607 1260 1650 fers
1279 1619 1322 1662 po·

342 1703 442 1738 nerem:
469 1688 530 1736 Vise
550 1691 642 1737 eibum
661 1690 809 1747 proximam
833 1713 863 1726 -
880 1705 896 1734 a
917 1698 995 1750 portu
1018 1691 1116 1740 Naevio
1138 1699 1211 1753 utque
1230 1695 1320 1754 erepto.

292 1811 296 1821 .
342 1793 383 1834 re,
397 1779 452 1840 'qui
473 1781 509 1840 iu·
521 1793 551 1824 eu
573 1775 688 1833 homiues
701 1779 869 1837 ¹sotietatem:
890 1780 1004 1826 inernies
1025 1777 1146 1828 Coelium.

337 1917 455 1982 Paulus
477 1940 511 2000 p.
532 1911 597 1981 59:-
611 1902 617 1918 Χ
630 1916 761 1981 Citeriu
782 1915 1005 2000 appellabatur
1027 1917 1148 2004 effigies
1167 1921 1320 2006 quaedam

274 2032 390 2103 ¹arguta
417 2031 448 2084 et
476 2019 600 2103 loquax
625 2019 753 2082 ridiculi
786 2019 907 2104 gratia,
935 2043 1016 2106 quae
1042 2021 1074 2084 in
1097 2044 1217 2106 pompa
1245 2023 1321 2087 vehi

275 2121 370 2187 solita
397 2123 451 2186 sit.
478 2125 582 2206 ¹Coto
608 2121 644 2184 iu
670 2125 726 2186 M.
754 2119 962 2188 Caecilium:
1000 2125 1118 2208 „Quid
1150 2147 1216 2208 ego
1243 2147 1321 2188 cum

276 2227 338 2290 itto
364 2225 546 2289 dissertum
570 2225 739 2310 amptius,
768 2247 869 2309 quem
894 2247 961 2310 ego
987 2227 1130 2312 denique
1154 2226 1258 2291 credo
1285 2229 1321 2290 in

270 2349 401 2412 pompa
429 2314 629 2392 vestitutum
658 2329 709 2390 ire
742 2329 834 2392 ludis
863 2351 933 2413 pro
965 2331 1087 2394 citeria
1111 2341 1214 2415 atque
1243 2351 1321 2393 cum

272 2433 526 2516 spectatoribus
552 2431 893 2496 sermocinaturum9
907 2439 921 2468 “

306 2577 346 2632 M,
372 2576 522 2639 Caecilium]
558 2579 684 2637 legendum
706 2551 745 2622 ‚M
772 2575 892 2624 Coelium.
924 2583 969 2624 nuso
991 2582 1062 2626 stiter
1087 2582 1141 2626 eod.
1164 2581 1244 2626 Gueli.
1282 2577 1320 2626 M.

342 2664 437 2712 Cetium
459 2673 520 2712 teste
541 2667 679 2714 Duebnero.
729 2667 849 2711 Mittisrus
872 2681 967 2726 quoque
989 2670 1034 2712 hoc
1059 2669 1219 2730 fragmentum
1243 2669 1321 2714 eidem

339 2755 443 2822 orationi
469 2757 623 2800 inserendum
646 2759 718 2809 putat.

305 2883 451 2926 restitutum
473 2880 522 2940 ire]
559 2881 700 2926 restitutum
720 2881 755 2925 iri
785 2881 883 2924 coniicit
909 2880 1017 2938 Scaliger
1042 2885 1065 2924 et
1089 2881 1156 2924 Hand
1176 2882 1200 2924 in
1220 2882 1320 2926 Tursel-

339 2971 390 3014 tino
411 2975 428 3014 t.
451 2967 476 3013 2.
499 2983 524 3024 p.
548 2965 625 3023 2⁶6„
655 2968 695 3027 qui
718 2969 775 3012 haec
795 2968 868 3012 verbs
891 2969 927 3011 sic
948 2969 1033 3012 vertit:
1071 2981 1110 3010 sm
1132 2967 1209 3022 Eudo,
1233 2969 1321 3027 glaube

339 3059 386 3113 ish,
412 3061 471 3101 wird
496 3071 523 3102 er
545 3055 582 3101 als
604 3058 723 3118 Spottbitrt
747 3056 887 3118 uufgefuhrt
908 3057 1015 3102 werden.
1053 3057 1143 3104 Mulier
1164 3057 1224 3102 nihii
1246 3059 1320 3102 adno-

338 3150 406 3191 tevit.

335 3268 449 3332 Festus
470 3289 508 3348 p.
535 3267 610 3330 234.
656 3268 725 3328 Pro
752 3264 904 3346 scopulis
930 3286 999 3330 eum
1027 3263 1104 3328 dicit
1131 3264 1228 3340 Cato,
1253 3263 1320 3348 sig·
1410 3307 1412 3314 ι

269 3369 379 3434 nificat
413 3391 479 3452 pro
512 3367 639 3431 iniuria:
664 3369 849 3430 verberum.
907 3388 977 3429 naui
1014 3367 1321 3450 compluresleges

269 3485 360 3536 erant
388 3473 420 3535 in
448 3473 535 3535 cives
563 3481 717 3554 rogatae,
746 3468 863 3555 quibus
890 3469 1091 3533 sanciebatur
1116 3491 1222 3553 poena
1244 3481 1320 3532 ver·

269 3579 393 3638 berum.
439 3575 488 3638 his
515 3573 675 3658 significat
701 3572 907 3655 prohibuisse
936 3574 1051 3639 multos
1078 3594 1152 3636 suos
1181 3567 1261 3666 ciris
1286 3570 1320 3633 in

271 3699 307 3741 ea
335 3677 492 3754 oratione,
523 3698 604 3762 quae
627 3689 674 3740 est
697 3688 820 3740 contra
840 3681 895 3742 M.
916 3677 1093 3742 Coelium:
1116 3675 1148 3737 si
1165 3696 1220 3737 em
1238 3696 1320 3758 per·

269 3781 374 3856 russi,
404 3804 507 3866 saepe
528 3780 711 3844 incolumis
733 3779 816 3843 abii.
859 3791 1042 3862 praetereo
1062 3799 1128 3861 pro
1152 3798 1226 3860 rep.
1252 3796 1320 3861 pro

270 3887 422 3972 seopulis
446 3897 549 3970 utque
574 3882 715 3946 aerario
737 3885 884 3944 multum
904 3885 948 3947 R.
969 3885 1008 3945 P.
1030 3878 1190 3974 profuit.

300 4047 476 4109 prohibuisse]
513 4048 573 4093 Cato
592 4043 720 4105 significet,
739 4057 764 4088 se
783 4044 925 4089 verberibus
943 4047 1008 4091 cives
1027 4059 1141 4091 romanoe
1160 4045 1317 4090 liber-atim:

338 4141 414 4184 suasit
440 4140 504 4185 euim
534 4140 612 4196 tegern
643 4135 756 4178 Porcium
784 4135 812 4179 de
845 4133 957 4180 libertate
988 4135 1075 4179 civium
1104 4149 1126 4183 s.
1160 4131 1208 4180 557
1235 4127 1317 4186 (tut).

338 4227 409 4272 Conf.
433 4240 506 4281 supra
529 4239 554 4281 p.
577 4218 619 4272 20.

304 4353 327 4394 si
349 4347 399 4407 em]
435 4348 530 4394 bostem
556 4348 675 4404 Scatiger.
721 4347 788 4401 „Sed
816 4361 854 4392 em
879 4359 923 4402 pro
949 4359 1005 4390 eum
1029 4357 1043 4390 e
1069 4347 1162 4390 Catone
1186 4357 1232 4388 non
1259 4344 1317 4388 stie-
