2958 4840
271 369 332 432 abt

269 539 428 604 stantem,
453 527 515 590 sed
535 526 571 590 in
593 525 771 602 omnibus,
793 546 882 611 quae
903 524 939 590 in
960 545 1097 611 quaque
1115 526 1321 602 tardantur,

271 629 591 694 eminentissimum.

335 729 547 813 Quintil.·12,
572 735 623 809 11,
647 731 680 796 3.
728 731 810 796 Vidi
829 751 896 816 ego
916 733 1018 816 longe
1040 730 1213 806 omnium,
1232 751 1322 816 quos

272 834 355 897 mibi
362 855 568 915 cognoscere
575 835 732 917 contigit,
743 855 914 897 summum
922 845 1108 908 oratorem,
1124 834 1320 899 Domitium

272 934 406 1026 Afrum
429 937 524 1000 ualde
547 957 673 1012 senem,
698 937 822 1000 cotidie
843 936 976 1020 aliquid
992 959 1039 999 eac
1060 957 1114 1009 ea,
1131 956 1235 1020 quam
1251 959 1321 1000 me·

272 1051 403 1111 ruerat,
427 1040 636 1102 auctoritate
657 1040 867 1121 perdentem,
892 1060 970 1102 cum
984 1051 1108 1122 agente
1129 1039 1202 1114 illo,
1219 1059 1320 1123 quem

267 1141 459 1221 principem
471 1138 594 1229 fuisse
609 1142 782 1224 quondam
792 1139 881 1232 fori
895 1162 963 1205 non
978 1153 1055 1204 erat
1072 1141 1225 1214 dubium,
1238 1140 1314 1214 alii,

270 1243 364 1326 quod
385 1242 565 1324 indignum
588 1243 763 1316 uideatur,
788 1243 958 1319 riderent,
982 1243 1045 1306 aiii
1065 1243 1299 1306 erubescerent
1306 1264 1319 1314 ,·

270 1365 357 1428 quae
380 1345 515 1408 occasio
526 1343 611 1433 suit
632 1345 781 1422 dicendi,
803 1347 904 1409 maile
925 1367 1004 1408 eum
1025 1344 1192 1422 defuere,
1214 1365 1319 1428 quum

271 1448 440 1511 desinere.

334 1548 470 1631 Quintil.
494 1549 526 1624 6,
551 1549 581 1624 3,
605 1550 658 1613 tt.
704 1550 747 1618 ld
765 1571 875 1633 porro
896 1549 989 1634 quod
1009 1549 1155 1627 dicitur,
1184 1561 1246 1612 aut
1267 1562 1320 1612 est

269 1655 435 1717 lasciuum
456 1666 489 1717 et
510 1655 639 1732 hilare,
672 1654 789 1740 qualia
811 1656 857 1718 A.
880 1653 1008 1717 Guttae
1042 1656 1224 1736 pleraque,
1257 1663 1321 1714 aut

273 1757 578 1830 contumeliosum,
601 1757 719 1842 qualia
740 1777 851 1838 nuper
872 1756 966 1822 lunii
987 1755 1107 1827 Bassi,
1136 1767 1198 1817 aut
1218 1775 1318 1836 aspe-

271 1878 368 1930 rum,
392 1858 510 1941 qualia
531 1858 643 1922 Cassii
663 1858 795 1932 Seueri,
819 1867 882 1920 aut
903 1859 997 1933 tene,
1031 1857 1150 1942 qualia
1172 1854 1319 1921 Domitii

271 1957 372 2050 Afri.

335 2057 471 2141 Quintil.
496 2065 533 2138 6,
557 2063 594 2140 3,
618 2063 673 2129 ii.
718 2067 758 2130 ln
782 2063 961 2126 narrando
981 2063 1102 2127 Cicero
1129 2061 1318 2124 consistere

258 2162 422 2255 facetias
441 2177 566 2245 putat,
587 2165 801 2230 dicacitatem
831 2167 866 2229 in
888 2165 1058 2227 iaciendo.
1113 2165 1208 2228 Mire
1231 2161 1320 2254 fuit

271 2266 307 2329 in
327 2268 392 2329 boc
413 2286 539 2349 genere
561 2267 849 2360 uenustusAfer
864 2267 1089 2343 Domitius,
1102 2267 1200 2329 cuius
1221 2286 1316 2328 ora·

270 2369 463 2432 tionibus
485 2373 677 2453 complures
699 2371 896 2434 huiusmodi
924 2371 1143 2432 narrationes
1164 2369 1316 2431 insertae

271 2470 504 2551 reperiuntur,
530 2471 591 2534 sed
612 2471 784 2536 dictorum
810 2494 943 2556 quoque
971 2473 1015 2534 ab
1042 2472 1161 2534 eodem
1189 2471 1320 2534 urbane

270 2583 351 2633 sunt
373 2571 457 2633 editi
477 2573 570 2635 iibri.

335 2673 457 2735 Plinius
480 2673 586 2756 Epist.
609 2677 640 2750 9,
667 2678 717 2751 tt,
743 2676 774 2739 9.
810 2678 862 2739 Ex
886 2674 1083 2757 Quintiliano
1106 2686 1318 2756 praeceptore

272 2797 343 2839 meo
366 2776 489 2838 audisse
513 2777 648 2841 nitemini.
692 2781 852 2841 Narrabat
873 2777 948 2840 itte:
975 2780 1173 2840 Adsectabar
1195 2778 1319 2841 Domi·

270 2877 358 2940 tium
381 2875 532 2966 Afrum,
566 2901 638 2942 eum
659 2883 742 2961 apud
763 2878 979 2967 centumviros
1008 2879 1128 2943 diceret
1161 2881 1318 2960 grauiter

271 2991 303 3042 et
324 2984 424 3052 iente,
449 2981 529 3056 (boc
550 2983 641 3044 enim
663 2983 714 3044 iili
734 2983 880 3046 actionis
902 3003 1013 3064 genus
1034 2981 1137 3061 erat),
1163 2981 1261 3044 audiit
1276 3003 1317 3043 ex

271 3081 422 3162 proximo
444 3082 645 3148 immodicum
669 3085 891 3169 insolitumque
921 3086 1113 3157 clamorem
1145 3081 1317 3146 admiratus

271 3181 417 3246 reticuit:
442 3184 495 3246 ubi
518 3185 674 3249 silentium
697 3188 895 3260 factumest,
920 3187 1050 3268 repetiit
1071 3188 1158 3269 quod
1179 3188 1317 3264 abrupe-

269 3296 331 3346 rat.
357 3285 475 3346 lterum
506 3288 646 3362 clamor,
676 3289 790 3352 iterum
812 3288 951 3365 reticuit,
984 3299 1015 3351 et
1049 3299 1125 3370 post
1158 3285 1314 3350 silentium

270 3386 379 3467 eoepit
400 3387 481 3448 idem
505 3387 613 3452 tertio.
659 3391 859 3467 Novissime,
887 3391 958 3475 quis
981 3391 1114 3467 diceret,
1138 3386 1312 3474 quaesivit:

269 3511 455 3570 responsum
479 3503 536 3563 est,
560 3491 727 3556 Licinius.
773 3496 856 3556 Tum
881 3493 1058 3556 intermissa
1093 3513 1205 3565 causa,
1236 3511 1315 3552 cen·

267 3591 406 3666 tutuviri,
429 3591 542 3677 inquit,
564 3596 628 3658 hoc
651 3595 821 3660 artificium
843 3595 952 3678 periit.

333 3695 439 3757 Tacit.
463 3695 546 3758 Dial.
571 3700 609 3760 de
632 3700 726 3762 Orat.
753 3701 804 3764 13.
845 3702 900 3765 Ne
922 3700 1051 3763 nostris
1073 3698 1209 3781 quidem
1230 3707 1315 3758 tem·

265 3796 410 3878 poribus
433 3801 609 3862 Secundus
632 3805 842 3884 Pomponius
870 3805 995 3883 (poeta)
1024 3798 1145 3890 Afro
1174 3798 1315 3866 Domi-

268 3899 332 3961 tio
355 3899 507 3979 (aratori)
521 3904 572 3964 vei
592 3903 762 3985 dignitate
778 3905 865 3966 uitae
880 3908 932 3968 vel
945 3903 1174 3988 perpetuitate
1181 3898 1316 3993 famae

266 4004 420 4064 cesserit.

331 4103 410 4167 ibid.
435 4128 464 4168 c.
491 4109 541 4170 15.
588 4111 634 4171 Et
656 4110 748 4192 quod
768 4109 972 4193 quibusdam
995 4107 1121 4171 solatio
1144 4119 1206 4182 est,
1233 4105 1316 4168 mibi

266 4219 373 4287 auget
395 4209 647 4290 quaestionem,
680 4212 763 4294 quia
794 4212 890 4274 uideo
923 4210 1027 4272 etiam
1049 4210 1192 4272 Graecis
1226 4207 1316 4270 acci-

265 4303 367 4380 disse,
394 4320 431 4368 ut
453 4311 590 4392 longius
612 4312 701 4375 absit
722 4314 765 4377 ab
781 4313 947 4379 Aeschine
963 4323 996 4376 et
1009 4313 1238 4376 Demosthene
1251 4313 1314 4374 Sa-
