<?xml version="1.0" encoding="UTF-8"?>
<!DOCTYPE html PUBLIC "-//W3C//DTD XHTML 1.0 Transitional//EN"
    "http://www.w3.org/TR/xhtml1/DTD/xhtml1-transitional.dtd">
<html xmlns="http://www.w3.org/1999/xhtml" xml:lang="en" lang="en">
 <head>
  <title>
</title>
<meta http-equiv="Content-Type" content="text/html;charset=utf-8" />
  <meta name='ocr-system' content='tesseract 3.04.00' />
  <meta name='ocr-capabilities' content='ocr_page ocr_carea ocr_par ocr_line ocrx_word'/>
</head>
<body>
  <div class='ocr_page' id='page_1' title='image "./oratorumromanor02meyegoog_0642.png"; bbox 0 0 2958 4840; ppageno 0'>
   <div class='ocr_carea' id='block_1_1' title="bbox 242 345 306 410">
    <p class='ocr_par' dir='ltr' id='par_1_1' title="bbox 242 345 306 410">
     <span class='ocr_line' id='line_1_1' title="bbox 242 345 306 410; baseline 0 0"><span class='ocrx_word' id='word_1_1' title='bbox 242 345 306 410; x_wconf 69' lang='lat'>622</span> 
     </span>
    </p>
   </div>
   <div class='ocr_carea' id='block_1_2' title="bbox 241 502 1290 690">
    <p class='ocr_par' dir='ltr' id='par_1_2' title="bbox 241 502 1290 690">
     <span class='ocr_line' id='line_1_2' title="bbox 242 502 1290 588; baseline 0.002 -20"><span class='ocrx_word' id='word_1_2' title='bbox 242 503 379 585; x_wconf 81' lang='lat' dir='ltr'>teniptas</span> <span class='ocrx_word' id='word_1_3' title='bbox 397 502 564 588; x_wconf 73' lang='lat' dir='ltr'>reh&#39;quisso</span> <span class='ocrx_word' id='word_1_4' title='bbox 581 503 714 571; x_wconf 77' lang='lat' dir='ltr'>ot‘tletur.</span> <span class='ocrx_word' id='word_1_5' title='bbox 760 505 881 571; x_wconf 75' lang='lat' dir='ltr'>Extant</span> <span class='ocrx_word' id='word_1_6' title='bbox 895 506 987 570; x_wconf 86' lang='lat' dir='ltr'>etiam</span> <span class='ocrx_word' id='word_1_7' title='bbox 1011 505 1095 570; x_wconf 84' lang='lat' dir='ltr'>numi</span> <span class='ocrx_word' id='word_1_8' title='bbox 1124 507 1163 571; x_wconf 77' lang='lat'>1..</span> <span class='ocrx_word' id='word_1_9' title='bbox 1191 506 1290 583; x_wconf 87' lang='lat' dir='ltr'>Veri,</span> 
     </span>
     <span class='ocr_line' id='line_1_3' title="bbox 241 605 1290 690; baseline 0.002 -20"><span class='ocrx_word' id='word_1_10' title='bbox 241 607 301 670; x_wconf 82' lang='lat' dir='ltr'>hae</span> <span class='ocrx_word' id='word_1_11' title='bbox 324 605 532 686; x_wconf 71' lang='lat' dir='ltr'>inscriptione</span> <span class='ocrx_word' id='word_1_12' title='bbox 560 609 838 674; x_wconf 65' lang='lat' dir='ltr'>Aunocruto</span> <span class='ocrx_word' id='word_1_13' title='bbox 869 606 1024 690; x_wconf 79' lang='lat' dir='ltr'>insigues.</span> <span class='ocrx_word' id='word_1_14' title='bbox 1069 609 1220 674; x_wconf 87' lang='lat' dir='ltr'>Mionaet</span> <span class='ocrx_word' id='word_1_15' title='bbox 1251 612 1290 672; x_wconf 89' lang='lat' dir='ltr'>de</span> 
     </span>
    </p>
   </div>
   <div class='ocr_carea' id='block_1_3' title="bbox 243 708 1289 892">
    <p class='ocr_par' dir='ltr' id='par_1_3' title="bbox 243 708 1289 892">
     <span class='ocr_line' id='line_1_4' title="bbox 246 708 1289 790; baseline 0.004 -20"><span class='ocrx_word' id='word_1_16' title='bbox 246 709 273 770; x_wconf 83' lang='lat' dir='ltr'>la</span> <span class='ocrx_word' id='word_1_17' title='bbox 306 709 409 770; x_wconf 76' lang='lat' dir='ltr'>rarete</span> <span class='ocrx_word' id='word_1_18' title='bbox 443 721 474 771; x_wconf 87' lang='lat' dir='ltr'>et</span> <span class='ocrx_word' id='word_1_19' title='bbox 504 711 544 770; x_wconf 91' lang='lat' dir='ltr'>du</span> <span class='ocrx_word' id='word_1_20' title='bbox 582 708 657 790; x_wconf 89' lang='lat' dir='ltr'>prix</span> <span class='ocrx_word' id='word_1_21' title='bbox 690 712 743 772; x_wconf 86' lang='lat' dir='ltr'>des</span> <span class='ocrx_word' id='word_1_22' title='bbox 775 709 943 772; x_wconf 70' lang='lat' dir='ltr'>Medailles</span> <span class='ocrx_word' id='word_1_23' title='bbox 978 709 1138 774; x_wconf 83' lang='lat' dir='ltr'>romaines</span> <span class='ocrx_word' id='word_1_24' title='bbox 1176 713 1219 774; x_wconf 87' lang='grc' dir='ltr'>Τ.</span> <span class='ocrx_word' id='word_1_25' title='bbox 1258 714 1289 774; x_wconf 86' lang='grc'>1.</span> 
     </span>
     <span class='ocr_line' id='line_1_5' title="bbox 243 811 474 892; baseline 0.009 -20"><span class='ocrx_word' id='word_1_26' title='bbox 243 833 277 892; x_wconf 80' lang='lat' dir='ltr'>p.</span> <span class='ocrx_word' id='word_1_27' title='bbox 301 811 374 872; x_wconf 77' lang='lat' dir='ltr'>tto.</span> <span class='ocrx_word' id='word_1_28' title='bbox 399 811 474 874; x_wconf 71' lang='lat' dir='ltr'>att.</span> 
     </span>
    </p>
   </div>
   <div class='ocr_carea' id='block_1_4' title="bbox 307 913 1409 1000">
    <p class='ocr_par' dir='ltr' id='par_1_4' title="bbox 307 913 1409 1000">
     <span class='ocr_line' id='line_1_6' title="bbox 307 913 1409 1000; baseline 0.01 -28"><span class='ocrx_word' id='word_1_29' title='bbox 307 913 416 974; x_wconf 84' lang='lat' dir='ltr'>Verus</span> <span class='ocrx_word' id='word_1_30' title='bbox 430 913 612 992; x_wconf 84' lang='lat' dir='ltr'>Imperator</span> <span class='ocrx_word' id='word_1_31' title='bbox 628 915 872 977; x_wconf 85' lang='lat' dir='ltr'>adFrontonem</span> <span class='ocrx_word' id='word_1_32' title='bbox 890 914 1014 995; x_wconf 76' lang='lat' dir='ltr'>ep.8.p.</span> <span class='ocrx_word' id='word_1_33' title='bbox 1037 915 1109 976; x_wconf 78' lang='lat'><strong>18⁷.</strong></span> <span class='ocrx_word' id='word_1_34' title='bbox 1144 916 1288 995; x_wconf 75' lang='lat' dir='ltr'>Quidvis</span> <span class='ocrx_word' id='word_1_35' title='bbox 1353 913 1356 918; x_wconf 43' lang='lat'>¹</span> <span class='ocrx_word' id='word_1_36' title='bbox 1396 983 1409 1000; x_wconf 67' lang='lat'>,</span> 
     </span>
    </p>
   </div>
   <div class='ocr_carea' id='block_1_5' title="bbox 239 1014 1290 1286">
    <p class='ocr_par' dir='ltr' id='par_1_5' title="bbox 239 1014 1290 1286">
     <span class='ocr_line' id='line_1_7' title="bbox 240 1014 1289 1096; baseline 0.004 -20"><span class='ocrx_word' id='word_1_37' title='bbox 240 1014 333 1080; x_wconf 83' lang='lat' dir='ltr'>anim</span> <span class='ocrx_word' id='word_1_38' title='bbox 354 1015 469 1076; x_wconf 75' lang='lat' dir='ltr'>audire</span> <span class='ocrx_word' id='word_1_39' title='bbox 485 1027 631 1096; x_wconf 64' lang='lat' dir='ltr'>,aarum</span> <span class='ocrx_word' id='word_1_40' title='bbox 652 1035 747 1086; x_wconf 83' lang='lat' dir='ltr'>sum,</span> <span class='ocrx_word' id='word_1_41' title='bbox 772 1016 854 1078; x_wconf 82' lang='lat' dir='ltr'>dum</span> <span class='ocrx_word' id='word_1_42' title='bbox 875 1035 898 1077; x_wconf 84' lang='lat' dir='ltr'>a</span> <span class='ocrx_word' id='word_1_43' title='bbox 920 1029 953 1078; x_wconf 82' lang='lat' dir='ltr'>te</span> <span class='ocrx_word' id='word_1_44' title='bbox 974 1037 1029 1078; x_wconf 84' lang='lat' dir='ltr'>res</span> <span class='ocrx_word' id='word_1_45' title='bbox 1047 1028 1190 1080; x_wconf 78' lang='lat' dir='ltr'>nostroe</span> <span class='ocrx_word' id='word_1_46' title='bbox 1210 1017 1289 1080; x_wconf 77' lang='lat' dir='ltr'>illu-</span> 
     </span>
     <span class='ocr_line' id='line_1_8' title="bbox 239 1117 1290 1184; baseline 0.004 -6"><span class='ocrx_word' id='word_1_47' title='bbox 239 1129 405 1180; x_wconf 81' lang='lat' dir='ltr'>ste-eatur.</span> <span class='ocrx_word' id='word_1_48' title='bbox 433 1119 617 1182; x_wconf 66' lang='lat' dir='ltr'>flumana</span> <span class='ocrx_word' id='word_1_49' title='bbox 639 1117 861 1184; x_wconf 68' lang='lat' dir='ltr'>summersis</span> <span class='ocrx_word' id='word_1_50' title='bbox 877 1129 911 1180; x_wconf 80' lang='lat' dir='ltr'>et</span> <span class='ocrx_word' id='word_1_51' title='bbox 931 1117 1106 1182; x_wconf 76' lang='lat' dir='ltr'>motiones</span> <span class='ocrx_word' id='word_1_52' title='bbox 1125 1117 1172 1181; x_wconf 79' lang='lat' dir='ltr'>od</span> <span class='ocrx_word' id='word_1_53' title='bbox 1191 1136 1290 1182; x_wconf 69' lang='lat' dir='ltr'>aeuo·</span> 
     </span>
     <span class='ocr_line' id='line_1_9' title="bbox 242 1211 1071 1286; baseline 0.002 -6"><span class='ocrx_word' id='word_1_54' title='bbox 242 1231 317 1280; x_wconf 77' lang='lat' dir='ltr'>trem</span> <span class='ocrx_word' id='word_1_55' title='bbox 337 1232 369 1280; x_wconf 85' lang='lat' dir='ltr'>et</span> <span class='ocrx_word' id='word_1_56' title='bbox 390 1219 616 1284; x_wconf 65' lang='lat' dir='ltr'>adsumtum</span> <span class='ocrx_word' id='word_1_57' title='bbox 636 1229 776 1282; x_wconf 62' lang='lat' dir='ltr'>neuros</span> <span class='ocrx_word' id='word_1_58' title='bbox 797 1219 845 1282; x_wconf 77' lang='lat' dir='ltr'>od</span> <span class='ocrx_word' id='word_1_59' title='bbox 863 1211 1071 1286; x_wconf 66' lang='lat' dir='ltr'>exereitum.</span> 
     </span>
    </p>
   </div>
   <div class='ocr_carea' id='block_1_6' title="bbox 628 1383 898 1458">
    <p class='ocr_par' dir='ltr' id='par_1_6' title="bbox 628 1383 898 1458">
     <span class='ocr_line' id='line_1_10' title="bbox 628 1383 898 1458; baseline 0.007 -18"><span class='ocrx_word' id='word_1_60' title='bbox 628 1383 698 1440; x_wconf 83' lang='lat' dir='ltr'>CLI.</span> <span class='ocrx_word' id='word_1_61' title='bbox 739 1383 898 1458; x_wconf 75' lang='lat' dir='ltr'>Appuleius.</span> 
     </span>
    </p>
   </div>
   <div class='ocr_carea' id='block_1_7' title="bbox 239 1496 1293 3288">
    <p class='ocr_par' dir='ltr' id='par_1_7' title="bbox 239 1496 1292 2395">
     <span class='ocr_line' id='line_1_11' title="bbox 306 1496 1291 1564; baseline 0 -4"><span class='ocrx_word' id='word_1_62' title='bbox 306 1501 405 1560; x_wconf 87' lang='lat' dir='ltr'>Natus</span> <span class='ocrx_word' id='word_1_63' title='bbox 437 1499 612 1560; x_wconf 89' lang='lat' dir='ltr'>Madaurae</span> <span class='ocrx_word' id='word_1_64' title='bbox 648 1499 726 1560; x_wconf 80' lang='lat' dir='ltr'>urlte</span> <span class='ocrx_word' id='word_1_65' title='bbox 754 1496 885 1560; x_wconf 79' lang='lat' dir='ltr'>Africae</span> <span class='ocrx_word' id='word_1_66' title='bbox 912 1496 942 1563; x_wconf 89' lang='lat' dir='ltr'>in</span> <span class='ocrx_word' id='word_1_67' title='bbox 973 1497 1089 1564; x_wconf 85' lang='lat' dir='ltr'>finibus</span> <span class='ocrx_word' id='word_1_68' title='bbox 1122 1499 1291 1562; x_wconf 81' lang='lat' dir='ltr'>Numidiae</span> 
     </span>
     <span class='ocr_line' id='line_1_12' title="bbox 241 1597 1289 1678; baseline -0.002 -14"><span class='ocrx_word' id='word_1_69' title='bbox 241 1613 272 1665; x_wconf 88' lang='lat' dir='ltr'>et</span> <span class='ocrx_word' id='word_1_70' title='bbox 304 1600 485 1673; x_wconf 80' lang='lat' dir='ltr'>Gaetuliae,</span> <span class='ocrx_word' id='word_1_71' title='bbox 537 1597 702 1663; x_wconf 89' lang='lat' dir='ltr'>Hadriano</span> <span class='ocrx_word' id='word_1_72' title='bbox 734 1597 909 1678; x_wconf 89' lang='lat' dir='ltr'>imperante</span> <span class='ocrx_word' id='word_1_73' title='bbox 943 1620 1026 1662; x_wconf 93' lang='lat' dir='ltr'>anno</span> <span class='ocrx_word' id='word_1_74' title='bbox 1062 1600 1192 1662; x_wconf 85' lang='lat' dir='ltr'>circiter</span> <span class='ocrx_word' id='word_1_75' title='bbox 1226 1601 1289 1662; x_wconf 72' lang='lat'>879</span> 
     </span>
     <span class='ocr_line' id='line_1_13' title="bbox 242 1699 1292 1780; baseline -0.001 -18"><span class='ocrx_word' id='word_1_76' title='bbox 242 1704 344 1780; x_wconf 74' lang='lat' dir='ltr'>(tus).</span> <span class='ocrx_word' id='word_1_77' title='bbox 390 1700 489 1764; x_wconf 85' lang='lat' dir='ltr'>Conl.</span> <span class='ocrx_word' id='word_1_78' title='bbox 517 1699 717 1762; x_wconf 87' lang='lat' dir='ltr'>Hildebraud</span> <span class='ocrx_word' id='word_1_79' title='bbox 742 1699 772 1761; x_wconf 92' lang='lat' dir='ltr'>in</span> <span class='ocrx_word' id='word_1_80' title='bbox 800 1700 1078 1770; x_wconf 84' lang='lat' dir='ltr'>Commentatione</span> <span class='ocrx_word' id='word_1_81' title='bbox 1106 1705 1144 1763; x_wconf 90' lang='lat' dir='ltr'>de</span> <span class='ocrx_word' id='word_1_82' title='bbox 1169 1702 1230 1762; x_wconf 84' lang='lat' dir='ltr'>vita</span> <span class='ocrx_word' id='word_1_83' title='bbox 1260 1713 1292 1766; x_wconf 85' lang='lat' dir='ltr'>et</span> 
     </span>
     <span class='ocr_line' id='line_1_14' title="bbox 241 1800 1285 1886; baseline -0.002 -20"><span class='ocrx_word' id='word_1_84' title='bbox 241 1802 369 1883; x_wconf 86' lang='lat' dir='ltr'>scriptis</span> <span class='ocrx_word' id='word_1_85' title='bbox 402 1800 565 1880; x_wconf 88' lang='lat' dir='ltr'>Appuleii.</span> <span class='ocrx_word' id='word_1_86' title='bbox 598 1802 689 1861; x_wconf 87' lang='lat' dir='ltr'>Halis</span> <span class='ocrx_word' id='word_1_87' title='bbox 718 1801 809 1863; x_wconf 83' lang='lat'><strong>1835.</strong></span> <span class='ocrx_word' id='word_1_88' title='bbox 837 1825 869 1884; x_wconf 92' lang='lat' dir='ltr'>p.</span> <span class='ocrx_word' id='word_1_89' title='bbox 895 1804 927 1864; x_wconf 76' lang='lat'>2.</span> <span class='ocrx_word' id='word_1_90' title='bbox 972 1803 1053 1867; x_wconf 90' lang='lat' dir='ltr'>Cum</span> <span class='ocrx_word' id='word_1_91' title='bbox 1088 1802 1285 1886; x_wconf 79' lang='lat' dir='ltr'>Carthagine</span> 
     </span>
     <span class='ocr_line' id='line_1_15' title="bbox 240 1901 1289 1990; baseline 0 -24"><span class='ocrx_word' id='word_1_92' title='bbox 240 1903 394 1990; x_wconf 89' lang='lat' dir='ltr'>primum,</span> <span class='ocrx_word' id='word_1_93' title='bbox 435 1901 545 1964; x_wconf 91' lang='lat' dir='ltr'>deinde</span> <span class='ocrx_word' id='word_1_94' title='bbox 574 1901 707 1963; x_wconf 84' lang='lat' dir='ltr'>Athenis</span> <span class='ocrx_word' id='word_1_95' title='bbox 729 1901 867 1972; x_wconf 83' lang='lat' dir='ltr'>imbutus</span> <span class='ocrx_word' id='word_1_96' title='bbox 894 1916 976 1966; x_wconf 90' lang='lat' dir='ltr'>esset</span> <span class='ocrx_word' id='word_1_97' title='bbox 998 1904 1131 1979; x_wconf 86' lang='lat' dir='ltr'>litteris,</span> <span class='ocrx_word' id='word_1_98' title='bbox 1166 1907 1289 1968; x_wconf 87' lang='lat' dir='ltr'>Romae</span> 
     </span>
     <span class='ocr_line' id='line_1_16' title="bbox 239 2001 1290 2091; baseline 0.002 -25"><span class='ocrx_word' id='word_1_99' title='bbox 239 2004 303 2088; x_wconf 73' lang='lat' dir='ltr'>juri</span> <span class='ocrx_word' id='word_1_100' title='bbox 333 2025 464 2084; x_wconf 89' lang='lat' dir='ltr'>operam</span> <span class='ocrx_word' id='word_1_101' title='bbox 497 2001 583 2066; x_wconf 88' lang='lat' dir='ltr'>dedit</span> <span class='ocrx_word' id='word_1_102' title='bbox 611 2025 783 2088; x_wconf 82' lang='lat' dir='ltr'>causasque</span> <span class='ocrx_word' id='word_1_103' title='bbox 807 2026 903 2088; x_wconf 82' lang='lat' dir='ltr'>agere</span> <span class='ocrx_word' id='word_1_104' title='bbox 932 2005 1052 2091; x_wconf 90' lang='lat' dir='ltr'>eoepit.</span> <span class='ocrx_word' id='word_1_105' title='bbox 1113 2009 1230 2068; x_wconf 86' lang='lat' dir='ltr'>Postea</span> <span class='ocrx_word' id='word_1_106' title='bbox 1255 2005 1290 2068; x_wconf 90' lang='lat' dir='ltr'>iu</span> 
     </span>
     <span class='ocr_line' id='line_1_17' title="bbox 242 2105 1289 2194; baseline -0.003 -24"><span class='ocrx_word' id='word_1_107' title='bbox 242 2105 375 2192; x_wconf 86' lang='lat' dir='ltr'>patriam</span> <span class='ocrx_word' id='word_1_108' title='bbox 406 2109 509 2167; x_wconf 86' lang='lat' dir='ltr'>redux</span> <span class='ocrx_word' id='word_1_109' title='bbox 537 2105 733 2190; x_wconf 82' lang='lat' dir='ltr'>Carthagine</span> <span class='ocrx_word' id='word_1_110' title='bbox 765 2105 846 2168; x_wconf 88' lang='lat' dir='ltr'>vixit</span> <span class='ocrx_word' id='word_1_111' title='bbox 879 2120 910 2169; x_wconf 87' lang='lat' dir='ltr'>et</span> <span class='ocrx_word' id='word_1_112' title='bbox 945 2107 1146 2194; x_wconf 84' lang='lat' dir='ltr'>eloquentiae</span> <span class='ocrx_word' id='word_1_113' title='bbox 1176 2107 1289 2170; x_wconf 88' lang='lat' dir='ltr'>floruit</span> 
     </span>
     <span class='ocr_line' id='line_1_18' title="bbox 242 2207 1290 2273; baseline -0.002 0"><span class='ocrx_word' id='word_1_114' title='bbox 242 2212 334 2273; x_wconf 90' lang='lat' dir='ltr'>laude</span> <span class='ocrx_word' id='word_1_115' title='bbox 372 2211 431 2272; x_wconf 91' lang='lat' dir='ltr'>sub</span> <span class='ocrx_word' id='word_1_116' title='bbox 471 2207 636 2271; x_wconf 79' lang='lat' dir='ltr'>Antonino</span> <span class='ocrx_word' id='word_1_117' title='bbox 675 2207 736 2270; x_wconf 92' lang='lat' dir='ltr'>Pio</span> <span class='ocrx_word' id='word_1_118' title='bbox 772 2221 802 2269; x_wconf 90' lang='lat' dir='ltr'>et</span> <span class='ocrx_word' id='word_1_119' title='bbox 838 2208 992 2272; x_wconf 78' lang='lat' dir='ltr'>iratribus</span> <span class='ocrx_word' id='word_1_120' title='bbox 1033 2211 1083 2272; x_wconf 89' lang='lat' dir='ltr'>M.</span> <span class='ocrx_word' id='word_1_121' title='bbox 1127 2207 1290 2272; x_wconf 86' lang='lat' dir='ltr'>Antonino</span> 
     </span>
     <span class='ocr_line' id='line_1_19' title="bbox 242 2311 621 2395; baseline -0.005 -22"><span class='ocrx_word' id='word_1_122' title='bbox 242 2311 438 2395; x_wconf 85' lang='lat' dir='ltr'>philosopho</span> <span class='ocrx_word' id='word_1_123' title='bbox 468 2322 498 2372; x_wconf 92' lang='lat' dir='ltr'>et</span> <span class='ocrx_word' id='word_1_124' title='bbox 518 2312 621 2372; x_wconf 88' lang='lat' dir='ltr'>Vero.</span> 
     </span>
    </p>

    <p class='ocr_par' dir='ltr' id='par_1_8' title="bbox 243 2409 1291 2700">
     <span class='ocr_line' id='line_1_20' title="bbox 308 2409 1291 2496; baseline -0.002 -20"><span class='ocrx_word' id='word_1_125' title='bbox 308 2411 506 2496; x_wconf 80' lang='lat' dir='ltr'>Augustinus</span> <span class='ocrx_word' id='word_1_126' title='bbox 525 2413 564 2473; x_wconf 88' lang='lat' dir='ltr'>ad</span> <span class='ocrx_word' id='word_1_127' title='bbox 579 2411 802 2474; x_wconf 81' lang='lat' dir='ltr'>Marcellinum</span> <span class='ocrx_word' id='word_1_128' title='bbox 820 2409 924 2493; x_wconf 85' lang='lat' dir='ltr'>Epist.</span> <span class='ocrx_word' id='word_1_129' title='bbox 939 2411 983 2475; x_wconf 86' lang='lat' dir='ltr'>V.</span> <span class='ocrx_word' id='word_1_130' title='bbox 1021 2413 1213 2494; x_wconf 79' lang='lat' dir='ltr'>Appuleius</span> <span class='ocrx_word' id='word_1_131' title='bbox 1232 2415 1291 2474; x_wconf 83' lang='lat' dir='ltr'>tm-</span> 
     </span>
     <span class='ocr_line' id='line_1_21' title="bbox 243 2508 1287 2597; baseline -0.003 -20"><span class='ocrx_word' id='word_1_132' title='bbox 243 2529 340 2578; x_wconf 86' lang='lat' dir='ltr'>nesto</span> <span class='ocrx_word' id='word_1_133' title='bbox 354 2513 490 2597; x_wconf 80' lang='lat' dir='ltr'>patriae</span> <span class='ocrx_word' id='word_1_134' title='bbox 508 2535 593 2576; x_wconf 85' lang='lat' dir='ltr'>suae</span> <span class='ocrx_word' id='word_1_135' title='bbox 609 2517 684 2576; x_wconf 87' lang='lat' dir='ltr'>loeo</span> <span class='ocrx_word' id='word_1_136' title='bbox 702 2525 823 2588; x_wconf 80' lang='lat' dir='ltr'>uatus,</span> <span class='ocrx_word' id='word_1_137' title='bbox 843 2525 875 2575; x_wconf 86' lang='lat' dir='ltr'>et</span> <span class='ocrx_word' id='word_1_138' title='bbox 895 2514 1082 2577; x_wconf 78' lang='lat' dir='ltr'>liberaliter</span> <span class='ocrx_word' id='word_1_139' title='bbox 1105 2508 1287 2588; x_wconf 69' lang='lat' dir='ltr'>educatus,</span> 
     </span>
     <span class='ocr_line' id='line_1_22' title="bbox 245 2617 865 2700; baseline -0.006 -20"><span class='ocrx_word' id='word_1_140' title='bbox 245 2634 437 2700; x_wconf 74' lang='lat' dir='ltr'>magnaque</span> <span class='ocrx_word' id='word_1_141' title='bbox 460 2618 638 2697; x_wconf 75' lang='lat' dir='ltr'>praeditus</span> <span class='ocrx_word' id='word_1_142' title='bbox 661 2617 865 2700; x_wconf 73' lang='lat' dir='ltr'>eloquentia.</span> 
     </span>
    </p>

    <p class='ocr_par' dir='ltr' id='par_1_9' title="bbox 240 2714 1293 3009">
     <span class='ocr_line' id='line_1_23' title="bbox 306 2714 1293 2798; baseline -0.001 -18"><span class='ocrx_word' id='word_1_143' title='bbox 306 2717 457 2780; x_wconf 88' lang='lat' dir='ltr'>Sidonius</span> <span class='ocrx_word' id='word_1_144' title='bbox 482 2717 625 2798; x_wconf 80' lang='lat' dir='ltr'>Apollin.</span> <span class='ocrx_word' id='word_1_145' title='bbox 654 2716 758 2797; x_wconf 84' lang='lat' dir='ltr'>Epist.</span> <span class='ocrx_word' id='word_1_146' title='bbox 784 2719 806 2779; x_wconf 90' lang='lat' dir='ltr'>l.</span> <span class='ocrx_word' id='word_1_147' title='bbox 832 2715 1147 2783; x_wconf 60' lang='lat' dir='ltr'>taricheatarum</span> <span class='ocrx_word' id='word_1_148' title='bbox 1172 2719 1235 2798; x_wconf 89' lang='lat' dir='ltr'>Ep.</span> <span class='ocrx_word' id='word_1_149' title='bbox 1260 2714 1293 2780; x_wconf 78' lang='grc'>3.</span> 
     </span>
     <span class='ocr_line' id='line_1_24' title="bbox 243 2819 1291 2908; baseline -0.005 -24"><span class='ocrx_word' id='word_1_150' title='bbox 243 2821 401 2885; x_wconf 60' lang='lat' dir='ltr'>ntorum</span> <span class='ocrx_word' id='word_1_151' title='bbox 425 2821 563 2881; x_wconf 65' lang='lat' dir='ltr'>aurium</span> <span class='ocrx_word' id='word_1_152' title='bbox 582 2819 730 2908; x_wconf 80' lang='lat' dir='ltr'>peritiae</span> <span class='ocrx_word' id='word_1_153' title='bbox 754 2839 814 2880; x_wconf 85' lang='lat' dir='ltr'>ner</span> <span class='ocrx_word' id='word_1_154' title='bbox 832 2820 1083 2882; x_wconf 59' lang='lat' dir='ltr'>frontonianae</span> <span class='ocrx_word' id='word_1_155' title='bbox 1107 2820 1291 2902; x_wconf 77' lang='lat' dir='ltr'>grauitatis</span> 
     </span>
     <span class='ocr_line' id='line_1_25' title="bbox 240 2920 1267 3009; baseline -0.003 -24"><span class='ocrx_word' id='word_1_156' title='bbox 240 2935 301 2985; x_wconf 80' lang='lat' dir='ltr'>out</span> <span class='ocrx_word' id='word_1_157' title='bbox 321 2921 525 3004; x_wconf 72' lang='lat' dir='ltr'>ponderis</span> <span class='ocrx_word' id='word_1_158' title='bbox 549 2921 810 3002; x_wconf 70' lang='lat' dir='ltr'>Appuleiam</span> <span class='ocrx_word' id='word_1_159' title='bbox 820 2920 967 3009; x_wconf 69' lang='lat' dir='ltr'>fittmen</span> <span class='ocrx_word' id='word_1_160' title='bbox 990 2922 1225 3004; x_wconf 82' lang='lat' dir='ltr'>aequiparem.</span> <span class='ocrx_word' id='word_1_161' title='bbox 1264 2932 1267 2941; x_wconf 82' lang='lat'><em>&#39;</em></span> 
     </span>
    </p>

    <p class='ocr_par' dir='ltr' id='par_1_10' title="bbox 241 3021 1292 3288">
     <span class='ocr_line' id='line_1_26' title="bbox 308 3021 1292 3104; baseline -0.004 -18"><span class='ocrx_word' id='word_1_162' title='bbox 308 3022 483 3104; x_wconf 87' lang='lat' dir='ltr'>Appuleius</span> <span class='ocrx_word' id='word_1_163' title='bbox 518 3021 586 3103; x_wconf 86' lang='lat' dir='ltr'>ipse</span> <span class='ocrx_word' id='word_1_164' title='bbox 618 3022 649 3084; x_wconf 89' lang='lat' dir='ltr'>in</span> <span class='ocrx_word' id='word_1_165' title='bbox 682 3022 824 3086; x_wconf 86' lang='lat' dir='ltr'>Floridis</span> <span class='ocrx_word' id='word_1_166' title='bbox 855 3045 887 3104; x_wconf 91' lang='lat' dir='ltr'>p.</span> <span class='ocrx_word' id='word_1_167' title='bbox 921 3025 976 3096; x_wconf 79' lang='lat'>37,</span> <span class='ocrx_word' id='word_1_168' title='bbox 1012 3022 1064 3084; x_wconf 91' lang='lat' dir='ltr'>ubi</span> <span class='ocrx_word' id='word_1_169' title='bbox 1098 3023 1204 3085; x_wconf 78' lang='lat' dir='ltr'>omma</span> <span class='ocrx_word' id='word_1_170' title='bbox 1238 3040 1292 3083; x_wconf 86' lang='lat' dir='ltr'>sua</span> 
     </span>
     <span class='ocr_line' id='line_1_27' title="bbox 241 3123 1292 3206; baseline -0.004 -18"><span class='ocrx_word' id='word_1_171' title='bbox 241 3126 359 3206; x_wconf 86' lang='lat' dir='ltr'>scripta</span> <span class='ocrx_word' id='word_1_172' title='bbox 383 3134 558 3196; x_wconf 87' lang='lat' dir='ltr'>enumerat,</span> <span class='ocrx_word' id='word_1_173' title='bbox 586 3123 747 3188; x_wconf 86' lang='lat' dir='ltr'>orationes</span> <span class='ocrx_word' id='word_1_174' title='bbox 773 3147 843 3186; x_wconf 88' lang='lat' dir='ltr'>suas</span> <span class='ocrx_word' id='word_1_175' title='bbox 869 3147 885 3187; x_wconf 95' lang='lat' dir='ltr'>a</span> <span class='ocrx_word' id='word_1_176' title='bbox 906 3124 1031 3187; x_wconf 88' lang='lat' dir='ltr'>disertis</span> <span class='ocrx_word' id='word_1_177' title='bbox 1059 3125 1198 3186; x_wconf 87' lang='lat' dir='ltr'>laudatas</span> <span class='ocrx_word' id='word_1_178' title='bbox 1224 3143 1292 3185; x_wconf 88' lang='lat' dir='ltr'>esse</span> 
     </span>
     <span class='ocr_line' id='line_1_28' title="bbox 244 3225 369 3288; baseline -0.008 0"><span class='ocrx_word' id='word_1_179' title='bbox 244 3225 369 3288; x_wconf 73' lang='lat' dir='ltr'>scribit.</span> 
     </span>
    </p>
   </div>
   <div class='ocr_carea' id='block_1_8' title="bbox 244 3392 1289 3466">
    <p class='ocr_par' dir='ltr' id='par_1_11' title="bbox 244 3392 1289 3466">
     <span class='ocr_line' id='line_1_29' title="bbox 244 3392 1289 3466; baseline 0.007 -16"><span class='ocrx_word' id='word_1_180' title='bbox 244 3394 270 3450; x_wconf 88' lang='grc'>1.</span> <span class='ocrx_word' id='word_1_181' title='bbox 293 3392 391 3451; x_wconf 84' lang='lat' dir='ltr'>Oratio</span> <span class='ocrx_word' id='word_1_182' title='bbox 405 3409 457 3466; x_wconf 86' lang='lat' dir='ltr'>pro</span> <span class='ocrx_word' id='word_1_183' title='bbox 470 3409 502 3450; x_wconf 89' lang='lat' dir='ltr'>so</span> <span class='ocrx_word' id='word_1_184' title='bbox 516 3395 593 3463; x_wconf 86' lang='lat' dir='ltr'>apud</span> <span class='ocrx_word' id='word_1_185' title='bbox 605 3393 757 3453; x_wconf 79' lang='lat' dir='ltr'>Claudiurn</span> <span class='ocrx_word' id='word_1_186' title='bbox 770 3395 928 3459; x_wconf 80' lang='lat' dir='ltr'>Maximum</span> <span class='ocrx_word' id='word_1_187' title='bbox 942 3395 1148 3466; x_wconf 81' lang='lat' dir='ltr'>proconsulem</span> <span class='ocrx_word' id='word_1_188' title='bbox 1165 3396 1289 3457; x_wconf 73' lang='lat' dir='ltr'>nmmo.</span> 
     </span>
    </p>
   </div>
   <div class='ocr_carea' id='block_1_9' title="bbox 209 3504 1296 4404">
    <p class='ocr_par' dir='ltr' id='par_1_12' title="bbox 209 3504 1296 4404">
     <span class='ocr_line' id='line_1_30' title="bbox 209 3504 1293 3588; baseline 0.002 -20"><span class='ocrx_word' id='word_1_189' title='bbox 209 3511 211 3516; x_wconf 79' lang='grc'>’</span> <span class='ocrx_word' id='word_1_190' title='bbox 307 3508 405 3568; x_wconf 84' lang='lat' dir='ltr'>Extat</span> <span class='ocrx_word' id='word_1_191' title='bbox 425 3508 502 3566; x_wconf 89' lang='lat' dir='ltr'>haee</span> <span class='ocrx_word' id='word_1_192' title='bbox 528 3504 633 3574; x_wconf 81' lang='lat' dir='ltr'>oratio</span> <span class='ocrx_word' id='word_1_193' title='bbox 659 3506 741 3570; x_wconf 89' lang='lat' dir='ltr'>inter</span> <span class='ocrx_word' id='word_1_194' title='bbox 765 3506 883 3588; x_wconf 85' lang='lat' dir='ltr'>scripta</span> <span class='ocrx_word' id='word_1_195' title='bbox 911 3507 1064 3588; x_wconf 90' lang='lat' dir='ltr'>Appuleii</span> <span class='ocrx_word' id='word_1_196' title='bbox 1086 3511 1144 3569; x_wconf 86' lang='lat' dir='ltr'>suln</span> <span class='ocrx_word' id='word_1_197' title='bbox 1166 3507 1293 3571; x_wconf 88' lang='lat' dir='ltr'>nomine</span> 
     </span>
     <span class='ocr_line' id='line_1_31' title="bbox 242 3608 1291 3692; baseline -0.004 -18"><span class='ocrx_word' id='word_1_198' title='bbox 242 3609 418 3692; x_wconf 83' lang='lat' dir='ltr'>Apologia</span> <span class='ocrx_word' id='word_1_199' title='bbox 433 3608 502 3670; x_wconf 83' lang='lat' dir='ltr'>siue</span> <span class='ocrx_word' id='word_1_200' title='bbox 519 3609 559 3668; x_wconf 85' lang='lat' dir='ltr'>de</span> <span class='ocrx_word' id='word_1_201' title='bbox 572 3609 699 3692; x_wconf 84' lang='lat' dir='ltr'>Magia</span> <span class='ocrx_word' id='word_1_202' title='bbox 715 3610 811 3673; x_wconf 85' lang='lat' dir='ltr'>liber.</span> <span class='ocrx_word' id='word_1_203' title='bbox 857 3608 1036 3692; x_wconf 87' lang='lat' dir='ltr'>Appuleius</span> <span class='ocrx_word' id='word_1_204' title='bbox 1055 3620 1218 3689; x_wconf 73' lang='lat' dir='ltr'>aecusatus</span> <span class='ocrx_word' id='word_1_205' title='bbox 1234 3621 1291 3681; x_wconf 86' lang='lat' dir='ltr'>est,</span> 
     </span>
     <span class='ocr_line' id='line_1_32' title="bbox 241 3707 1291 3799; baseline -0.003 -26"><span class='ocrx_word' id='word_1_206' title='bbox 241 3707 329 3799; x_wconf 88' lang='lat' dir='ltr'>quod</span> <span class='ocrx_word' id='word_1_207' title='bbox 349 3708 516 3770; x_wconf 87' lang='lat' dir='ltr'>Aemiliam</span> <span class='ocrx_word' id='word_1_208' title='bbox 539 3710 770 3784; x_wconf 88' lang='lat' dir='ltr'>Pudentillam,</span> <span class='ocrx_word' id='word_1_209' title='bbox 795 3711 956 3772; x_wconf 86' lang='lat' dir='ltr'>mulierem</span> <span class='ocrx_word' id='word_1_210' title='bbox 977 3711 1118 3780; x_wconf 86' lang='lat' dir='ltr'>nobilem</span> <span class='ocrx_word' id='word_1_211' title='bbox 1145 3721 1175 3772; x_wconf 90' lang='lat' dir='ltr'>et</span> <span class='ocrx_word' id='word_1_212' title='bbox 1202 3710 1291 3781; x_wconf 62' lang='lat' dir='ltr'>ditis,</span> 
     </span>
     <span class='ocr_line' id='line_1_33' title="bbox 242 3810 1294 3895; baseline -0.001 -22"><span class='ocrx_word' id='word_1_213' title='bbox 242 3811 360 3888; x_wconf 81' lang='lat' dir='ltr'>simam,</span> <span class='ocrx_word' id='word_1_214' title='bbox 377 3810 507 3895; x_wconf 80' lang='lat' dir='ltr'>magicis</span> <span class='ocrx_word' id='word_1_215' title='bbox 527 3810 647 3872; x_wconf 89' lang='lat' dir='ltr'>artibus</span> <span class='ocrx_word' id='word_1_216' title='bbox 667 3811 835 3886; x_wconf 86' lang='lat' dir='ltr'>allexisset,</span> <span class='ocrx_word' id='word_1_217' title='bbox 856 3811 886 3874; x_wconf 91' lang='lat' dir='ltr'>in</span> <span class='ocrx_word' id='word_1_218' title='bbox 901 3811 1134 3874; x_wconf 87' lang='lat' dir='ltr'>matrimonium</span> <span class='ocrx_word' id='word_1_219' title='bbox 1152 3810 1294 3894; x_wconf 79' lang='lat' dir='ltr'>duxisset</span> 
     </span>
     <span class='ocr_line' id='line_1_34' title="bbox 241 3911 1294 4006; baseline -0.003 -31"><span class='ocrx_word' id='word_1_220' title='bbox 241 3916 456 4003; x_wconf 75' lang='lat' dir='ltr'>grandemque</span> <span class='ocrx_word' id='word_1_221' title='bbox 470 3914 574 3976; x_wconf 88' lang='lat' dir='ltr'>dotem</span> <span class='ocrx_word' id='word_1_222' title='bbox 595 3924 707 3974; x_wconf 85' lang='lat' dir='ltr'>eontra</span> <span class='ocrx_word' id='word_1_223' title='bbox 730 3913 777 3977; x_wconf 83' lang='lat' dir='ltr'>las</span> <span class='ocrx_word' id='word_1_224' title='bbox 796 3913 994 3994; x_wconf 73' lang='lat' dir='ltr'>extorsisset.</span> <span class='ocrx_word' id='word_1_225' title='bbox 1036 3911 1144 4006; x_wconf 83' lang='lat' dir='ltr'>Causa</span> <span class='ocrx_word' id='word_1_226' title='bbox 1160 3924 1228 3990; x_wconf 81' lang='lat' dir='ltr'>acta</span> <span class='ocrx_word' id='word_1_227' title='bbox 1247 3924 1294 3974; x_wconf 88' lang='lat' dir='ltr'>est</span> 
     </span>
     <span class='ocr_line' id='line_1_35' title="bbox 242 3999 1294 4089; baseline -0.002 -13"><span class='ocrx_word' id='word_1_228' title='bbox 242 4017 410 4087; x_wconf 85' lang='lat' dir='ltr'>Sabratae,</span> <span class='ocrx_word' id='word_1_229' title='bbox 444 4015 523 4074; x_wconf 86' lang='lat' dir='ltr'>urbe</span> <span class='ocrx_word' id='word_1_230' title='bbox 552 4011 684 4074; x_wconf 84' lang='lat' dir='ltr'>Africae</span> <span class='ocrx_word' id='word_1_231' title='bbox 708 4005 778 4089; x_wconf 73' lang='lat' dir='ltr'>(uni</span> <span class='ocrx_word' id='word_1_232' title='bbox 806 4026 983 4076; x_wconf 78' lang='lat' dir='ltr'>contuentes</span> <span class='ocrx_word' id='word_1_233' title='bbox 1015 4013 1168 4075; x_wconf 85' lang='lat' dir='ltr'>iuridieus</span> <span class='ocrx_word' id='word_1_234' title='bbox 1195 3999 1294 4074; x_wconf 83' lang='lat' dir='ltr'>fuisse</span> 
     </span>
     <span class='ocr_line' id='line_1_36' title="bbox 243 4114 1294 4198; baseline 0 -22"><span class='ocrx_word' id='word_1_235' title='bbox 243 4115 381 4178; x_wconf 89' lang='lat' dir='ltr'>videtur.</span> <span class='ocrx_word' id='word_1_236' title='bbox 428 4114 627 4194; x_wconf 80' lang='lat' dir='ltr'>Oudendorp</span> <span class='ocrx_word' id='word_1_237' title='bbox 650 4117 702 4189; x_wconf 76' lang='lat' dir='ltr'>ad.</span> <span class='ocrx_word' id='word_1_238' title='bbox 727 4116 874 4196; x_wconf 66' lang='lat' dir='ltr'>Apolofi.</span> <span class='ocrx_word' id='word_1_239' title='bbox 902 4138 942 4196; x_wconf 62' lang='lat' dir='ltr'>pa</span> <span class='ocrx_word' id='word_1_240' title='bbox 966 4117 1074 4190; x_wconf 68' lang='lat' dir='ltr'>sta),</span> <span class='ocrx_word' id='word_1_241' title='bbox 1107 4138 1187 4198; x_wconf 90' lang='lat' dir='ltr'>quae</span> <span class='ocrx_word' id='word_1_242' title='bbox 1218 4118 1294 4176; x_wconf 88' lang='lat' dir='ltr'>urbs</span> 
     </span>
     <span class='ocr_line' id='line_1_37' title="bbox 242 4215 1296 4300; baseline -0.002 -19"><span class='ocrx_word' id='word_1_243' title='bbox 242 4237 304 4288; x_wconf 75' lang='lat' dir='ltr'>taen</span> <span class='ocrx_word' id='word_1_244' title='bbox 322 4215 421 4296; x_wconf 78' lang='lat' dir='ltr'>longe</span> <span class='ocrx_word' id='word_1_245' title='bbox 438 4215 477 4281; x_wconf 78' lang='lat' dir='ltr'>ab</span> <span class='ocrx_word' id='word_1_246' title='bbox 495 4215 564 4281; x_wconf 76' lang='lat' dir='ltr'>Oea</span> <span class='ocrx_word' id='word_1_247' title='bbox 587 4217 694 4290; x_wconf 75' lang='lat' dir='ltr'>abest,</span> <span class='ocrx_word' id='word_1_248' title='bbox 717 4216 770 4298; x_wconf 77' lang='lat' dir='ltr'>api</span> <span class='ocrx_word' id='word_1_249' title='bbox 792 4215 975 4298; x_wconf 71' lang='lat' dir='ltr'>Appuleiqs</span> <span class='ocrx_word' id='word_1_250' title='bbox 997 4217 1215 4300; x_wconf 69' lang='lat' dir='ltr'>¹Pudentillam</span> <span class='ocrx_word' id='word_1_251' title='bbox 1238 4219 1296 4279; x_wconf 90' lang='lat' dir='ltr'>du·</span> 
     </span>
     <span class='ocr_line' id='line_1_38' title="bbox 244 4317 1294 4404; baseline 0.014 -14"><span class='ocrx_word' id='word_1_252' title='bbox 244 4327 335 4393; x_wconf 61' lang='lat' dir='ltr'>urat.</span> <span class='ocrx_word' id='word_1_253' title='bbox 356 4337 507 4400; x_wconf 62' lang='lat' dir='ltr'>uxoren,</span> <span class='ocrx_word' id='word_1_254' title='bbox 548 4318 689 4396; x_wconf 70' lang='lat' dir='ltr'>Quoto</span> <span class='ocrx_word' id='word_1_255' title='bbox 707 4317 929 4402; x_wconf 66' lang='lat' dir='ltr'>canutum.</span> <span class='ocrx_word' id='word_1_256' title='bbox 942 4329 1031 4402; x_wconf 69' lang='lat' dir='ltr'>aetas</span> <span class='ocrx_word' id='word_1_257' title='bbox 1051 4317 1207 4404; x_wconf 72' lang='lat' dir='ltr'>unum</span> <span class='ocrx_word' id='word_1_258' title='bbox 1225 4339 1294 4393; x_wconf 62' lang='lat' dir='ltr'>‘tet</span> 
     </span>
    </p>
   </div>
   <div class='ocr_carea' id='block_1_10' title="bbox 0 0 1487 4840">
    <p class='ocr_par' dir='ltr' id='par_1_13' title="bbox 0 0 1487 4840">
     <span class='ocr_line' id='line_1_39' title="bbox 0 0 1487 4840; baseline 0 0"><span class='ocrx_word' id='word_1_259' title='bbox 0 0 1487 4840; x_wconf 95' lang='lat' dir='ltr'> </span> 
     </span>
    </p>
   </div>
  </div>
 </body>
</html>
