2992 4840
1175 381 1233 442 231

183 517 362 593 orationis,
386 520 490 604 inquit
510 524 729 611 Madwigius,
754 552 834 614 quae
858 553 873 593 a
892 531 1051 598 Cicerone
1067 547 1097 598 et
1113 557 1128 598 a
1146 535 1232 601 Cha·

85 653 91 665 ·
183 620 265 684 risio
302 623 399 703 apud
430 645 589 690 censores
622 630 819 711 appellatur,
854 639 962 698 eadem
998 642 1117 713 verba,
1152 663 1233 724 quae

182 724 377 786 Plutarchus
402 747 537 809 graece,
563 731 685 794 Gellius
708 737 788 811 XV,
807 737 838 798 2.
863 738 958 802 latine
982 741 1107 822 posuit,
1132 744 1233 824 pluri·

182 827 242 887 bus
268 826 412 889 adiectis.
459 829 511 892 Ibi
532 834 578 893 ad
594 839 762 917 populum
785 839 820 900 in
843 843 1004 904 concione
1022 843 1126 907 habita
1153 846 1231 909 dici·

180 937 245 990 tur.
290 929 452 994 Censores
476 934 663 999 concionem
688 943 889 1005 advocabant
908 955 939 1006 et
958 949 1032 1007 dare
1048 952 1231 1029 poterant.“

182 1027 346 1093 Coniunxi
377 1033 479 1116 igitur
507 1038 610 1100 omnia
643 1043 721 1124 haec
750 1043 949 1127 fragmenta,
985 1071 1066 1132 quae
1091 1049 1122 1113 in
1154 1054 1230 1116 edit.

181 1130 294 1212 priore
320 1136 442 1199 duabus
471 1141 671 1206 orationibus
695 1145 861 1210 tribuenda
884 1161 1040 1230 putaram.

244 1234 379 1298 Beierus
399 1251 501 1302 autem
527 1242 559 1305 in
585 1247 787 1311 adnotatione
811 1254 849 1312 ad
876 1251 980 1313 locum
1005 1254 1174 1320 Ciceronis
1199 1258 1229 1321 in

182 1337 322 1402 Oratore
343 1360 372 1403 c.
392 1345 432 1402 70
456 1348 588 1408 eundem
614 1351 766 1430 repetivit
790 1375 956 1431 errorem,
981 1380 1073 1441 quem
1095 1363 1133 1421 ad
1155 1359 1228 1424 Cic.

181 1441 219 1502 de
243 1441 366 1506 Officiis
388 1445 422 1518 3,
449 1451 500 1508 11.
525 1449 746 1526 commiserat,
775 1454 900 1530 dicens,
931 1457 973 1522 C.
1002 1462 1184 1523 Gracchum
1213 1486 1229 1526 e

180 1555 348 1624 qtraestura
374 1547 571 1613 Sardiniensi
596 1557 742 1617 reducem
770 1579 856 1620 reum
876 1559 995 1623 factum
1018 1583 1045 1629 a.
1063 1565 1115 1626 M.
1133 1566 1228 1631 Iunio

181 1645 293 1708 Peuno
319 1646 449 1714 tribuno
476 1653 523 1734 pl.
550 1676 579 1716 a.
604 1657 682 1733 628,
710 1662 764 1721 sed
793 1682 831 1723 eo
860 1684 942 1726 anno
971 1665 1139 1729 Gracchus
1165 1691 1228 1732 non

180 1749 390 1828 eprovincia
413 1775 562 1820 reversus
587 1773 648 1834 est,
681 1765 735 1824 scd
763 1763 869 1844 potius
894 1787 933 1830 eo
960 1769 1113 1844 decessit,
1138 1783 1229 1854 post·

180 1871 274 1933 quam
305 1866 417 1917 contra
448 1857 550 1942 legem
588 1863 692 1926 Penni
722 1868 761 1927 de
790 1869 972 1952 peregrinis
1003 1874 1082 1934 urbe
1115 1873 1230 1955 prohi-

180 1951 292 2015 bendis
317 1955 460 2035 dixerat,
493 1973 525 2022 ut
553 1985 648 2046 supra
677 1967 827 2033 vidimus.
873 1976 981 2058 Atque
1002 1974 1131 2039 biennio
1155 1988 1230 2057 post

179 2075 197 2115 e
222 2055 367 2120 Sardinia
390 2063 526 2126 Romam
557 2067 654 2131 rediit
679 2092 709 2132 a.
734 2072 921 2153 630(121).
958 2075 1121 2152 (Beierum
1138 2099 1229 2141 secit-

178 2167 228 2219 tus
254 2170 301 2221 est
327 2163 462 2227 Goeller
481 2171 519 2230 ad
544 2168 615 2235 Cic.
637 2172 730 2236 Orat.
754 2199 784 2237 c.
802 2178 841 2237 70
860 2199 894 2258 p.
913 2179 1002 2260 413.)

243 2297 362 2372 Cicero
395 2313 426 2372 in
460 2308 601 2372 Oratore
631 2334 661 2375 c.
686 2316 739 2376 70.
787 2317 862 2396 Age
892 2339 978 2380 sunre
1009 2320 1050 2380 de
1080 2324 1227 2384 Gracchi

178 2419 272 2499 apud
298 2437 456 2479 censores
484 2415 570 2476 illud
586 2437 596 2475 .·
628 2417 755 2478 Abesse
779 2439 848 2480 non
873 2431 1004 2500 potest,
1030 2423 1111 2504 quin
1137 2423 1227 2485 eius·
1266 2466 1301 2481 .-

182 2521 261 2584 dem
285 2519 434 2584 hominis
463 2518 527 2594 sit,
557 2519 687 2598 probos
713 2519 928 2601 improbare,
963 2523 1023 2604 qui
1052 2523 1226 2604 improbos
1271 2549 1272 2554 ¹

174 2624 309 2706 probet.
355 2622 482 2701 Quanto
513 2619 636 2700 aptius,
667 2619 693 2682 si
723 2620 766 2683 ita
790 2620 943 2686 dixisset:
969 2625 1051 2707 quia
1074 2624 1226 2688 eiusdem

178 2727 326 2789 hominis
346 2726 407 2799 sit,
434 2724 492 2808 qui
512 2723 687 2804 improbos
706 2725 848 2806 probet,
871 2727 1000 2806 probos
1018 2727 1225 2809 improbare.

243 2854 408 2920 Charisius
430 2877 464 2936 p.
485 2855 537 2916 [14.
576 2856 722 2918 Galeros
739 2853 898 2939 Virgilius
917 2857 1092 2921 masculino
1110 2879 1227 2940 genere
1250 2910 1282 2934 N

177 2958 280 3034 dixit,
316 2961 372 3022 sed
398 2961 435 3022 0.
461 2959 639 3020 Gracchus
670 2958 764 3040 apud
793 2979 974 3022 censores:
1007 2982 1085 3022 cum
1109 2964 1227 3042 galera

177 3083 299 3126 urszcz.

213 3220 269 3252 cum
290 3207 378 3268 galera
401 3203 492 3264 nimici]
530 3212 678 3264 corruptum.
715 3219 772 3250 cum
786 3207 880 3268 galera
901 3207 1022 3254 visisunt
1042 3210 1178 3254 Fabricius.

241 3371 364 3436 Gellius
386 3372 445 3434 lib.
471 3372 527 3447 15,
552 3373 602 3442 12.
653 3377 691 3436 0.
713 3376 909 3450 Gracchus,
934 3397 1011 3438 cum
1039 3399 1085 3438 ex
1106 3376 1225 3441 Sardi-

178 3475 237 3537 nia
263 3475 384 3551 rediit‚
410 3475 602 3538 orationem
622 3477 670 3538 ad
685 3480 853 3558 populum
873 3479 908 3539 in
927 3479 1083 3542 contione
1098 3480 1226 3543 habuit.

176 3577 227 3638 Ea
261 3579 364 3640 verba
397 3579 479 3639 haec
512 3589 615 3639 sunt:
654 3581 822 3642 Versatus
852 3601 929 3640 sum
959 3580 994 3641 in
1019 3581 1222 3662 provincia,
1245 3638 1278 3652 ,

177 3681 349 3762 quomodo
374 3703 421 3742 ex
447 3702 514 3742 usu
537 3691 651 3742 nestro
673 3680 919 3743 existimabam
938 3703 1027 3756 esse,
1052 3703 1122 3744 non.
1141 3705 1224 3766 quo·

178 3783 280 3844 modo
313 3783 494 3846 ambitioni
521 3803 616 3844 meae
642 3783 831 3844 conclusere
862 3783 1072 3846 arbitrabar.
1117 3787 1227 3848 Nulla

176 3885 271 3965 apud
296 3907 349 3947 me
365 3883 452 3973 fuit
475 3885 607 3967 popina
631 3905 738 3967 neque
758 3885 862 3966 pueri
883 3886 1014 3948 eximia
1025 3885 1131 3974 facie
1153 3897 1223 3946 sta-

176 3985 279 4063 bant,
316 3999 349 4050 et
382 3987 418 4050 in
446 3986 600 4051 conuicio
633 3987 733 4049 liberi
763 3987 868 4050 vestri
904 3989 1090 4048 modestius
1125 3998 1227 4048 erant

177 4108 282 4169 quam
308 4089 403 4170 apud
422 4087 611 4172 principia.
628 4121 670 4131 -
693 4090 776 4150 Post
794 4088 915 4150 deinde
937 4091 1019 4148 haec
1045 4083 1149 4146 dicit:
1169 4090 1227 4150 Ita

178 4203 336 4254 versatus
362 4212 441 4254 suro
466 4190 502 4253 in
530 4188 726 4272 provincia,
751 4201 789 4249 ut
816 4209 915 4250 nemo
937 4187 1051 4270 possit
1073 4205 1149 4246 vere
1173 4189 1224 4250 di·

178 4313 275 4368 σενα,
301 4313 414 4356 assem
434 4303 497 4354 aut
521 4311 562 4353 eo
584 4292 664 4372 plus
686 4291 723 4352 in
747 4289 945 4352 muneribus
968 4310 1020 4351 me
1041 4287 1223 4369 accepisse,
