2984 4842
1145 345 1206 409 libb

158 505 357 569 combustus
373 500 667 583 laudatusque
689 500 1028 574 miserabiliter,
1050 502 1205 585 seruique

158 621 190 670 et
217 615 357 689 egentes
379 603 413 666 in
440 615 530 665 tecta
557 615 679 665 nostra
699 623 776 665 cum
802 597 942 688 facibus
965 601 1121 666 immissi.

193 727 325 789 laudatus]
362 731 496 774 orationem
516 729 641 773 funebrem
660 741 680 774 s.
701 731 862 774 laudationem
881 730 963 774 habuit
982 731 1110 775 Antonius.

223 832 295 896 Cic.
313 833 350 893 ad
376 829 445 892 Au.
462 829 564 892 XIV.
583 831 633 891 11.
679 833 764 894 Cura
779 830 935 914 equidem
950 830 1204 894 concionem

157 940 247 1018 lego,
274 934 322 995 de
349 943 472 994 tanto
494 930 602 1005 viro,
628 931 674 994 de
699 932 956 996 clarissimo
978 933 1080 1006 ciue,
1104 930 1203 1016 ferre

157 1058 225 1099 non
243 1056 349 1120 queo,
372 1033 438 1096 etsi
457 1033 527 1095 iam
551 1034 619 1095 ista
644 1034 690 1096 ad
716 1035 838 1098 risum.
852 1078 855 1086 ·
867 1035 935 1099 Sed
955 1047 1139 1098 memento:
1154 1035 1203 1097 sic

157 1139 264 1202 alitur'
293 1138 506 1198 consuetudo
532 1135 750 1217 perditarum
774 1138 994 1212 concionum,
1029 1149 1072 1200 ut·
1093 1139 1205 1201 nostri

157 1241 228 1314 illi,
262 1259 330 1302 non
364 1241 503 1311 heroes,
537 1237 597 1300 sed
628 1238 696 1312 dii,
716 1237 849 1328 futuri
869 1241 1007 1324 quidem
1028 1240 1063 1304 in
1089 1240 1205 1324 gloria
1268 1225 1269 1231 ί

158 1341 369 1424 sempiterna
394 1340 476 1413 sint,
502 1339 652 1402 sednon
677 1341 751 1404 sine
776 1341 923 1418 inuidia,
952 1364 994 1404 ne
1019 1343 1093 1406 eine
1110 1342 1203 1425 peri·

158 1447 237 1507 culo
259 1443 407 1528 quidem.

224 1543 294 1612 Cic.
311 1548 350 1608 ad
367 1548 438 1608 Att.
458 1547 542 1618 XV,
560 1545 610 1610 20.
654 1547 840 1628 (lucanis,
861 1558 1022 1609 extrema
1036 1546 1205 1630 quaedam

159 1649 230 1711 iam
248 1647 403 1711 homines
425 1648 467 1709 de
492 1669 529 1709 re
550 1647 688 1727 publica
712 1650 808 1732 ioqui
828 1660 860 1710 et
882 1669 940 1712 eos
962 1648 1099 1732 quidem
1113 1649 1206 1711 viros

158 1751 282 1813 bonos:
305 1771 389 1833 ego,
420 1770 489 1832 quo
514 1750 569 1812 die
599 1749 717 1812 audivi
750 1749 879 1814 illum
911 1751 1135 1814 tirannum
1164 1749 1205 1812 in

158 1852 364 1915 concione
384 1851 671 1914 clarissimum
695 1851 837 1914 uirum
860 1852 1101 1935 appellari,
1126 1852 1205 1916 sub·

159 1952 329 2043 diffidere
352 1954 440 2035 cepi.

222 2057 310 2121 Plut.
333 2055 492 2119 Antonius
517 2055 611 2119 tt.’'
593 2081 683 2142 ετυχε
698 2063 759 2143 μέν
777 2044 836 2122 οὖν
855 2059 1104 2144 ἐκκομιζομένου
1124 2059 1206 2122 Κατ’-

159 2183 284 2276 σαρσς,
320 2148 427 2244 ὥσπερ
459 2155 589 2234 ἔθος’
573 2182 630 2237 ην,
665 2159 698 2223 έν
738 2154 847 2248 ἀμορᾷ
885 2156 1055 2238 διεξιὼν
1040 2155 1207 2244 εμκώμιυν,

159 2257 245 2350 δρῶν
268 2263 302 2324 δε
327 2255 385 2326 τὸν
412 2255 557 2346 δῆμον
541 2259 716 2362 υπερςουῶς
745 2255 905 2345 ἀγόμενον
929 2265 984 2325 καὶ
1009 2255 1208 2344 κηλούμενον

160 2364 283 2449 ἐπέμιξε
313 2367 384 2438 τοῖς
418 2363 563 2439 ἐπαίνοις
592 2363 702 2426 οἰκτον
734 2352 806 2445 ἀμα
834 2366 890 2426 καλ
915 2363 1059 2428 δείνωσιν
1089 2362 1141 2425 ἐπὶ
1162 2361 1208 2452 τῷ

160 2461 266 2532 πάθει
290 2471 345 2530 καὶ
369 2465 432 2530 τῶν
454 2459 560 2548 λόγων
581 2463 736 2528 τελευτῶν
759 2457 837 2539 τοιίς
863 2487 895 2528 τε
915 2463 1129 2549 χιτωνίσκους
1148 2485 1206 2528 του

161 2563 364 2649 τεθνηκότος
386 2561 594 2660 ᾑμαγμένους
619 2570 675 2630 καλ
697 2567 970 2652 διακεκομμένους
994 2569 1063 2640 τοῖς
1082 2563 1208 2654 ξίφεσιν

160 2667 320 2736 ἀνασείων
331 2675 386 2736 καὶ
398 2667 476 2744 τοὺς
491 2663 723 2758 εἰργασμένους
738 2667 844 2732 ταῦτα
857 2667 965 2731 καλῶν
976 2669 1208 2752 παλαμναίους

159 2779 215 2839 καὶ
226 2769 456 2864 ἀνδροφόνους
472 2771 632 2836 τοσοῦτον
647 2765 747 2858 ὀργῆς
769 2771 899 2854 ἐνέβαλε
917 2773 986 2844 τοῖς
1002 2763 1208 2858 ἀνθρώποις,

160 2867 203 2952 dc
223 2901 255 2941 ss
281 2871 400 2960 τὸμὲν
423 2873 518 2957 σῶμα
545 2872 604 2936 τοῦ
632 2873 806 2961 Καίσαρος
831 2873 864 2936 ἐν
889 2866 998 2960 ἀγορᾷ
1018 2871 1209 2954 καθαγίσαι-

159 2978 452 3062 συνενεγκαμέυους
467 2970 508 3038 τὰ
523 2968 646 3062 βάθρα
662 2978 717 3038 καὶ
739 2970 798 3050 τάς
814 2974 985 3059 τραπέζας,
1000 2967 1209 3062 ἀρποίζουτας
1237 3033 1242 3040 „

160 3081 195 3144 δὲ
211 3076 288 3156 τοὺς
311 3074 377 3144 ἀπὸ
402 3077 459 3156 τῆς
484 3076 590 3165 πυράς
613 3071 736 3151 δαλοὺς
760 3076 810 3140 ἐπὶ
837 3071 897 3150 τὰς
923 3075 1028 3150 οἰκίας
1050 3078 1127 3139 δεῖν
1145 3072 1208 3140 τῶν

161 3175 387 3247 ἀπεκτονότων
409 3185 465 3245 καί
484 3171 755 3268 προσμάχεσθαι.
778 3177 866 3240 idem
890 3175 991 3239 refert
1018 3177 1207 3240 Plutarchus

161 3283 192 3346 in
218 3286 321 3348 Bruto
344 3307 374 3346 c.
404 3282 455 3345 20.

223 3386 395 3450 Suetonius
419 3383 558 3448 Caesare
583 3406 613 3446 e.
637 3383 690 3445 84.
737 3381 965 3445 Laudationis
989 3383 1063 3444 loco
1089 3383 1210 3445 consui

161 3491 333 3553 Antonius
361 3510 426 3569 per
458 3508 663 3568 praeconem
693 3484 930 3566 pronuntiauit
959 3495 1099 3546 senatus
1127 3504 1208 3546 con-

160 3593 308 3662 sultum,
337 3610 405 3671 quo
437 3589 554 3650 omnia
578 3587 610 3649 ei
646 3586 763 3647 diuina
798 3585 902 3648 simui
932 3596 1034 3668 atque
1057 3587 1210 3646 humana

162 3691 368 3762 decreverat,
385 3689 467 3749 item
482 3687 742 3758 iusiurandum,
758 3707 826 3769 quo
844 3708 880 3749 se
891 3686 1004 3748 cuncti
1015 3708 1083 3767 pro
1099 3688 1209 3747 salute

162 3787 1209 3872 ceniusadstrinxerunt:quibusperpaucaaseuerba

162 3890 350 3952 addidit.

225 3991 291 4054 Dio
309 3989 439 4054 Cassius
454 3989 547 4052 finxit
563 3988 740 4054 orationem
760 3989 893 4052 Antonii
910 3988 967 4052 lib.
986 3989 1038 4062 aa,
1055 3983 1208 4058 :to-ts„

162 4115 244 4177 quae
268 4091 345 4156 nihil
369 4088 430 4153 nisi
458 4111 544 4154 inere
572 4111 715 4174 vanaque
742 4089 929 4154 declamatio
955 4099 1014 4151 est.
1044 4082 1210 4164 Appiauus

163 4207 264 4260 anetem
300 4192 476 4258 orationem
513 4190 647 4256 Antonii
687 4192 815 4268 ingenio
855 4189 929 4252 satis
969 4183 1210 4251 convenientem

162 4297 274 4361 refert.
299 4295 380 4359 Bell.
411 4292 508 4359 Civil.
536 4294 568 4370 2,
596 4292 773 4353 tlt-146.
