2958 4840
238 413 240 420 ι
268 329 329 392 sss

267 484 579 578 satisfactionalem
610 487 736 551 librum
768 488 815 550 ad
844 489 1078 557 Theodosium
1106 490 1315 574 conscripsit

268 590 526 672 imperatorem.

333 689 445 754 Suidas
466 713 492 754 s.
521 713 553 755 r.
578 693 810 768 Καθοσὶωσις.
836 693 875 760 Τ.
900 693 931 755 9.
952 693 994 758 P.
1021 698 1051 756 1.
1076 716 1154 780 pag.
1178 694 1232 758 96.
1261 699 1315 760 ed.

271 779 350 861 ital]
373 783 424 858 dre
441 795 493 858 ἐπὶ
512 794 690 860 Θεοδοσίου
711 793 769 860 τοῦ
785 789 1320 884 βασιλέωςῬωμαὶωνΣύμμαχος

271 891 337 959 ἀπὸ
361 889 492 960 ὑπάτων
519 892 564 974 εἰς
591 891 649 962 τόν
672 893 831 986 τύραννον
848 893 1004 982 Μάξιμον
1027 895 1202 981 βασιλικὸν
1219 895 1321 984 λόγον,

270 997 443 1077 διεξῆλθε,
466 1004 521 1064 καὶ
544 995 657 1076 δεδιὼς
678 995 714 1063 τὸ
736 999 793 1080 τῆς
820 995 1059 1077 καθοσιώσεως
1076 1000 1235 1086 ἔγκλημα,
1249 1006 1320 1078 τοῖς

271 1101 334 1166 τῶν
363 1101 541 1180 ἐκκλησιῶν
563 1108 675 1177 σηκοῖς
696 1095 1001 1192 προσκαταφεύγει,
1024 1092 1062 1168 ir'r
1088 1097 1107 1166 ὁ
1141 1099 1321 1180 Θεοδόσιος

270 1197 377 1282 πάσης
389 1197 778 1292 φιλανθρωπίαςήξὶωσε.
793 1206 877 1267 idem
886 1202 1016 1266 tradidit
1027 1203 1315 1296 SocratesHistor.

271 1303 458 1370 Ecclesiast.
475 1305 508 1380 5,
528 1307 579 1368 11.
594 1303 1134 1387 NicephorusHister.Ecclesiast.
1153 1307 1176 1369 l.
1195 1308 1243 1380 19,
1262 1307 1315 1368 91.

335 1408 543 1485 Symmachus
568 1405 673 1490 Epist.
700 1407 722 1470 l.
748 1408 786 1482 9,
819 1410 868 1473 31.
922 1407 1000 1472 Seio
1028 1421 1061 1472 te
1086 1397 1239 1472 'amicum
1263 1410 1317 1471 iu·

270 1507 386 1572 stitiae
401 1520 433 1570 et
456 1522 628 1572 amantem
644 1509 722 1584 mei,
746 1522 780 1572 et
799 1532 930 1584 uereor,
955 1532 996 1572 ne
1019 1510 1189 1585 suscipias
1211 1514 1321 1574 ullum

269 1633 337 1692 pro
353 1611 505 1675 absentis
526 1612 765 1676 aestimatione
787 1627 958 1675 certamen
978 1625 1080 1698 atque
1098 1613 1134 1674 in
1150 1624 1183 1675 te
1200 1613 1319 1697 aliqua

274 1713 356 1774 odia
394 1713 612 1797 detorqueas.
665 1717 748 1778 Peto
775 1715 885 1797 igitur
918 1715 1089 1799 quiescas.
1132 1714 1212 1779 Erit
1228 1712 1320 1804 for·

274 1827 367 1874 tasse
385 1814 485 1896 copia
502 1815 585 1875 mihi
607 1817 817 1878 asserendae
833 1817 1035 1900 quandoque
1051 1817 1203 1880 ueritatis
1225 1817 1322 1906 apud

273 1927 451 1977 aeternum
468 1915 677 1998 principem,
703 1918 880 1980 dominum
897 1903 1055 1982 nostrum
1073 1920 1319 1994 Theodosium,

272 2017 370 2080 cuius
399 2039 487 2100 erga
515 2039 568 2081 me
586 2015 704 2108 fauor
721 2017 832 2109 fecit,
862 2034 900 2084 ut
927 2022 1060 2106 aliquid
1081 2021 1219 2083 interim
1248 2003 1319 2084 mo-

273 2122 396 2183 liretur
425 2120 568 2184 inuidia.
634 2124 717 2186 Non
746 2136 834 2204 puto
869 2124 968 2186 bonis
995 2123 1207 2205 temporibus
1243 2144 1320 2184 eam

273 2242 397 2286 causae
417 2243 511 2286 meae
530 2224 760 2288 conditionem
762 2223 954 2314 futuram,
979 2245 1067 2308 quae
1085 2225 1147 2286 sub
1164 2224 1323 2288 Tiranno

261 2322 365 2414 fuit,
387 2325 486 2388 cuius
507 2325 633 2389 litteris
655 2327 702 2388 ad
720 2327 920 2392 Marcellini
947 2325 1206 2409 suggestionem
1229 2325 1322 2389 detis

274 2426 428 2490 homines
458 2447 552 2491 meos
582 2427 650 2490 scis
680 2449 754 2491 esse
782 2431 958 2492 multatos.
1017 2428 1120 2511 Quod
1148 2425 1193 2491 in*
1212 2431 1322 2493 Pane·

274 2529 394 2614 gyrici
414 2527 617 2619 defensione
639 2550 708 2594 non
729 2531 836 2594 tacui.

340 2630 424 2697 Ihid.
448 2633 471 2694 l.
496 2632 534 2709 8,
564 2633 617 2694 69.
647 2636 784 2696 Interea
808 2632 1052 2718 frequentibus
1080 2633 1234 2716 epistolis
1265 2633 1323 2696 de·

274 2728 399 2798 sidiam
423 2754 533 2796 meam
555 2734 705 2800 stimula.
753 2739 864 2799 Unum
889 2735 1013 2820 quippe
1037 2739 1110 2826 hoc
1125 2737 1323 2826 litterarum

274 2857 384 2917 genus
399 2849 555 2918 superest
568 2848 649 2918 post
664 2857 804 2900 amaros
819 2860 921 2900 casus
939 2839 1137 2902 orationum
1152 2859 1320 2911 mearum,

282 2938 375 3020 quod
396 2961 448 3000 me
470 2939 518 2999 ad
538 2959 640 3000 usum
661 2941 830 3002 scribendi
848 2941 961 3023 possit
981 2939 1130 3002 allicere.

411 3076 458 3132 10.
498 3078 633 3136 Defensio
653 3081 820 3152 panegyrici
839 3081 869 3136 in
886 3080 1044 3138 Maximum
1064 3080 1174 3150 scripti.

337 3191 562 3268 Symmachus,
602 3213 672 3252 cum
709 3203 873 3254 accusatus
910 3202 992 3254 esset
1029 3189 1199 3254 maiestatis
1236 3189 1322 3272 apud

275 3291 494 3352 Theodosium
517 3290 763 3372 imperatorem,
786 3305 959 3374 propterea
982 3296 1070 3377 quod
1093 3293 1322 3377 panegyricum

273 3389 305 3451 in
329 3391 508 3454 Maximum
540 3391 721 3467 recitasset,
761 3395 976 3458 defensionem
1007 3394 1138 3478 scripsit
1167 3394 1325 3458 orationis

273 3516 363 3569 suae,
386 3507 417 3556 et
435 3495 598 3558 absolutus
620 3507 668 3557 est
691 3499 730 3558 ab
749 3497 956 3579 imperatore.
991 3489 1197 3578 Symmachus
1216 3496 1322 3577 Epist.

272 3595 294 3657 l.
316 3598 356 3674 9,
373 3598 411 3660 31
436 3618 528 3681 quam
549 3620 642 3680 supra
666 3600 905 3682 exscripsimus.
931 3602 1081 3663 Socrates
1101 3600 1187 3663 Hist.
1214 3601 1243 3674 5,
1269 3600 1322 3658 tt.

403 3737 449 3792 11.
490 3737 685 3810 Panegyricus
704 3741 740 3794 ad
762 3739 955 3796 Theodosium
975 3741 1188 3809 imperatorem.

338 3847 546 3927 Symmachus
571 3851 678 3932 Epist.
695 3851 716 3915 l.
733 3855 769 3928 9,
801 3853 849 3919 13.
895 3855 980 3917 Cum
998 3852 1112 3914 ciuiles
1134 3863 1168 3913 'et
1187 3852 1324 3912 bellicas

274 3952 392 4014 laudes
415 3952 546 4014 domini
572 3955 683 4016 nostri
706 3954 892 4016 Theodosii
923 3953 994 4016 stili
1022 3956 1152 4016 honore
1179 3975 1324 4034 percur-

273 4075 384 4114 rerem
406 4055 538 4136 (magis
560 4055 650 4116 enim
667 4057 853 4138 contigisse
876 4079 927 4118 me
946 4055 1080 4130 omnia,
1098 4077 1201 4139 quam
1223 4055 1324 4117 satis-

268 4151 402 4238 fecisse
423 4157 572 4238 singulis
588 4155 738 4246 fateor)
770 4161 875 4220 etiam
897 4162 989 4240 leges
1012 4159 1083 4218 eius
1109 4158 1207 4219 horris
1226 4157 1323 4238 pacis

272 4257 461 4331 admiscui,
492 4279 598 4338 quas,
628 4272 666 4319 ut
691 4281 851 4322 noueram
871 4260 1000 4343 priscis
1022 4259 1189 4322 ademisse
1212 4259 1324 4321 admi·
