2966 4842
286 355 347 420 482

352 512 395 576 A.
421 510 481 574 705
518 509 587 589 (49)
615 507 648 572 iu
680 505 793 572 Africa
828 519 939 572 contra
967 503 1184 587 Pompeianos
1217 503 1338 568 bellum

291 633 406 698 gerens
427 609 580 674 caeditur.
617 609 738 674 Caesar
768 609 851 673 Bell.
880 608 954 673 civ.
984 608 1014 680 2,
1037 605 1175 669 37-43.
1220 604 1338 668 Livius

290 714 382 798 Epis.
408 717 479 776 110.

354 815 473 878 Cicero
495 813 527 876 in
551 816 655 878 Bruto
679 835 709 876 c.
731 814 785 875 81.
830 799 998 876 Facienda
1021 810 1148 874 mentio
1176 822 1228 873 est
1249 810 1336 872 duo·

289 937 367 979 rum
388 916 666 990 adolescentium,
690 915 749 998 qui
770 915 802 978 si
822 915 953 978 diutius
972 914 1152 988 vixissent,
1172 932 1338 994 magnam

290 1030 402 1082 essent
424 1017 635 1100 eloquentiae
657 1018 794 1080 laudem
815 1017 998 1078 consecuti.
1044 1019 1082 1079 C.
1110 1015 1339 1079 Curionem

289 1131 322 1182 te
344 1131 376 1181 et
399 1122 438 1182 G.
463 1120 634 1182 Licinium
660 1122 800 1184 Caluum
832 1117 985 1180 arbitror
1017 1117 1144 1180 dicere.
1189 1137 1339 1199 quorum

289 1224 378 1285 alter
399 1222 449 1283 ita
466 1219 586 1310 facile
608 1223 783 1304 soluteque
814 1220 923 1282 uerbis
945 1219 1096 1284 uoluebat
1121 1218 1206 1280 satis
1232 1217 1338 1278 inter-

292 1324 376 1384 dum
397 1333 529 1397 acutas,
554 1323 691 1384 crebras
712 1323 849 1405 quidem
863 1334 953 1384 certe
976 1319 1174 1393 sententias,
1199 1330 1238 1380 ut
1252 1319 1340 1380 nihil

289 1437 408 1508 posset
423 1425 581 1487 ornatius
592 1445 676 1497 esse,
698 1425 784 1487 nibil
801 1423 998 1506 expeditius
1008 1445 1018 1493 ,·
1030 1434 1132 1505 atque
1146 1421 1200 1482 hie
1211 1441 1339 1502 parum

292 1547 315 1588 a
348 1527 524 1608 magistris
551 1527 729 1588 institutus
757 1539 920 1591 naturam
954 1524 1072 1587 habuit
1101 1523 1340 1584 admirabilem

290 1627 338 1689 od
357 1629 558 1690 dicendum:
580 1628 789 1690 industriam
811 1648 880 1690 non
895 1647 970 1689 sum
990 1637 1164 1706 expertus,
1185 1619 1340 1685 studium

292 1739 382 1790 certe
396 1726 494 1817 fuit.
521 1729 580 1811 qui
610 1728 641 1789 si
671 1750 723 1790 me
752 1729 874 1791 audire
901 1729 1078 1801 uoluisset,
1103 1739 1141 1788 ut
1168 1737 1339 1805 coeperat,

291 1829 440 1891 honores
461 1849 564 1910 quam
586 1850 667 1909 opes
689 1831 849 1913 consequi
878 1830 1066 1891 maluisset.
1102 1861 1142 1872 -
1171 1858 1211 1866 —
1241 1830 1341 1908 Quae

292 1930 323 1992 si
345 1929 400 1991 ille
422 1930 544 1992 audire
567 1931 739 2006 voluisset,
762 1931 917 1993 maxima
938 1952 1016 1992 cum
1038 1929 1155 2012 gratia
1176 1941 1209 1990 et
1224 1928 1342 2010 gloria

293 2031 342 2093 ad
355 2051 525 2092 summam
547 2031 809 2112 amplitudinem
819 2033 1040 2114 pervenisset,
1056 2031 1241 2094 ascendens
1255 2049 1340 2111 gra·

297 2130 397 2194 dibus
417 2131 698 2214 magistratuum,
723 2144 762 2194 ut
780 2146 881 2215 pater
904 2134 977 2195 eius
988 2130 1149 2222 fecerat,
1164 2145 1201 2194 ut
1217 2131 1342 2214 reliqui

296 2234 464 2296 clariores
487 2234 564 2298 viri.

356 2334 494 2399 Velleius
517 2335 548 2409 2,
574 2335 625 2398 [18.
655 2338 750 2398 Bello
772 2336 862 2398 ciuili
884 2348 917 2398 et
939 2348 1001 2410 tot,
1027 2357 1113 2420 quae
1135 2335 1256 2398 deinde
1277 2357 1344 2416 per

297 2436 478 2499 continuos
500 2440 572 2500 XX
590 2457 700 2500 annos
725 2450 909 2501 consecuta
929 2450 1019 2510 sunt,
1045 2438 1145 2499 malis
1167 2458 1235 2500 non
1249 2438 1342 2498 alius

295 2537 463 2600 maiorem
487 2537 825 2622 flagrantioremque
851 2561 954 2621 qnam
980 2542 1017 2603 0.
1049 2540 1180 2603 Curio
1204 2539 1341 2600 tribu·

296 2659 374 2700 nus
383 2641 433 2720 pl.
450 2639 589 2700 subiecit
598 2636 738 2727 facem,
755 2641 807 2701 vir
820 2641 952 2714 nobilis,
966 2643 1184 2725 eloquens,
1205 2640 1338 2716 audace,

296 2759 381 2801 suae
396 2739 593 2822 alienaeque
624 2751 657 2802 et
673 2738 853 2831 fortunae
882 2753 914 2802 et
941 2741 1130 2823 pudicitiae
1158 2742 1340 2824 prodigus,

294 2840 396 2902 bomo
418 2839 692 2922 ingeniosissime
721 2863 868 2926 nequam
899 2856 931 2907 et
952 2842 1188 2934 facundus
1213 2847 1305 2905 mal
1320 2866 1341 2907 o

291 2941 482 3021 publico.
520 2942 633 3005 Huius
655 2945 782 3018 animo,
810 2947 1041 3028 voluptatibus
1062 2948 1114 3008 vu
1134 2929 1341 3026 sistemus,

295 3061 402 3123 neque
435 3062 512 3122 spes
545 3045 634 3105 ullae
662 3066 721 3107 nec
744 3047 949 3128 cupiditates
984 3044 1155 3137 sufficere
1182 3058 1340 3128 possent.

294 3142 361 3204 Hic
379 3141 496 3222 primo
515 3166 582 3225 pro
604 3147 757 3228 Pompeii
780 3151 951 3229 partibus,
976 3149 1013 3210 id
1034 3160 1095 3224 est,
1121 3161 1158 3210 ut
1179 3161 1258 3209 tunc
1280 3151 1341 3208 ha«

295 3241 447 3317 bebatur,
471 3267 536 3326 pro
558 3248 742 3328 republica,
761 3270 846 3311 moos
868 3249 1087 3311 simulatione
1109 3263 1230 3311 contra
1241 3252 1343 3312 Pom-

292 3343 411 3423 peium
441 3355 474 3407 et
506 3349 707 3420 Caesarem,
742 3348 802 3410 sed
826 3349 944 3410 animo
964 3369 1031 3430 pro
1057 3352 1206 3413 Caesare
1232 3350 1340 3413 stetit.

296 3443 339 3508 Id
360 3445 473 3526 gratis
499 3468 544 3508 an
566 3460 703 3529 accepto
728 3448 853 3508 centies
875 3451 913 3511 H
934 3453 970 3512 S.
985 3447 1142 3538 fecerit,
1174 3462 1213 3511 ut
1247 3472 1342 3514 acce·

293 3544 422 3625 pimus,
449 3548 486 3609 in
507 3548 619 3610 medio
633 3549 894 3636 relinquemus·

331 3705 509 3765 cantiesHS.]
547 3709 645 3752 eundem
665 3710 830 3767 notstvirgit.
850 3704 1043 3775 Aen.vt,5621.
1077 3707 1111 3778 j

406 3793 523 3838 Vendidit
540 3791 581 3836 hic
603 3807 666 3838 auro
681 3797 804 3855 patriam,
825 3797 1000 3859 dominumque
1017 3805 1141 3858 potentem

401 3879 532 3935 Imposuit,
550 3877 612 3938 fixit
626 3881 696 3941 leges
717 3885 802 3939 pretio
820 3890 892 3944 atque
912 3885 1009 3948 refixit.

333 3967 410 4010 Tacit.
430 3965 516 4010 Annal.
536 3966 583 4021 xl,
603 3965 626 4015 7.
653 3968 770 4028 Prompte
793 3970 844 4014 sibi
861 3975 987 4030 exempla,
1017 3977 1116 4034 quantis
1135 3976 1290 4022 mercedibus
1311 3977 1340 4024 P.

368 4049 469 4097 Gladius
497 4059 541 4098 eut
558 4050 585 4099 G.
605 4051 681 4100 Curio
701 4058 846 4103 concionari
865 4059 933 4104 soliti
954 4062 1014 4107 sint.
1065 4062 1136 4108 Cant.
1159 4065 1284 4110 Weichert
1310 4067 1341 4111 de

366 4139 396 4184 1..
418 4141 494 4186 Varia
512 4155 567 4201 pag.
593 4140 650 4190 104.

362 4257 531 4322 Suetonius
561 4262 599 4323 ds
636 4263 772 4332 Rhetor.
800 4265 832 4327 2.
870 4268 932 4328 Gn.
965 4268 1165 4350 Pompeium
1200 4271 1342 4354 quidam
