2984 4842
1185 366 1244 430 381

193 513 365 590 Suetonius
402 529 440 588 de
476 525 518 586 cl.
557 527 666 592 Rhett.
699 525 730 588 9.
773 528 873 589 Hunc
913 525 1057 587 eundem
1093 526 1243 589 Plotium

191 631 289 710 (nam
313 627 507 690 diutissime
529 627 635 707 uixit)
661 630 716 690 M.
733 627 870 692 Coelius
892 629 927 689 in
951 629 1120 702 oratione,
1137 649 1241 711 quam

189 755 257 815 pro
295 755 330 797 se
362 729 404 792 de
443 730 477 791 oi
509 731 648 802 habuit,
684 728 862 812 significat
895 729 1044 792 dictasse
1077 730 1242 793 Atratino

191 832 390 896 accusatori
405 853 470 894 suo
491 831 662 894 actionem
684 832 926 915 subtractoque
943 831 1080 894 nominc
1095 832 1241 894 hordea·

192 937 285 998 rium
306 956 384 997 eum
415 936 588 996 rhetorem
616 935 785 1015 appellat,
820 933 980 996 deridens
1014 944 1053 996 ut
1075 933 1240 1024 inflatum

192 1050 225 1101 et
247 1041 352 1100 leuem
374 1049 406 1100 et
429 1037 622 1099 sordidum.

228 1180 264 1226 M.
285 1178 395 1239 Coelius]
431 1195 453 1226 v.
475 1181 554 1226 Orett.
575 1182 611 1225 Μ.
632 1181 709 1226 Caelii
729 1181 792 1226 Rufi.

227 1267 354 1326 Atratino]
391 1282 413 1315 v.
434 1269 503 1313 0111.
525 1271 638 1316 Atratini.

513 1415 607 1472 LXIX
627 1421 655 1472 et
675 1416 763 1472 Lxx.
805 1417 924 1473 Lentuli.

257 1547 386 1610 Lentuli
402 1550 464 1611 duo
491 1558 638 1611 oratores
660 1558 886 1621 memorantur,
914 1569 1051 1631 quorum
1078 1549 1158 1610 alter
1177 1552 1237 1613 Cn.

192 1652 296 1714 Corn.
328 1652 495 1712 Lentulus
526 1650 733 1723 Clodianus,
771 1650 852 1712 alter
885 1653 922 1712 Ρ.
950 1653 1119 1714 Lentulus
1149 1653 1241 1714 Sura

192 1773 260 1814 esse
296 1752 435 1814 videtur.
488 1753 633 1836 Uterque
665 1751 805 1836 aequalis
837 1765 906 1814 erat
934 1751 1124 1828 Hortensii,
1156 1773 1240 1815 anno

192 1853 291 1937 igitur
315 1855 377 1916 610
395 1856 485 1934 (111)
510 1865 609 1919 natus.

255 1955 326 2022 Cic.
345 1958 436 2020 Brut.
462 1957 514 2018 61.
559 1957 765 2022 Hortensius
787 1979 867 2022 suos
889 1959 979 2020 inter
1000 1960 1159 2041 aequales
1180 1961 1236 2021 M.

191 2059 367 2132 Pisonem,
393 2061 448 2124 M.
473 2062 655 2134 Crassum,
681 2063 742 2124 011.
767 2063 969 2136 Lentulum,
993 2063 1031 2124 P.
1054 2061 1238 2124 Lentulum

191 2163 317 2224 Suram
340 2163 442 2244 longe
461 2161 650 2243 praestitit.

255 2263 317 2328 Cn.
345 2261 476 2327 Cornel.
504 2262 659 2325 Lentulus
684 2263 858 2326 Clodianus
884 2264 995 2326 consul
1020 2285 1047 2330 a.
1074 2263 1136 2325 689
1155 2265 1237 2342 (79),

192 2387 357 2428 censura.
382 2366 442 2428 681
464 2368 545 2445 (70).
577 2365 742 2428 Drumann
767 2377 791 2428 t.
816 2367 847 2428 2.
873 2389 908 2446 p.
937 2367 1009 2428 516.

256 2469 297 2531 Ρ.
317 2467 415 2532 Corn.
433 2470 587 2531 Lentulus
605 2468 685 2529 Sura
710 2481 860 2552 quaestor
880 2469 986 2530 1.(173
1007 2465 1086 2550 (81),
1104 2478 1238 2548 praetor
1345 2519 1348 2528 ,

192 2590 222 2630 a.
251 2570 310 2633 679
336 2573 423 2648 (75),
449 2569 559 2632 consul
588 2591 618 2631 1.
649 2569 709 2631 683
735 2571 815 2649 (71).
846 2569 968 2634 Deinde
992 2591 1020 2631 1.
1047 2570 1107 2631 681
1131 2571 1237 2646 (70)1

191 2683 299 2734 senatu
316 2694 332 2734 1
352 2673 538 2736 censoribus
560 2682 680 2746 motus,
705 2671 820 2734 iterum
833 2683 983 2753 praetura
996 2670 1124 2737 functus
1141 2683 1188 2733 est
1208 2693 1236 2742 a.

191 2772 249 2834 691
282 2774 373 2851 (63),
404 2777 476 2849 sed,
508 2796 577 2835 cum
611 2773 696 2836 inter
732 2773 917 2839 coniuratos
951 2772 1109 2838 Catilinae
1140 2786 1234 2850 esset,

191 2886 292 2939 morte
306 2876 467 2938 multatur.
485 2876 648 2938 Drumann
665 2889 688 2938 t.
707 2878 738 2938 9.
756 2878 879 2958 11599.
897 2876 985 2940 Plut.
1003 2875 1122 2938 Cicero
1137 2898 1166 2938 c.
1181 2878 1234 2938 17.

254 2975 325 3041 Cic.
347 2979 442 3040 Brut.
464 2978 516 3041 66.
561 2981 623 3042 Cn.
652 2981 818 3041 Lentulus
840 2979 948 3042 multo
970 2977 1137 3041 maiorem
1160 2976 1234 3060 opi·

189 3079 327 3141 nionem
349 3081 484 3142 dicendi
505 3080 639 3143 actione
653 3077 830 3175 faciebat,
856 3102 960 3163 quam
980 3092 1111 3164 quanta
1132 3079 1169 3142 in
1193 3101 1234 3142 eo

177 3178 345 3272 facultas
367 3195 463 3256 erat,·
492 3184 552 3266 qui
577 3205 654 3246 curn
683 3181 772 3245 11111
798 3204 858 3244 nec
881 3196 1086 3265 peracutus,
1114 3204 1233 3268 quam·

188 3304 293 3366 quam
315 3296 347 3346 et
373 3307 419 3346 111
433 3284 540 3376 faeie
566 3297 599 3348 et
623 3308 670 3348 ex
696 3288 790 3348 vultu
816 3286 1015 3360 videbatur,
1045 3305 1105 3348 nec
1126 3287 1233 3349 abun-

188 3384 275 3448 dans
297 3386 427 3460 verbis,
455 3388 521 3450 etsi
534 3386 693 3475 fallebat
716 3387 751 3450 in
773 3409 814 3450 co
836 3389 930 3470 ipso,
959 3388 1008 3451 sic
1034 3387 1232 3463 interuallis,

188 3489 520 3564 exclamationibus,
540 3512 619 3553 uoce
642 3491 740 3552 suari
765 3502 798 3552 et
822 3512 953 3553 canora
972 3491 1158 3556 admodum
1173 3511 1231 3552 ar·

188 3588 341 3663 ridebat,
364 3593 571 3674 callebatque
597 3592 632 3653 in
654 3593 808 3674 agendo,
843 3605 881 3655 ut
912 3615 1064 3678 eaquae
1090 3594 1233 3656 deerant

189 3709 257 3752 non
279 3693 571 3756 desiderarentur.
616 3697 673 3758 Ita
699 3705 874 3776 tamquam
898 3696 1004 3758 Curio
1025 3696 1126 3780 copia
1147 3712 1233 3756 non·

189 3794 283 3852 nulla
316 3797 512 3868 uerborum,
552 3798 646 3858 nttllo
678 3796 748 3857 alio
789 3796 875 3860 bono
910 3798 1022 3859 tenuit
1052 3809 1234 3860 oratorum

188 3895 318 3971 locum,
343 3897 392 3959 sic
413 3900 475 3962 011.
499 3900 667 3962 Lentulus
689 3909 881 3960 ceterarum
905 3900 1070 3961 uirtutum
1100 3895 1236 3959 dicendi

187 3997 461 4061 mediocritatem
489 3999 622 4061 actione
660 4001 858 4073 occultavit,
894 4001 929 4060 in
965 4020 1034 4081 qua
1063 3999 1233 4060 excellens

173 4096 279 4190 ficit:
308 4121 368 4162 nec
392 4104 500 4163 multo
522 4120 619 4161 secus
640 4103 678 4162 P.
702 4095 929 4174 Lentulus,
954 4099 1052 4161 cuius
1074 4110 1232 4162 1111110-

185 4202 324 4285 gitandi
332 4215 365 4265 et
378 4202 538 4286 loquendi
550 4201 750 4262 tarditatem
762 4202 898 4283 tegebat
900 4201 1051 4289 formae
1063 4199 1229 4283 dignitas,

184 4305 344 4385 corporis
366 4316 480 4366 motus
506 4304 629 4384 plenus
663 4314 696 4364 et
728 4303 816 4364 artis
843 4313 875 4362 et
908 4303 1114 4378 venustatis,
1146 4308 1238 4372 voris
