2976 4844
299 335 339 395 (τό

333 492 541 554 imprudentiam]
570 493 657 538 melior
676 493 700 534 in
722 487 802 538 Gellio
822 490 909 544 tegitur
927 485 1120 544 impudentium.

362 615 486 679 Nonius
507 637 540 695 p.
564 613 637 674 149.
674 608 873 673 Pleuitetem
892 605 1138 688 ignobilitatem.
1172 613 1258 673 Coto
1278 619 1347 693 p'ro

301 719 469 786 Veturio:
497 721 644 798 Propter
668 711 871 774 tenuitatem
896 721 929 771 et
953 711 1187 791 plenitatem.‘

330 862 486 924 plenitatem]
525 863 651 922 legendum
677 863 714 903 est
736 856 899 915 plebitutem,
934 861 957 898 ut
981 856 1005 898 in
1029 858 1153 900 eddicibus
1179 871 1272 915 quoque
1299 862 1345 918 tegi

369 953 511 997 Driebnmns
533 953 643 998 testatur.

330 1093 379 1142 pro
403 1075 515 1136 Veturio]
549 1075 601 1120 Hoc
619 1076 780 1132 fragmentum
800 1075 840 1114 τοι
863 1069 965 1114 orationi
984 1069 1007 1112 iu
1027 1069 1055 1116 L.
1075 1072 1201 1116 Veturium
1223 1074 1344 1118 vindican-

367 1171 422 1212 dum
445 1171 469 1210 el
488 1179 558 1209 error
579 1161 745 1217 inscriptionis
769 1160 929 1218 negligentiae
951 1157 1033 1211 Nonii,
1057 1172 1126 1215 quem
1144 1160 1195 1203 eius
1217 1163 1252 1204 rei
1275 1176 1345 1206 acco·

367 1257 416 1299 rari
438 1268 507 1298 uerno
532 1252 668 1310 mirabitur,
690 1248 841 1300 tribuendus,
867 1252 907 1290 aut
930 1260 983 1289 curn
1006 1245 1098 1301 Popma
1120 1253 1143 1292 et
1163 1247 1223 1292 Liou
1243 1263 1291 1306 pro
1312 1249 1342 1294 L.

297 1333 302 1340 ¹
368 1341 448 1386 Turio
469 1342 639 1398 corrigendum
660 1343 684 1382 et
706 1337 810 1380 orationi
835 1334 934 1380 Catonis
954 1347 1002 1391 pro
1025 1333 1055 1382 Ι..
1079 1333 1159 1380 Turio
1177 1343 1265 1380 contra
1285 1333 1343 1382 Gel-

365 1431 427 1474 lium
458 1431 632 1481 inserendum,
657 1427 803 1482 eandemque
828 1425 968 1478 opinionem
992 1427 1116 1478 amplexus
1142 1430 1178 1468 est
1200 1425 1288 1470 Wesse
1315 1429 1343 1470 ad

364 1519 466 1576 tergm.
489 1517 606 1562 Historia.
630 1515 660 1558 Τ.
686 1511 710 1561 2.
738 1525 761 1566 p.
789 1507 837 1556 29³
861 1514 899 1558 ed.
925 1511 1028 1555 llaverc.
1056 1517 1079 1556 et
1100 1511 1232 1558 Maiensius
1254 1527 1275 1568 p.
1299 1511 1342 1559 34.

363 1605 409 1652 Sed
432 1607 503 1650 tertia
526 1604 608 1658 opinio
634 1617 681 1645 non
707 1603 786 1646 rninus
814 1601 967 1655 probabilis,
994 1606 1063 1656 atque
1093 1603 1152 1645 adeo
1181 1603 1343 1656 praestantior

367 1700 423 1739 est:
447 1707 502 1738 cum
526 1693 589 1736 enim
614 1703 627 1736 ι
653 1689 765 1734 Charisio
787 1702 811 1743 p.
833 1685 892 1734 131.
929 1689 958 1732 C.
982 1688 1082 1733 Aurelio
1098 1689 1182 1733 Cottae
1201 1692 1278 1733 oratio
1298 1704 1342 1745 pro

366 1781 467 1826 Veturio
487 1755 624 1833 tribuatur,
651 1779 733 1822 nescio
760 1792 789 1821 an
817 1769 859 1821 hoc
885 1791 979 1834 quoque
1007 1779 1060 1821 loco
1085 1773 1152 1823 Cotta
1167 1791 1216 1835 pro
1236 1775 1342 1822 Veturio

365 1873 492 1928 legendnm
511 1871 556 1913 sit.

393 2099 431 2158 29
455 2104 483 2155 et
503 2099 549 2158 30.
585 2097 737 2156 Orationes
761 2099 797 2153 de
820 2099 910 2153 multa
930 2101 1030 2152 contra
1052 2097 1083 2152 L.
1106 2099 1231 2154 Furium.

354 2235 473 2296 ‘Utrum
496 2230 613 2296 Furius
635 2229 690 2292 ille
709 2229 750 2290 sit
773 2230 817 2292 L.
835 2228 954 2292 Furius
975 2231 1166 2310 Purpureo,
1199 2252 1339 2314 quocum

294 2355 459 2397 censuram
495 2333 630 2414 petierat
661 2331 766 2404 Cato,
799 2353 837 2394 an
865 2333 908 2394 L.
933 2331 1048 2396 Furius
1079 2332 1213 2409 Philus,
1243 2336 1339 2398 ambo

291 2436 429 2519 patricii,
459 2437 658 2518 ignoramus.
715 2434 893 2498 Maiensius
919 2457 952 2516 p.
979 2437 1032 2498 37.
1064 2437 1272 2499 cominutavit
1294 2439 1338 2502 L.

290 2539 422 2602 Furium
449 2561 519 2601 cirin
542 2541 583 2603 Ρ.
607 2536 731 2614 Furio,
761 2541 913 2602 adversus
938 2561 1030 2621 quem
1055 2538 1232 2605 orationem
1259 2540 1340 2610 dixit

290 2641 398 2717 Cato,
430 2653 463 2703 ut
492 2640 575 2704 inira
607 2639 795 2704 videbimus.

355 2743 509 2826 Quisquis
543 2741 597 2804 ille
634 2755 706 2818 est,
747 2745 842 2806 multa
877 2743 1026 2806 eidicta
1061 2756 1109 2806 est
1146 2748 1189 2808 ob
1224 2767 1337 2830 aquam

289 2845 450 2928 publicam
490 2845 666 2908 derivatam
703 2857 734 2908 et
773 2868 928 2908 aversam.
991 2845 1089 2910 Cato..
1114 2869 1230 2911 censor
1272 2850 1336 2910 Fu·

289 2947 384 3023 rium,
416 2946 471 3031 qui
503 2969 616 3030 aquarn
649 2971 689 3010 ex
718 2951 812 3010 ductu
844 2949 975 3029 publico
1003 2947 1035 3010 in
1062 2949 1219 3029 privatum
1248 2971 1336 3012 nsunt

288 3051 365 3114 dolo
390 3051 472 3113 nialo
497 3050 713 3124 derivaverat,
742 3051 903 3126 multavit,
931 3051 1077 3136 idemque
1101 3051 1133 3116 in
1158 3051 1227 3115 aliis
1253 3075 1337 3136 quo·

290 3174 352 3236 que
376 3151 464 3226 fecit,
490 3164 523 3212 ut
549 3175 589 3215 ex
612 3153 710 3216 Livio
738 3152 932 3234 perspicitur
952 3154 1009 3224 lib.
1033 3156 1085 3232 39,
1115 3158 1168 3218 44.
1200 3159 1336 3239 Aquom

286 3255 461 3337 publicam
477 3277 624 3329 emnem,
648 3257 683 3316 iu
705 3256 881 3336 privatum
898 3257 1102 3334 aedificium
1123 3271 1184 3320 aut
1208 3281 1336 3341 agrum

275 3357 467 3450 fluentem,
495 3359 698 3419 ademerunt
719 3361 881 3436 (censores
899 3358 982 3424 Cato
1003 3372 1033 3422 et
1050 3362 1213 3440 Flaccus.)
1246 3361 1334 3424 Plnt.

288 3458 372 3524 Cato
404 3482 433 3521 c.
461 3459 512 3522 19.
556 3455 601 3525 Ol
631 3457 695 3545 μὴν
722 3455 809 3526 ἀλλὰ
834 3463 896 3528 τῶν
925 3459 1149 3547 ἐγκαλούντων
1180 3457 1336 3548 ἐλάχιστα

287 3563 469 3652 φροντίζων
499 3557 516 3627 ὁ
544 3557 666 3630 Κάτων
696 3563 744 3630 ἔτι
772 3563 901 3650 μᾶλλον
933 3566 1104 3642 ἐπέτεινεν,
1139 3557 1336 3632 ἀποκόπτων

285 3670 346 3748 μὲν
374 3658 516 3750 ὀχετοὺς,
545 3657 594 3742 οἷς
617 3659 655 3730 τὸ
680 3669 871 3756 παραρρέον
887 3661 1053 3751 δημόσιον
1076 3655 1163 3754 ὕδωρ
1185 3659 1335 3752 ὑπολαμ-

285 3760 443 3849 βάνοντος
466 3761 594 3852 ὑπῆγον
619 3763 664 3844 εἰς
694 3763 800 3844 οἰκίας
832 3763 918 3843 ἰδίας
943 3771 999 3830 καὶ
1022 3761 1155 3848 κήπους.
1216 3770 1333 3832 Furios

286 3880 387 3930 autem
410 3871 448 3930 ad
473 3870 626 3952 populum
652 3869 827 3950 appellasse
856 3867 999 3945 videtur,
1034 3872 1121 3954 quod
1147 3892 1188 3932 ex
1215 3893 1253 3934 eo
1285 3869 1333 3933 in-

285 3969 462 4052 telligitur,
488 3967 576 4055 qnod
602 3972 709 4052 plores
737 3973 796 4031 hac
822 3973 859 4032 de
889 3992 924 4032 re
949 3971 1113 4035 orationes
1142 3994 1256 4035 censor
1284 3972 1333 4034 di-

284 4073 344 4134 xit.
392 4071 539 4148 Constat,
563 4095 580 4134 a
602 4072 707 4134 multis
731 4070 868 4153 privatis
892 4071 1072 4136 hominibus
1095 4097 1190 4156 saepe
1217 4095 1331 4158 aquarn

284 4197 325 4236 ex
351 4173 599 4259 aquaeductibus
629 4173 768 4255 publicis
790 4175 821 4236 in
848 4177 975 4253 hortos,
1001 4181 1122 4252 domus,
1148 4175 1239 4238 villas
1261 4198 1332 4239 suas

283 4277 458 4340 derivatam
481 4298 560 4353 esse,
588 4281 671 4341 unde
698 4289 729 4342 et
749 4301 897 4344 censores
921 4291 952 4342 et
978 4279 1095 4344 aediles
1118 4280 1234 4342 multos
1258 4300 1331 4343 reos
