2984 4842
1163 373 1224 436 1419

170 532 306 583 ratores
330 520 406 582 eius
421 519 606 609 fatentur.·
636 543 695 584 nec
712 521 802 612 fere
829 525 1010 608 quisquam
1036 539 1098 589 aut
1123 531 1217 592 Cae·

170 623 288 686 saris
307 646 389 706 pro
405 623 535 687 Decio
559 626 745 688 Samnite
767 639 829 688 aut
845 628 946 690 Bruti
964 650 1032 710 pro
1048 631 1217 694 Deiotaro

171 749 252 809 rege
274 738 471 808 ceterosque
494 726 646 788 eiusdem
669 729 881 791 lentitudinis
904 753 944 792 ac
967 731 1097 812 teporis
1112 732 1217 796 libros

170 829 254 912 legit
277 828 345 891 nisi
366 829 426 911 qui
448 839 480 890 et
502 829 659 891 carmina
681 831 867 893 eorundem
890 832 1051 895 miratur.

484 1007 529 1064 13.
570 1005 668 1063 Oratio
688 1025 741 1078 pra
761 1008 904 1082 Bithypis.

235 1139 467 1221 Argumentum
485 1136 652 1201 incertum.
678 1139 816 1222 Pighius
838 1143 877 1202 ad
900 1162 941 1224 a„
955 1143 1014 1206 697
1033 1145 1101 1222 (56)
1116 1154 1216 1226 putat,

171 1237 278 1302 nescio
302 1261 361 1321 qua
386 1238 575 1303 auctoritate
600 1254 787 1315 commotus,
814 1243 1001 1306 Memmium
1025 1249 1216 1328 repetunda-

170 1364 240 1404 rum
265 1363 305 1403 ex
333 1341 484 1421 Bithynia
515 1364 621 1418 reum,
653 1367 669 1405 a
701 1342 840 1408 Caesare
862 1347 991 1409 absente
1013 1370 1072 1429 per
1094 1347 1215 1411 litteras

170 1454 347 1506 accusatum
379 1443 491 1506 luisse.
525 1446 914 1528 Baumgarten-Crusins
941 1448 972 1510 in
1002 1451 1091 1514 Suet.
1116 1449 1212 1515 Caes.

172 1546 211 1608 49
228 1546 414 1620 arbitratur,
440 1548 618 1610 orationem
642 1571 703 1632 pro
728 1549 876 1630 Bithynis
899 1554 1028 1616 eandem
1052 1575 1120 1616 esse
1144 1577 1214 1616 anm

170 1648 319 1712 oratione
343 1671 404 1728 pro
432 1652 533 1729 Nysa,
556 1650 620 1713 filia
647 1651 849 1727 Nicomedis,
877 1657 914 1716 de
942 1676 1004 1738 qna
1028 1675 1104 1718 mox
1129 1656 1216 1720 dice·
1256 1696 1265 1716 .

174 1775 253 1814 mus.
285 1753 348 1815 Sed
379 1755 455 1816 duas
484 1774 551 1816 esse
580 1775 690 1818 causas
721 1755 860 1836 opinor:
893 1779 954 1818 una
979 1779 1041 1841 pro
1068 1759 1157 1838 Nysa
1185 1759 1218 1822 in

172 1865 280 1917 senatu
305 1865 393 1929 acta,
416 1857 515 1917 altera
538 1878 599 1937 pro
629 1857 779 1938 Bithynis
809 1857 988 1934 iudiciaria,
1016 1863 1101 1942 apud
1122 1860 1218 1924 Vini·

172 1957 254 2020 cium
277 1957 318 2036 (si
341 1956 438 2021 lectio
466 1963 553 2037 vera)
576 1971 759 2041 praetorem
784 1960 879 2024 dicta.

236 2077 361 2142 Gellius
391 2078 427 2154 5,
461 2079 513 2142 13.
558 2083 745 2145 Constabat
770 2106 817 2144 ex
841 2083 994 2154 moribus
1014 2083 1136 2165 populi
1161 2108 1216 2148 ro·

174 2182 285 2254 mani,
307 2183 463 2263 primum
486 2181 591 2245 iuxta
611 2197 774 2265 parentes
803 2187 915 2248 locum
941 2196 1056 2247 tenere
1068 2185 1217 2266 pupillos

172 2286 307 2360 debere,
323 2285 417 2361 fidei
446 2288 639 2368 tutelaeque
668 2299 808 2349 nostrae
838 2287 1006 2360 creditae,
1032 2287 1218 2350 secundum

172 2408 231 2449 eos
247 2388 451 2468 proximum
472 2391 583 2450 locum
604 2388 742 2450 clientes
767 2388 903 2464 habere,
926 2389 985 2471 qui
1007 2409 1080 2452 sese
1099 2389 1217 2450 itidem

171 2490 208 2551 in
227 2489 344 2566 fidem
369 2489 669 2574 patrociniumque
701 2501 859 2551 nostrum
881 2477 1116 2562 dediderunt,
1142 2502 1217 2552 tum

171 2593 207 2655 in
223 2592 327 2654 tertio
342 2595 417 2656 loco
438 2614 512 2654 esse
527 2593 697 2675 hospites,
719 2604 842 2673 postea
857 2614 930 2655 esse
945 2591 1219 2690 cognatoscfffi·

172 2715 308 2778 nesque.
325 2730 363 2742 -
380 2696 532 2758 Firmum
551 2708 653 2779 atque
679 2698 812 2758 clarum
833 2695 893 2758 isti
914 2695 965 2757 rei
983 2695 1218 2759 testimonium

169 2797 324 2878 perhibet
358 2797 550 2886 auctoritas
588 2802 627 2862 0.
658 2797 818 2862 Caesaris
848 2797 1028 2879 pontificis
1057 2797 1217 2871 maximi,

172 2901 289 2984 quiin
310 2900 478 2974 oratione,
504 2922 607 2983 quam
630 2923 697 2983 pro
721 2900 883 2985 Bithynis
908 2900 1018 2974 dixit,
1045 2901 1107 2962 hoc
1122 2897 1219 2982 prin·

172 3002 264 3085 cipio
282 3024 367 3066 usus
386 3015 456 3068 est:

239 3127 303 3190 Vel
319 3146 389 3206 pro
412 3123 563 3205 hospitio
590 3123 683 3205 regis
708 3123 909 3190 Nicomedis
936 3126 986 3186 vel
1004 3144 1072 3206 pro
1094 3123 1220 3186 horum
1264 3163 1299 3178 ,.

173 3228 385 3300 necessitate,
406 3248 553 3310 quorum
575 3249 631 3290 res
652 3227 784 3309 agitur,
808 3225 980 3316 defugere
1001 3228 1063 3289 hoc
1080 3245 1218 3300 munus,

174 3331 230 3392 M.
259 3329 389 3404 Vinici,
415 3351 482 3393 non
503 3331 616 3412 potui.
663 3331 757 3395 Nam
783 3349 889 3413 neque
910 3329 1087 3393 hominum
1109 3337 1220 3390 morte

175 3432 342 3494 memoria
370 3434 478 3496 deleri
503 3433 616 3504 debet,
644 3434 726 3518 quin
756 3453 779 3494 a
809 3431 986 3513 proximis
1014 3430 1218 3501 retineatur,

175 3551 282 3613 neque
307 3534 446 3596 clientes
475 3535 549 3598 sine
578 3557 715 3598 summa
740 3532 895 3624 infamia
923 3533 1036 3596 deseri
1059 3537 1220 3613 possunt,

174 3631 297 3712 quibus
320 3635 425 3695 etiam
445 3657 532 3716 prae
549 3639 755 3720 propinquis
778 3638 909 3700 nostris
934 3655 1033 3716 opem
1043 3631 1154 3723 ferre
1170 3630 1223 3692 in·

176 3730 363 3796 stituimus.
1274 3737 1278 3741 ’

212 3873 252 3915 uel
275 3888 323 3930 pro
346 3873 464 3936 hospitio]
502 3879 592 3925 Caesar
619 3897 642 3925 a.
671 3882 720 3928 ⁶74
744 3881 797 3937 (80)
824 3885 848 3927 in
865 3851 1007 3933 xxBithyniam
1033 3877 1154 3932 profectus
1178 3877 1223 3932 est,

247 3961 352 4017 hospitio
372 3977 428 4007 usus
446 3964 584 4008 Nicomedis
602 3971 666 4012 tertii
685 3972 760 4028 regis.

213 4046 303 4094 lsorum
321 4049 484 4110 necessitate]
522 4051 616 4106 Bithyni
636 4057 734 4101 clientes
747 4057 860 4102 Caesaris
880 4058 962 4103 erant,
984 4060 1084 4104 euinque
1098 4048 1223 4098 patronum

249 4139 372 4193 habuere,
393 4137 582 4196 quandocunque
607 4143 636 4184 de
660 4144 839 4200 magistratibus
864 4139 972 4186 romanis
991 4133 1166 4192 quererentur,
1186 4132 1224 4174 '0¹

247 4229 294 4270 alia
313 4241 386 4272 causa
405 4239 465 4284 quae
484 4227 513 4270 aa
538 4225 672 4275 Bithunum
699 4231 845 4283 provinciam
868 4221 1018 4283 pertinebat,
1039 4222 1079 4261 aut
1096 4217 1121 4260 in
1141 4221 1224 4261 senata

244 4320 287 4360 aut
306 4317 330 4360 in
349 4317 404 4360 toro
423 4313 515 4372 agenda
533 4318 608 4358 esset.
