2992 4840
281 380 342 442 ild

314 546 341 588 iu
360 543 495 604 Graccho]
531 545 628 590 Ellendt
646 560 671 602 p.
695 545 788 591 ΚΒΝ.
811 551 891 602 putat,
922 549 944 592 id
966 561 995 592 ex
1021 561 1050 591 ee
1073 548 1186 594 oratione
1205 557 1325 604 sumtum,

349 645 419 689 quam
442 646 489 677 non
514 635 588 677 intrito
610 639 664 678 ente
687 633 797 678 ultimam
819 635 984 680 necessitatem
1007 635 1149 694 negantibus
1173 647 1255 690 pacem
1276 640 1328 683 iui-

350 721 418 764 micis
446 720 566 770 hebuerit.
603 721 656 779 Ego
680 723 758 778 potius
784 723 888 767 orationi
909 721 940 765 de
961 722 1061 782 legibus
1080 737 1096 766 a
1113 737 1139 766 se
1154 726 1327 785 promulgatio

346 808 527 852 vindicaverim.
560 807 683 853 Gracchus
709 810 815 853 imitatus
843 814 879 854 est
901 809 971 853 Euuii
1001 812 1078 854 locum
1102 823 1131 854 ex
1153 812 1258 867 Medea,
1287 813 1326 870 qui

347 911 360 938 a
379 896 431 942 Cir.
453 897 480 938 de
501 895 572 944 Orat.
593 897 636 944 lib.
661 893 686 950 3,
710 895 751 954 58,
772 893 820 940 217
843 899 965 958 laudetur,
991 900 1068 954 ipsum
1091 898 1225 945 Gracchum
1248 900 1327 944 imite-

348 990 388 1030 tur
407 985 495 1028 Cicero
517 999 541 1039 p.
560 985 661 1029 Murena
680 999 702 1029 c.
719 981 759 1032 ll.

344 1175 480 1257 Quintil.
502 1178 575 1252 XI,
599 1178 636 1251 3,
663 1179 735 1240 115.
781 1179 1022 1240 Gracchanum
1045 1176 1150 1239 illud:
1180 1199 1248 1260 quo
1273 1200 1327 1240 mc

278 1277 383 1341 miser
398 1277 607 1368 conferam?
623 1279 657 1341 ia
669 1279 876 1360 Capitolium
892 1277 1078 1368 adfiatris
1094 1279 1326 1362 sanguinem?

276 1401 322 1442 aa
349 1381 516 1444 domum?

341 1537 442 1600 Iulius
466 1537 587 1602 Victor
610 1539 642 1601 2.
667 1539 743 1600 att.
788 1540 1028 1602 Gracchanum
1050 1538 1154 1600 iliud:
1176 1543 1253 1622 Quo
1273 1560 1326 1602 me

279 1640 384 1702 miser
412 1637 624 1728 conferam?
656 1640 691 1702 in
724 1641 929 1724 Capitolium
956 1639 1156 1730 adsratris
1182 1642 1326 1725 sangui-

278 1742 381 1804 nem?
402 1762 448 1802 an
472 1743 638 1805 domum?

244 1955 292 1993 f
343 1911 374 1970 6.
398 1907 521 1972 Gellius
544 1910 600 1984 20,
615 1910 647 1971 6.
693 1912 862 1972 Gracchus
886 1910 1042 1972 misereri
1064 1922 1226 1986 uestrum,
1245 1922 1325 1988 (nun

281 2011 403 2091 vestri)
425 2009 519 2073 dixit.

239 2221 275 2251 f.
345 2169 375 2231 7.
401 2167 567 2233 Charisius
587 2191 621 2252 p.
638 2169 691 2232 61.
717 2171 884 2232 Gracchus
904 2169 1204 2261 patresfamiliae
1220 2168 1327 2254 (dixit)

280 2291 344 2334 non
369 2269 574 2334 familiarum.
1194 2293 1201 2300 ·

342 2431 374 2492 8.
411 2429 561 2511 Pompeii
592 2429 812 2495 Commeatum
844 2430 876 2491 in
905 2430 1020 2493 librum
1046 2431 1166 2494 Donati
1190 2452 1226 2512 p.
1250 2430 1325 2493 532.

278 2536 321 2614 Q·
344 2533 462 2598 Cicero
488 2531 587 2596 dixit:
614 2533 837 2595 includuntur
863 2533 899 2594 ia
925 2555 1099 2595 carcerem
1121 2535 1327 2596 condemua-

277 2635 342 2710 tis,
373 2648 483 2698 recte:
520 2635 681 2720 significat
705 2634 787 2697 enim
815 2655 870 2698 cos
898 2638 936 2696 dc
962 2656 1002 2699 eo
1026 2635 1122 2710 loco,
1153 2634 1327 2718 inquibus

278 2757 332 2798 res
353 2739 496 2806 sedehat.
521 2742 559 2800 ad
582 2760 742 2801 carcerem
764 2736 837 2798 duci
858 2736 1060 2800 includendo.
1086 2738 1165 2801 Ideo
1188 2758 1325 2810 rursum,

229 2835 334 2912 subi
360 2836 420 2902 iam
441 2837 486 2904 ihi
505 2839 567 2902 suit
586 2837 741 2915 inclusus,
767 2839 912 2904 Gratius
927 2850 1014 2901 recte
1033 2837 1093 2900 ait:
1118 2839 1270 2900 inclusus
1289 2837 1327 2899 in

278 2963 428 3006 carcere.
477 2979 481 2984 -

314 3117 457 3184 Q-Cicero]
494 3126 619 3183 tegendum
637 3123 674 3174 M.
695 3121 800 3170 Cicero:
828 3127 893 3168 locus
915 3124 1119 3170 autruchrrin.
1142 3119 1166 3174 5,
1184 3117 1226 3167 45.
1246 3133 1326 3176 eurup-

350 3216 403 3266 tus,
424 3211 463 3255 uhi
476 3210 564 3270 legitur
576 3212 743 3258 Includuutur
762 3213 789 3256 iu
806 3225 934 3256 carcerem
953 3209 1121 3259 condemnati.
1148 3209 1327 3256 Lindemenuus

349 3305 429 3343 eutem
447 3299 589 3358 fragmentis
608 3302 726 3345 librorum
740 3301 821 3357 Quinti
844 3299 970 3343 Ciceronis
988 3298 1118 3343 tribuebat.

314 3404 503 3463 condemnatis]
540 3404 698 3450 condemnati
715 3419 800 3450 rerum
823 3410 868 3450 est.

315 3510 370 3570 ree]
407 3512 492 3556 Utrum
510 3513 635 3570 legendnm
649 3512 676 3556 in
689 3524 736 3570 quo
748 3524 808 3556 reue
822 3509 943 3556 cedebat?
961 3525 990 3554 eu
1004 3511 1031 3555 ia
1043 3525 1090 3570 qao
1103 3510 1142 3553 rei
1155 3507 1291 3555 sedebant?

317 3615 432 3676 Gratias]
469 3613 601 3663 Gracchus
620 3617 769 3662 Lindemann
786 3619 809 3662 in
830 3618 908 3662 indice
927 3617 1068 3665 ductorum.

343 3766 375 3830 9.
410 3763 531 3828 Cicero
554 3767 593 3827 de
619 3765 761 3850 Legibus
782 3765 820 3842 3,
845 3765 877 3830 9.
922 3767 960 3828 0.
983 3763 1155 3827 Gracchus
1179 3759 1277 3822 runis
1293 3772 1326 3822 ct

279 3867 360 3928 sicis
381 3866 445 3941 iis,
470 3887 555 3948 quas
578 3867 652 3949 ipse
674 3891 710 3931 se
722 3866 910 3950 proiecisse
924 3864 1098 3955 inforum
1114 3864 1225 3938 dixit,
1250 3861 1326 3946 qui·

278 3968 341 4030 bus
363 3968 641 4050 digladiarentur
666 3971 756 4032 iuter
783 3990 818 4031 se
844 3968 948 4044 ciues,
977 3989 1089 4032 nonne
1115 3986 1250 4030 omnem
1275 3965 1327 4029 rei

276 4069 433 4153 publicae
458 4080 589 4132 statum
607 4070 846 4152 permutauit?

314 4228 400 4289 ruuie]
435 4245 494 4279 runa
515 4232 582 4278 haste
606 4233 687 4289 louge.
