2992 4840
294 353 355 418 tlt

358 511 484 576 Gellius
510 512 579 587 xl,
606 511 658 574 to.
703 510 806 593 Quod
835 530 858 574 o
883 509 1038 575 Critolao
1069 508 1239 592 scriptum
1269 525 1343 574 esse

298 615 454 678 diximus
478 635 584 695 super
605 613 853 688 Demosthene,
878 613 914 674 id
936 615 976 678 0.
1001 613 1177 674 Gracchus
1199 613 1235 675 in
1261 634 1343 677 ora·

296 718 412 791 tione,
443 736 512 800 quo
539 717 649 798 legem
674 712 846 800 Aufeiam
875 713 1058 789 dissuasit,
1090 714 1126 776 in
1152 715 1342 778 Demadem

295 817 439 883 contulit
472 818 582 880 verbis
605 819 715 882 hisce:
743 819 839 884 Nam
863 838 941 893 vos,
970 815 1145 899 Quirites,
1174 817 1206 879 si
1231 818 1341 880 velitis

294 919 466 1003 sapientia
494 931 596 1003 atquc
624 920 749 982 virtute
778 919 848 995 uti,
879 930 929 994 et,
961 919 993 982 si
1019 918 1204 1002 quaeritis,
1233 920 1341 983 nemi·

295 1044 372 1086 acm
387 1033 547 1086 nostrum
568 1021 748 1086 invenietis
762 1022 836 1084 sine
849 1021 964 1105 pretio
984 1023 1049 1084 hac
1066 1021 1223 1103 prodire.
1258 1023 1341 1086 Om-

294 1145 355 1188 nes
379 1144 461 1200 nos,
485 1125 545 1208 qui
568 1125 669 1188 uerba
681 1122 864 1214 facimus,
888 1123 1021 1207 aliquid
1038 1123 1208 1205 petinues,
1232 1144 1341 1207 neque

294 1227 400 1290 ullius
419 1227 471 1289 rei
492 1248 598 1290 causa
619 1227 801 1310 quisquam
821 1228 868 1289 od
888 1247 947 1290 oos
962 1225 1102 1308 prodit,
1126 1225 1195 1288 nisi
1216 1237 1255 1290 ut
1275 1225 1340 1288 ali-

296 1329 380 1413 quid
398 1328 557 1419 auferat.
602 1332 683 1412 Ego
705 1329 796 1412 ipse,
820 1329 880 1412 qui
900 1328 995 1410 apud
1011 1349 1072 1392 vos
1097 1328 1199 1390 verba
1214 1326 1338 1418 facio,

294 1431 348 1494 uti
379 1431 563 1516 vectigalia
590 1443 709 1496 vostra
735 1431 918 1514 augeatis,
956 1452 1025 1514 quo
1039 1429 1195 1520 facilius
1223 1442 1342 1494 vostra

295 1535 476 1598 commoda
496 1546 530 1597 et
552 1533 796 1616 rempublicam
818 1531 1065 1596 administrare
1083 1533 1246 1615 possitis,
1270 1553 1341 1596 non

294 1637 409 1724 gratis
431 1635 581 1719 prodeo,
612 1657 731 1698 verum
758 1647 840 1719 peto
863 1657 886 1698 a
908 1634 1002 1698 vobis
1035 1656 1105 1698 non
1134 1634 1339 1718 pecuniam,

294 1739 356 1802 sed
369 1739 493 1801 honam
508 1737 802 1800 existimationem
825 1749 928 1822 atque
954 1740 1131 1802 honorem.
1175 1737 1244 1820 Qui
1254 1757 1340 1820 pro·

295 1841 400 1903 deant
425 1839 637 1916 dissuasuri,
668 1861 710 1902 ne
739 1842 825 1903 hanc
852 1841 963 1924 legem
992 1840 1190 1923 accipiatis,
1217 1851 1341 1924 petunt

294 1963 364 2008 non
390 1943 555 2006 honorem
578 1963 602 2004 a
624 1943 738 2019 vobis,
763 1965 881 2006 verum
897 1964 921 2005 o
934 1943 1123 2009 Nicomede
1143 1942 1339 2025 pectmiam.

294 2044 365 2128 Qui
388 2045 554 2120 suadent,
579 2056 618 2107 ut
641 2045 839 2128 accipiatis,
864 2045 890 2108 ii
914 2067 1048 2130 quoque
1073 2056 1197 2128 petunt
1222 2065 1290 2107 non
1315 2064 1340 2106 a

294 2147 389 2212 vobis
422 2147 546 2210 bonam
579 2147 893 2224 existimationem,
927 2169 1047 2214 verum
1080 2168 1103 2208 a
1131 2146 1340 2212 Mithridate

294 2249 347 2312 rei
360 2247 563 2339 familiaris
592 2271 676 2312 suae
695 2251 848 2332 pretium
873 2263 907 2314 et
928 2250 1137 2334 praemium.
1181 2249 1251 2332 Qui
1275 2269 1340 2310 aa·

294 2363 364 2416 tem
387 2373 434 2414 ex
456 2351 575 2415 eodem
598 2355 674 2416 loco
697 2364 799 2436 atque
822 2353 943 2416 ordine
964 2364 1095 2427 tacent,
1120 2351 1146 2414 ii
1170 2353 1222 2414 vel
1242 2371 1340 2413 acer·

294 2453 377 2518 rimi
396 2465 493 2517 sunt:
515 2475 596 2516 nam
614 2455 658 2517 ab
679 2455 837 2518 omnibus
857 2455 1009 2538 pretium
1027 2454 1200 2536 accipiunt
1215 2464 1249 2516 et
1266 2474 1339 2516 om-

294 2577 354 2620 nes
380 2553 529 2644 fallunt.
577 2560 671 2633 Vos,
706 2579 784 2625 cum
811 2557 968 2639 putatis,
1002 2579 1061 2621 eos
1087 2557 1130 2618 ab
1158 2557 1210 2620 his
1238 2555 1340 2618 rebus

294 2671 446 2723 remotos
468 2680 559 2733 esse,
584 2659 773 2743 impartitis
790 2660 916 2724 bonam
936 2659 1241 2724 existimationem.
1273 2661 1340 2720 Le·

294 2760 451 2846 gationes
466 2773 583 2824 autem
602 2783 625 2824 o
646 2762 803 2846 regibus,
827 2785 904 2826 cum
921 2774 1048 2846 putant
1071 2784 1129 2826 eos
1150 2782 1215 2825 sua
1232 2779 1340 2823 causo

294 2863 459 2938 reticere,
482 2875 618 2932 sumtus
643 2877 745 2948 atque
765 2866 929 2948 pecunias
955 2864 1129 2927 maximas
1151 2862 1338 2945 praebent,

294 2966 376 3028 item
401 2965 453 3028 uti
472 2965 509 3028 in
534 2978 630 3029 terra
652 2968 818 3044 Graecia,
850 2990 918 3051 quo
949 2968 985 3030 in
1010 2979 1163 3048 tempore
1188 2984 1339 3046 graecus

201 3137 204 3144 ,
294 3067 484 3150 tragoedus
509 3070 645 3152 gloriae
675 3069 741 3133 sibi
772 3071 936 3144 ducebat,
971 3073 1138 3134 talentum
1173 3086 1338 3148 magnum

294 3171 337 3233 ob
359 3190 463 3231 unam
472 3168 644 3260 fabulam
666 3173 786 3236 datum
808 3195 902 3248 esse,
924 3175 1027 3236 homo
1041 3167 1339 3255 eloquentissimus

295 3271 445 3335 civitatis
470 3293 573 3350 suae,
598 3276 788 3350 Demades,
813 3275 845 3338 ei
860 3275 1078 3356 respondisse
1101 3272 1245 3335 dicitur:
1267 3268 1340 3332 Mi-

294 3394 375 3436 rum
397 3371 459 3436 tibi
480 3375 633 3453 videtur,
658 3375 690 3439 si
711 3389 750 3438 tu
771 3378 941 3462 loquendo
962 3381 1129 3440 talentum
1148 3370 1339 3458 quaesisti?

294 3478 374 3559 Ego
395 3489 434 3539 ut
458 3488 625 3554 tacerem,
650 3479 766 3542 decem
787 3483 917 3543 talenta
938 3501 960 3542 a
982 3501 1063 3563 rege
1085 3475 1212 3559 occepi.
1250 3476 1339 3540 Item

295 3599 385 3642 nunc
406 3578 466 3642 isti
484 3580 601 3663 pretia
623 3582 780 3646 maxima
801 3583 844 3645 ob
869 3583 1052 3646 tacendum
1073 3577 1259 3662 accipiunt.

329 3721 423 3783 terent]
456 3725 558 3782 placent
577 3728 646 3772 codd.
661 3732 794 3784 per-tacent
808 3727 884 3772 Jacob
898 3728 1006 3772 Gronov.
1025 3725 1095 3782 preb.
1114 3722 1253 3771 Duebsera.
1274 3719 1339 3764 reti-

362 3817 418 3856 cent
435 3812 506 3856 Lien.

328 3931 440 3977 graecus
452 3918 600 3978 tragoedus]
637 3923 803 3967 Aristodemus
817 3937 870 3968 esse
884 3921 985 3966 truditur
998 3935 1011 3964 a
1025 3920 1103 3966 Gellio
1118 3918 1171 3976 Xl,
1187 3915 1211 3963 9.

328 4023 447 4067 talentum
465 4023 597 4084 magnam]
634 4027 768 4072 Boeckhtuc
790 4029 978 4086 Metrologisrhs
1000 4025 1213 4082 Umersushangsn
1233 4034 1259 4077 p.
1275 4014 1334 4075 tlt,

364 4111 447 4166 docet,
467 4125 480 4154 e
494 4111 603 4156 Graccho
623 4119 646 4160 el
668 4114 697 4158 eh
717 4116 772 4160 aliis
786 4117 924 4162 auctoribus
942 4116 1023 4159 latinis
1037 4114 1142 4158 Atticam
1156 4112 1269 4156 talentum
1281 4107 1338 4154 ideo

364 4210 476 4256 magnum
498 4201 613 4255 appellari
636 4202 734 4258 solere,
754 4204 818 4262 quod
843 4207 865 4250 in
890 4200 959 4250 ltalia
978 4215 1051 4260 parra
1072 4201 1163 4246 talenta
1184 4197 1263 4244 Sicula
1282 4194 1339 4239 tus-

362 4291 417 4328 rent
434 4291 538 4341 recept«.
