2976 4844
264 350 324 414 tto

265 511 430 594 probavit.
477 513 514 576 ln
538 512 691 596 Epitome
718 513 800 576 enim
829 513 918 578 Livii
942 516 1020 587 haec
1042 515 1199 599 lugimus:
1227 520 1313 584 Pru·

266 616 337 679 sias
372 639 439 680 reor
476 617 660 702 Bithyniae
701 617 920 701 omniumque
957 619 1229 684 humillimorum
1264 622 1313 684 vi·

264 719 395 782 tiorum
415 742 439 782 a
461 720 649 785 Nicomede
667 720 754 798 filio
775 721 961 786 adiuuante
986 725 1107 786 Attalo
1130 745 1213 808 rege
1229 728 1313 791 Per·

264 821 361 905 gomi
386 821 520 886 occisus
545 835 609 886 est.
654 824 797 888 babebat
832 825 939 888 alium
968 825 1119 902 filium,
1158 828 1218 910 qui
1246 850 1313 910 pro

265 925 445 1006 superiore
467 925 591 990 ordine
617 927 771 990 dentium
797 939 937 990 enatum
961 929 1122 992 babuisse
1144 951 1252 994 unum
1272 953 1314 998 os

265 1029 442 1091 continens
469 1028 609 1092 dicitur.
654 1051 731 1092 cum
754 1043 826 1094 tres
848 1034 984 1114 legatos
1010 1032 1058 1094 ad
1080 1055 1199 1107 pacem
1222 1034 1313 1098 inter

266 1131 493 1200 Nicomedem
522 1144 554 1196 et
585 1133 748 1198 Prusiam
766 1131 980 1224 faciendam
1015 1137 1164 1200 Romani
1198 1137 1313 1200 misis-

264 1244 352 1311 sent,
374 1246 407 1298 et
430 1256 521 1298 unus
545 1258 592 1297 erc
617 1235 661 1298 iis
685 1236 803 1300 nucltis
826 1236 1043 1302 cicatricibus
1068 1259 1231 1322 sparsum
1255 1259 1313 1302 ca·

260 1349 327 1420 put
352 1338 511 1414 baberet,
544 1341 635 1420 alter
660 1339 807 1422 pedibus
841 1361 948 1423 aeger
973 1352 1083 1418 esset,
1110 1343 1235 1406 tertius
1260 1344 1313 1407 in·

263 1442 367 1524 genio
393 1462 512 1505 socors
539 1443 735 1518 haberetur,
765 1443 859 1506 dixit
888 1446 974 1509 Cato
1001 1465 1078 1508 eam
1104 1446 1257 1528 legation
1279 1470 1314 1510 m

265 1565 326 1606 nec
348 1557 454 1626 caput
480 1565 539 1606 nec
564 1546 670 1626 pedes
696 1567 757 1608 nec
785 1569 847 1610 cor
869 1547 1005 1610 babere.
1292 1539 1293 1542 ¹

328 1647 528 1709 Burmannus
555 1647 587 1709 in
612 1647 698 1712 libro
724 1650 762 1712 de
785 1648 1011 1731 Vectigalibus
1034 1673 1070 1732 p.
1099 1651 1158 1714 138
1181 1655 1219 1716 de
1239 1675 1313 1717 auc·

263 1758 337 1813 tore
364 1748 457 1811 huius
481 1748 639 1814 orationis
661 1750 819 1815 dubitasse
844 1751 981 1830 videtur,
1006 1774 1139 1841 eamque
1161 1776 1226 1820 non
1247 1754 1311 1820 Ca-

263 1851 333 1916 toni
360 1850 533 1928 Censorio,
561 1856 617 1916 sed
644 1852 762 1918 Catoni
789 1853 935 1919 Uticensi
960 1855 1086 1920 tribuit.

328 1957 442 2020 Festus
471 1977 505 2038 p.
531 1955 605 2018 284.
651 1955 853 2020 Portisculus
885 1968 951 2033 est,
986 1970 1020 2020 ut
1054 1959 1169 2024 scribit
1202 1957 1313 2026 Aelius

265 2056 359 2134 Stilo,
391 2056 449 2143 qui
479 2055 511 2120 in
541 2068 641 2142 portu
670 2062 799 2123 modum
830 2062 882 2123 dat
910 2061 1018 2126 classi.
1062 2063 1103 2128 Id
1136 2075 1239 2128 autem
1266 2076 1314 2128 est

265 2161 414 2238 malleus,
452 2161 541 2224 cuius
578 2160 719 2226 meminit
748 2165 835 2228 Cato
857 2163 898 2226 in
923 2164 1141 2230 dissuasione
1165 2168 1207 2231 de
1230 2190 1313 2252 rege

265 2267 387 2330 Attalo
416 2277 449 2330 et
478 2265 703 2349 vectigalibus
735 2266 865 2330 Asiae:
906 2270 945 2333 0.
978 2269 1113 2332 Licinio
1147 2282 1314 2353 praetore

265 2369 415 2452 remiges
445 2367 565 2432 scribti
589 2369 678 2432 ciues
708 2371 846 2434 romani
874 2371 937 2434 sub
964 2371 1218 2456 portisculum,
1250 2375 1314 2436 sub

251 2469 425 2563 flagrum
448 2471 635 2536 conscribti
661 2473 796 2538 venare
823 2473 973 2556 passim.

299 2611 325 2666 0.
340 2616 440 2664 Licinio
458 2615 591 2678 praetore]
628 2617 657 2664 C.
678 2618 786 2664 Licinius
805 2619 909 2666 Crassus
929 2627 1027 2676 praetor
1046 2637 1071 2674 a,
1091 2619 1141 2668 582
1160 2618 1233 2679 (172)
1252 2624 1313 2668 clas·
1404 2617 1406 2624 ’

334 2721 384 2751 sein
404 2707 568 2751 Romanorum
590 2707 689 2761 refecit,
711 2713 736 2751 nt
757 2707 840 2752 Livius
863 2711 878 2755 Ι.
904 2704 945 2763 42,
968 2707 1000 2754 27
1022 2711 1121 2764 copiose
1142 2714 1224 2756 trudit.

299 2831 345 2875 sub
360 2799 547 2890 portisculum]
584 2833 666 2892 „Post
685 2831 710 2877 h.
724 2847 746 2881 r.
768 2833 904 2887 interponit
926 2839 1053 2886 commuta,
1077 2849 1106 2878 ue
1125 2835 1242 2880 Catonem
1260 2850 1313 2880 cum

334 2919 460 2978 Scaligero
482 2921 572 2966 dixisse
592 2927 678 2976 putes,
702 2921 809 2979 reuriges
833 2919 877 2964 sub
901 2921 1034 2974 portisculo
1056 2935 1141 2966 caesos
1163 2935 1227 2967 esse.
1266 2925 1312 2968 Sed

335 3007 413 3057 Cato,
437 3013 462 3053 ut
482 3011 553 3069 solet,
576 3013 599 3054 in
618 3011 742 3054 iracundia
762 3009 852 3051 facetus
874 3012 979 3064 scriptos
1002 3023 1055 3054 esse
1073 3011 1107 3054 ait
1127 3009 1171 3054 sub
1192 3013 1313 3066 portiscu-

334 3099 393 3149 lum,
416 3097 557 3142 verberibus
583 3103 664 3142 autem
685 3097 836 3150 conscriptos
861 3097 905 3156 (nt
927 3097 1029 3142 Plautus
1051 3097 1140 3143 Pseud.
1166 3100 1189 3152 1,
1211 3098 1236 3155 5,
1260 3097 1314 3156 3¹)

334 3187 384 3229 sive
410 3187 604 3230 conscribillatos
630 3183 676 3243 (ut
697 3187 805 3232 Catullus
829 3181 878 3241 2⁵,
905 3181 956 3240 1⁰)
980 3188 1024 3230 sub
1046 3187 1163 3246 flagrum,
1185 3193 1314 3246 antequam

335 3277 453 3318 venirent.
491 3273 568 3318 Paulo
598 3276 670 3319 aliter
692 3274 831 3320 Gronovius
861 3275 981 3319 conscribi
1004 3277 1054 3320 sive
1076 3277 1178 3320 rescribi
1200 3275 1244 3320 sub
1265 3276 1313 3321 lla-

333 3375 403 3420 grum
422 3367 488 3417 putat
509 3375 562 3406 esse
585 3364 602 3406 i.
626 3377 650 3419 q.
676 3361 842 3418 mancipari!
861 3363 890 3411 C.
912 3362 943 3408 0.
960 3362 1061 3412 Mllller.
1099 3364 1171 3409 Cani.
1194 3363 1312 3410 Gronovii

335 3449 473 3500 Observalt.
499 3449 524 3505 4,
549 3447 590 3499 26.
615 3463 639 3504 p.
664 3445 722 3496 tlt.

302 3682 351 3740 66.
392 3681 491 3741 Oratio
510 3683 540 3740 in
565 3683 696 3740 Servium
718 3683 876 3756 Sulpicium
900 3681 1022 3741 Galbam
1045 3699 1099 3773 pro
1117 3681 1273 3738 Lusitanis.

328 3816 376 3878 Ea
407 3826 455 3878 est
479 3814 666 3880 dicta-anno
689 3815 750 3880 605
775 3817 879 3896 (149).
934 3812 1036 3878 Conf.
1061 3812 1178 3878 Oratio
1203 3813 1314 3878 Seruii

264 3918 409 4001 Sulpicii
432 3919 573 3982 Galbae.
612 3991 614 3995 ι

327 4024 420 4085 Haec
451 4021 591 4085 omnium
626 4020 835 4085 celeberrima
873 4032 920 4085 est
961 4041 1055 4085 causa
1087 4034 1119 4086 et
1154 4042 1171 4084 a
1208 4019 1313 4083 multis

237 4105 242 4113 ¹
264 4136 438 4189 memorata
464 4123 688 4206 scriptoribus,
718 4145 812 4208 quam
844 4122 929 4189 Cato
956 4125 1030 4208 ipso
1057 4145 1097 4190 eo
1123 4143 1219 4202 anno,
1246 4141 1311 4206 quo

264 4226 401 4290 excessit
428 4247 445 4290 e
475 4224 550 4302 vita,
580 4228 664 4307 apud
692 4226 844 4307 populum
876 4228 956 4310 egit.

329 4328 460 4391 Servius
490 4327 649 4411 Sulpicius
680 4326 782 4392 Galba
812 4340 944 4410 praetor
970 4329 1001 4392 iu
1032 4327 1190 4411 Hispania
1218 4349 1247 4391 a.
1279 4351 1312 4388 u.
