2976 4844
293 371 333 434 58

364 533 498 595 „goliam
519 532 643 594 resignet.
692 530 805 574 vocabolo
824 527 855 574 de
877 543 942 588 aquo
965 531 994 574 orl
1018 529 1200 584 inscriptionem
1222 529 1341 576 orationis

364 624 514 678 „pertinen-e,
538 635 591 666 euin
611 635 640 666 ex
665 621 717 674 ipra
736 619 783 662 loci
805 619 932 667 sententia,
956 622 1004 662 lum
1027 631 1056 662 ex
1075 618 1117 661 hoe
1134 617 1199 662 Festi
1220 617 1341 662 mentione

365 704 605 770 „intelligitur.“-
627 709 693 754 Hanc
715 709 876 752 coniecturam
898 719 979 749 veram
1000 711 1075 760 poto,
1099 720 1142 749 rnen
1166 705 1252 760 probo,
1278 705 1341 761 quod

365 799 461 843 Ellendt
481 800 503 843 in
525 799 665 855 Prolegorn.
688 797 756 840 Bruti
781 810 805 851 p.
826 793 914 838 xxm
937 795 1066 848 opinatur,
1092 792 1252 849 fragmentum
1276 792 1341 834 Festi

366 901 394 931 ex
418 887 527 930 orations
545 899 595 944 pro
612 883 689 930 Porio
710 889 798 928 contro
820 879 930 928 Gellium
953 881 1010 938 (vid.
1030 880 1123 924 Gellius
1139 879 1179 941 it,
1193 877 1217 932 2)
1237 884 1340 923 sumtum

365 987 429 1023 esee.
467 975 520 1032 Quo
539 976 618 1018 minna
640 973 702 1018 enirn
724 973 785 1015 hene
806 971 936 1024 arnplecter
959 969 1116 1024 opinionem,
1141 968 1199 1012 feeit
1219 968 1276 1011 illud
1301 963 1341 1010 De

366 1077 442 1124 equo,
461 1063 522 1120 quod
545 1076 598 1106 eum
622 1066 764 1120 argumento
786 1059 913 1112 cantionis,
936 1059 965 1102 de
984 1071 1028 1114 quo
1050 1070 1111 1100 nuno
1133 1058 1262 1116 loquimur,
1285 1068 1342 1098 eoo·

364 1153 438 1196 venit.

326 1272 474 1336 praetores]
503 1274 675 1332 Progrnentnnn
696 1275 766 1318 nimis
786 1275 915 1318 laceratum
937 1284 1008 1330 qnam
1028 1275 1053 1314 nt
1071 1271 1184 1324 explicari
1207 1272 1294 1325 possit.

330 1400 454 1446 rindr'eins
474 1397 572 1458 dieunt]
602 1413 626 1444 v.
645 1399 705 1444 llein
725 1401 767 1442 das
786 1401 849 1448 edin.
872 1397 1024 1442 Privatrecht
1045 1410 1070 1450 p.
1089 1391 1148 1440 162.

359 1519 484 1584 Gellius
509 1521 559 1593 10,
583 1519 637 1580 nt.
685 1519 730 1582 Ut
761 1516 906 1600 plerique
935 1515 989 1576 die
1016 1515 1181 1597 pristini,
1212 1512 1255 1576 ita
1283 1518 1340 1579 M.

296 1624 445 1689 euroin
472 1621 633 1686 oratione
658 1632 782 1684 contro
811 1620 953 1684 iterium
979 1618 1035 1680 die
1058 1616 1217 1699 proximi
1244 1617 1339 1680 dixit.

331 1775 419 1814 contro
437 1765 554 1826 Furium]
587 1768 707 1811 Incertum
727 1772 781 1826 est,
810 1780 839 1812 ex
862 1765 971 1810 oratione
992 1765 1015 1807 io
1046 1763 1189 1808 L.'Furiu1n
1210 1778 1239 1807 on
1262 1765 1284 1807 in
1310 1765 1339 1807 P.

365 1858 464 1901 Furium
485 1859 516 1899 sit
535 1859 648 1901 sumtum.
682 1885 688 1899 .

359 1973 485 2038 Nonius
507 1997 542 2057 p.
568 1975 643 2038 153.
667 1973 828 2039 Proximi
852 1973 876 2037 i.
898 1996 927 2039 e.
952 1973 1118 2057 proximo.
1156 1977 1243 2039 Coto
1261 1995 1341 2036 con·

294 2092 353 2143 ira
377 2078 542 2142 sterium:
571 2079 625 2141 die
647 2078 819 2161 proximi.

330 2222 440 2284 Nonius]
465 2239 498 2270 ox
514 2224 598 2270 Gellio
617 2226 705 2268 euanuit
725 2224 824 2268 Catonis
843 2227 926 2269 recha.

480 2465 527 2522 st.
562 2464 663 2522 Oratio
683 2465 720 2522 de
739 2467 867 2523 moribus
887 2466 1000 2524 Claudii
1019 2467 1151 2524 Neronis.

301 2595 309 2602 “
359 2601 454 2662 Hauc
480 2596 658 2660 orationem
686 2595 770 2660 inter
797 2597 960 2662 censorias
987 2599 1096 2675 retuli,
1127 2599 1276 2684 quoniam
1303 2601 1343 2661 ad

295 2698 474 2764 censorium
500 2721 610 2760 nnunus
631 2711 775 2780 spectare
802 2700 926 2763 videtur
951 2701 1133 2782 inscriptio.
1180 2703 1266 2764 Idem
1292 2699 1341 2764 se-

296 2825 371 2865 cere
399 2801 529 2864 Ellendt
553 2813 647 2886 atque
672 2804 845 2866 Weberus.
892 2804 1077 2884 Quaeritur,
1100 2802 1155 2886 qni
1179 2803 1219 2864 sit
1243 2802 1341 2867 Clau·

296 2905 365 2968 dius
393 2905 494 2978 Nero,
523 2924 539 2965 a
564 2902 686 2968 Catone
710 2927 843 2968 censore
866 2916 1006 2969 notatus.
1052 2894 1181 2967 Ellendt
1204 2907 1342 2967 arbitra·

294 3017 364 3080 tur,
391 3005 444 3068 Ti.
467 3004 633 3070 Claudium
669 3009 841 3084 Neronem,
871 3007 925 3072 Ti.
945 3006 1072 3072 Claudii
1099 3006 1237 3072 Neronis
1264 3029 1341 3070 con·

295 3108 371 3171 sulis
395 3130 424 3172 a.
452 3110 513 3171 552
531 3109 620 3188 (202)
646 3109 756 3184 filiurn,
781 3109 1018 3196 intelligendum
1047 3131 1132 3186 esse;
1162 3109 1218 3194 qui
1244 3132 1340 3187 anno,

294 3222 461 3295 antequam
487 3209 570 3274 Cato
597 3233 763 3274 censuram
786 3212 894 3290 subiit,
922 3212 954 3277 id
977 3226 1025 3276 est
1047 3235 1129 3278 anno
1154 3214 1215 3278 569
1241 3212 1342 3290 (185),

295 3325 446 3398 quaestor
470 3326 547 3388 erat,
570 3335 629 3376 nee
653 3325 764 3396 postea
788 3319 828 3378 ad
854 3315 991 3380 maiores
1014 3318 1156 3380 honores
1180 3312 1341 3396 pervenit.

359 3414 545 3479 Priscianus
566 3418 608 3479 Τ.
635 3419 666 3478 1.
690 3438 725 3499 p.
749 3419 824 3482 nti.
856 3423 943 3484 Caio
964 3420 1006 3482 de
1030 3419 1183 3482 moribus
1206 3415 1344 3479 Claudii

296 3518 450 3582 Neronis
470 3517 529 3580 isti
548 3539 610 3600 pro
630 3517 739 3582 istius:
768 3524 919 3585 Pecunia
937 3543 1014 3584 mea
1035 3517 1241 3599 reipublicae
1256 3538 1343 3598 pro·

284 3616 372 3709 suit
394 3640 498 3702 quam
522 3620 582 3683 ini
606 3621 700 3684 modi
728 3623 780 3686 uti
802 3637 840 3686 tu
862 3647 928 3704 es.

332 3761 418 3824 quom]
447 3765 570 3821 Explicavi
593 3780 639 3810 nou
663 3771 751 3821 potest,
771 3781 825 3811 eum
847 3769 940 3824 reliquo
959 3765 1037 3809 desint
1054 3764 1137 3812 rerba.

330 3865 388 3928 isti]
419 3872 498 3919 istius.

331 3977 369 4022 uti
387 3983 414 4022 tu
434 3977 472 4036 eo]
504 3984 652 4034 corruptum.

361 4093 488 4158 Nonius
510 4116 545 4178 p.
561 4096 613 4159 63.
637 4097 898 4180 Fulgurotores.
933 4101 977 4166 Ut
997 4098 1169 4184 extispices
1196 4110 1226 4163 et
1247 4100 1344 4160 haru-

298 4193 421 4280 spices,
443 4196 488 4261 ita
517 4197 548 4259 hi
571 4197 734 4283 fulgurum
758 4196 972 4284 inspectores.
1017 4208 1103 4270 Coto
1124 4203 1166 4266 de
1189 4200 1343 4264 moribus
