2958 4840
231 343 291 404 558

233 499 373 561 omnino
393 510 427 560 ct
449 509 689 577 experrectum
711 510 762 560 est
776 497 907 558 animai
927 497 1035 568 (ranis,
1050 497 1167 580 utique
1189 509 1281 558 eate-

232 599 352 662 narius
373 607 552 681 paratus.“
567 631 606 644 ..
619 603 707 662 Erat
729 611 843 662 autem
866 620 934 660 nvn
948 617 1080 681 aequus
1095 599 1163 680 ipsi
1177 603 1282 663 Mon-

235 713 331 764 tano.
367 713 588 763 accusaverat
620 702 716 763 illum
748 702 842 781 apud
871 705 1053 764 Gaesarem
1089 722 1112 762 a
1144 702 1283 762 colonia

236 804 456 868 Narbonensi
478 815 636 884 rogatus.
664 815 703 864 ot
726 807 917 866 Montanus
944 803 1031 864 arico
1060 814 1134 865 toto
1162 803 1284 891 animo

229 905 453 967 scholasticus
475 915 562 975 erat,
587 915 626 964 ut
646 905 764 966 eodem
788 904 853 976 die,
878 925 946 988 quo
969 916 1151 966 accusatus
1180 917 1232 965 est
1258 925 1283 964 a

236 1005 389 1076 Vinicio,
430 1006 623 1068 recitaverit
663 1007 697 1067 in
734 1006 862 1071 Vinicii
891 1007 1062 1068 actionem
1094 1005 1281 1068 sententias

230 1127 326 1170 suas.

268 1251 425 1312 recitaverit]
462 1267 484 1296 r.
505 1254 629 1312 Schultiug
648 1268 670 1308 ρ.
693 1251 751 1296 244.

449 1370 578 1428 CXXIV.
609 1371 764 1430 Mamurra
783 1371 916 1428 Aemilius
939 1371 1069 1428 Scaunu.

295 1503 480 1564 Mamercus
507 1501 658 1564 Aetnilius
682 1502 832 1576 Scaurus,
856 1525 948 1587 quem
972 1500 1110 1566 Vossius
1127 1503 1177 1566 Dc
1194 1507 1280 1568 Poe·

231 1602 271 1666 tis
294 1603 349 1665 lat.
376 1626 411 1684 p.
439 1605 492 1666 55.
523 1607 668 1665 Marcum
693 1603 814 1666 Aenit.
839 1608 991 1668 Scaurum
1020 1603 1102 1667 salso
1126 1605 1279 1678 nominat,

235 1705 287 1766 M.
318 1704 430 1766 Scauri
465 1705 564 1782 istius,
599 1705 666 1780 cui,
697 1716 772 1786 post
799 1728 936 1788 pugnam
967 1706 1134 1768 Actiacam
1163 1720 1277 1788 capto,

230 1805 355 1867 nonnisi
383 1805 491 1867 matris
516 1806 643 1868 suniae
672 1808 772 1887 gratia
799 1811 960 1889 Augustus
984 1803 1109 1889 ignovit
1132 1809 1211 1885 (Dia
1226 1811 1275 1878 51,

232 1907 277 1983 9,)
302 1904 399 1970 filius.
446 1907 508 1969 Vir
534 1908 724 1982 consularis,
753 1920 832 1971 teste
857 1908 973 1971 Tacito
1000 1910 1087 1972 Anu.
1115 1910 1145 1971 3.
1172 1911 1223 1971 66.
1247 1921 1278 1972 et

232 2008 351 2070 Seneca
380 2012 418 2072 de
444 2011 587 2072 Benefic.
614 2012 644 2082 lt,
671 2012 724 2072 31.
757 2011 820 2073 Sed
845 2014 972 2094 quanda
999 2011 1197 2073 consulatum
1220 2014 1280 2074 ob-

232 2109 372 2184 tinuerit,
400 2131 464 2174 nvn
485 2122 624 2174 volutat.
667 2112 708 2176 A.
733 2112 792 2173 787
816 2111 883 2196 (st)
911 2111 1080 2174 maiestatis
1102 2112 1280 2194 postulatus

234 2231 251 2273 a
280 2213 419 2276 Servilio
456 2225 487 2275 et
514 2212 670 2277 Cornelio
699 2215 809 2276 Tusco
840 2213 1070 2277 damnationem
1100 2214 1280 2278 voluntaria

240 2326 344 2378 morte
369 2314 513 2378 anteivit.
560 2315 666 2379 'l'aeit.
691 2315 778 2377 Ann.
805 2316 836 2391 6,
866 2315 916 2383 29,
961 2314 1027 2380 Dio
1053 2317 1104 2392 58,
1131 2318 1183 2379 24.
1222 2318 1279 2378 Se-

232 2435 310 2478 neca
333 2419 465 2479 Suasor.
492 2419 520 2486 i.
540 2440 575 2498 p.
599 2418 651 2478 il.
677 2415 777 2479 Cani.
801 2417 964 2479 Drumann
985 2428 1011 2480 t.
1036 2423 1068 2480 t.
1092 2440 1125 2499 p.
1149 2419 1202 2481 33.

295 2519 412 2581 Seneca
440 2518 602 2587 Controv.
636 2522 658 2581 Ι.
690 2521 718 2586 5.
743 2519 851 2580 Praei.
878 2542 912 2600 p.
940 2521 1015 2582 347.
1066 2522 1120 2583 De
1148 2525 1281 2583 Scauro

231 2619 262 2680 si
284 2639 336 2682 me
358 2621 596 2702 interrogatis,
620 2641 696 2682 curn
719 2621 816 2682 illum
840 2642 970 2682 mecum
991 2621 1184 2693 audieritis,
1211 2621 1277 2683 ini·

232 2719 291 2803 qui
313 2723 406 2784 estis.
464 2725 546 2786 Non
579 2723 659 2784 novi
687 2739 909 2806 quemquam,
933 2723 1032 2785 cuius
1057 2724 1197 2806 ingenio
1215 2743 1279 2805 po-

231 2825 333 2904 pulus
364 2843 529 2885 romanus
557 2824 770 2904 pertinacius
799 2825 980 2906 ignoverit.
1045 2826 1191 2888 Dicebat
1219 2844 1279 2886 ne·

232 2925 404 3006 gligenter
419 2945 519 3006 saepe
534 2945 675 2987 calisam
696 2926 731 2986 in
748 2926 833 3007 ipsis
855 2925 1023 2987 subselliis
1030 2949 1041 2996 ,·
1062 2947 1172 3006 saepe,
1191 2923 1275 2987 cium

230 3027 409 3100 amicitur,
453 3026 601 3098 dicebare
637 3027 758 3089 deinde
799 3027 953 3110 litiganti
985 3027 1133 3090 similior
1172 3047 1276 3110 quarn

228 3127 358 3206 agenti,
382 3128 538 3207 cupiebat
560 3149 701 3191 evocare
730 3130 882 3211 aliquam
915 3150 1029 3191 vocem
1058 3129 1276 3190 adversario·

120 3220 124 3228 ’
231 3245 322 3299 ram,
346 3240 378 3288 ct
401 3229 436 3288 in
458 3230 681 3290 altercatione
704 3230 793 3291 vires
815 3249 897 3290 suas
920 3241 1074 3292 noverat.
1098 3230 1184 3290 nihil
1200 3241 1277 3290 crat

229 3328 289 3389 iilo
303 3327 490 3401 venustius,
508 3329 594 3388 nihil
611 3330 792 3407 paralium
808 3347 917 3411 genus
933 3331 1069 3392 dicendi
1081 3330 1274 3413 antiquum,

231 3430 411 3491 veriorum
433 3448 566 3512 quoque
588 3449 655 3492 non
679 3429 876 3508 vulgarium
891 3433 1057 3512 gravitas,
1076 3432 1149 3512 ipse
1166 3433 1280 3491 cultus

228 3531 430 3614 habitusque
451 3531 608 3612 corporis
631 3531 716 3592 mire
736 3531 784 3593 ad
812 3532 1052 3594 auctoritatem
1084 3529 1276 3594 oratoriam

228 3643 378 3713 aptatus.
424 3633 492 3695 Sed
513 3653 559 3696 esc
579 3633 625 3695 iis
647 3634 803 3696 omnibus
825 3633 914 3696 scire
933 3653 1063 3715 posses,
1088 3652 1157 3694 nan
1172 3650 1278 3714 quan·

231 3747 305 3796 tum
327 3745 502 3798 oratorem
522 3747 718 3816 praestaret
740 3740 911 3806 Scaurus,
941 3735 1003 3796 scd
1027 3744 1194 3816 quantum
1221 3731 1280 3791 de-

231 3848 378 3907 sererem
397 3839 580 3918 pleraeque
605 3837 759 3899 actiones
782 3836 905 3907 malae,
929 3833 964 3896 in
987 3834 1144 3896 omnibus
1166 3843 1280 3894 tamen

230 3937 372 4020 aliquod
394 3938 513 4019 magni
534 3937 744 4018 neglectique
765 3935 898 4014 ingenii
920 3934 1103 4016 vestigium
1122 3931 1278 3996 extabat.

229 4058 313 4100 rara
334 4040 453 4120 aliqua
472 4039 565 4100 actio
587 4039 688 4109 bona,
712 4036 774 4098 sed
796 4056 899 4117 quam
917 4032 1098 4122 fortunae
1126 4034 1277 4113 imputa·

227 4160 295 4202 ree.
311 4140 380 4202 Sed
390 4140 487 4200 illum
501 4141 616 4220 longa,
639 4137 709 4200 imo
716 4147 887 4218 perpetua
902 4135 1036 4198 desidia
1049 4156 1090 4196 eo
1097 4133 1277 4216 perduxe-

229 4249 306 4312 rat,
330 4250 369 4300 ut
391 4238 480 4302 nihil
500 4257 627 4302 curare
648 4240 762 4312 vellet,
781 4237 870 4300 nihil
887 4247 1017 4318 posset.
1041 4234 1282 4317 Orationes
