<?xml version="1.0" encoding="UTF-8"?>
<!DOCTYPE html PUBLIC "-//W3C//DTD XHTML 1.0 Transitional//EN"
    "http://www.w3.org/TR/xhtml1/DTD/xhtml1-transitional.dtd">
<html xmlns="http://www.w3.org/1999/xhtml" xml:lang="en" lang="en">
 <head>
  <title>
</title>
<meta http-equiv="Content-Type" content="text/html;charset=utf-8" />
  <meta name='ocr-system' content='tesseract 3.04.00' />
  <meta name='ocr-capabilities' content='ocr_page ocr_carea ocr_par ocr_line ocrx_word'/>
</head>
<body>
  <div class='ocr_page' id='page_1' title='image "./oratorumromanor02meyegoog_0103.png"; bbox 0 0 2976 4844; ppageno 0'>
   <div class='ocr_carea' id='block_1_1' title="bbox 1158 370 1199 432">
    <p class='ocr_par' dir='ltr' id='par_1_1' title="bbox 1158 370 1199 432">
     <span class='ocr_line' id='line_1_1' title="bbox 1158 370 1199 432; baseline 0 0"><span class='ocrx_word' id='word_1_1' title='bbox 1158 370 1199 432; x_wconf 80' lang='grc'><strong>88</strong></span> 
     </span>
    </p>
   </div>
   <div class='ocr_carea' id='block_1_2' title="bbox 147 523 1200 1437">
    <p class='ocr_par' dir='ltr' id='par_1_2' title="bbox 147 523 1198 796">
     <span class='ocr_line' id='line_1_2' title="bbox 147 523 1197 616; baseline 0 -26"><span class='ocrx_word' id='word_1_2' title='bbox 147 525 242 590; x_wconf 77' lang='lat' dir='ltr'><strong>rium</strong></span> <span class='ocrx_word' id='word_1_3' title='bbox 262 529 429 610; x_wconf 80' lang='lat' dir='ltr'><em>probrum</em></span> <span class='ocrx_word' id='word_1_4' title='bbox 451 527 683 590; x_wconf 74' lang='lat' dir='ltr'><strong><em>indicabatur.</em></strong></span> <span class='ocrx_word' id='word_1_5' title='bbox 731 530 863 612; x_wconf 74' lang='lat' dir='ltr'><strong>Atque,</strong></span> <span class='ocrx_word' id='word_1_6' title='bbox 892 537 932 590; x_wconf 91' lang='lat' dir='ltr'><strong>ut</strong></span> <span class='ocrx_word' id='word_1_7' title='bbox 955 523 1069 616; x_wconf 75' lang='lat' dir='ltr'><strong>rescat</strong></span> <span class='ocrx_word' id='word_1_8' title='bbox 1090 529 1197 603; x_wconf 84' lang='lat' dir='ltr'><strong>Cato,</strong></span> 
     </span>
     <span class='ocr_line' id='line_1_3' title="bbox 147 629 1198 714; baseline 0.003 -22"><span class='ocrx_word' id='word_1_9' title='bbox 147 650 249 714; x_wconf 75' lang='lat' dir='ltr'><strong>quam</strong></span> <span class='ocrx_word' id='word_1_10' title='bbox 275 631 388 693; x_wconf 84' lang='lat' dir='ltr'><strong>uirum</strong></span> <span class='ocrx_word' id='word_1_11' title='bbox 420 629 546 694; x_wconf 86' lang='lat' dir='ltr'><strong>bonum</strong></span> <span class='ocrx_word' id='word_1_12' title='bbox 576 633 735 693; x_wconf 80' lang='lat' dir='ltr'><strong>colonum</strong></span> <span class='ocrx_word' id='word_1_13' title='bbox 765 630 954 704; x_wconf 75' lang='lat' dir='ltr'><strong>dixissent,</strong></span> <span class='ocrx_word' id='word_1_14' title='bbox 985 629 1198 712; x_wconf 75' lang='lat' dir='ltr'><strong>amplissimo</strong></span> 
     </span>
     <span class='ocr_line' id='line_1_4' title="bbox 147 731 592 796; baseline 0 -2"><span class='ocrx_word' id='word_1_15' title='bbox 147 731 310 796; x_wconf 76' lang='lat' dir='ltr'><strong>laudasse</strong></span> <span class='ocrx_word' id='word_1_16' title='bbox 332 733 592 796; x_wconf 80' lang='lat' dir='ltr'><strong>existimabunt.</strong></span> 
     </span>
    </p>

    <p class='ocr_par' dir='ltr' id='par_1_3' title="bbox 148 833 1200 1224">
     <span class='ocr_line' id='line_1_5' title="bbox 212 833 1198 920; baseline 0.001 -23"><span class='ocrx_word' id='word_1_17' title='bbox 212 835 253 897; x_wconf 84' lang='lat' dir='ltr'><strong>Ia</strong></span> <span class='ocrx_word' id='word_1_18' title='bbox 282 834 439 910; x_wconf 78' lang='lat' dir='ltr'><strong>orations,</strong></span> <span class='ocrx_word' id='word_1_19' title='bbox 471 838 509 898; x_wconf 84' lang='lat' dir='ltr'><strong>dc</strong></span> <span class='ocrx_word' id='word_1_20' title='bbox 531 855 592 920; x_wconf 85' lang='lat' dir='ltr'><strong>qus</strong></span> <span class='ocrx_word' id='word_1_21' title='bbox 619 855 703 898; x_wconf 87' lang='lat' dir='ltr'><strong>nuac</strong></span> <span class='ocrx_word' id='word_1_22' title='bbox 734 833 907 918; x_wconf 80' lang='lat' dir='ltr'><strong>loquimur,</strong></span> <span class='ocrx_word' id='word_1_23' title='bbox 938 837 977 898; x_wconf 84' lang='lat' dir='ltr'><strong>ds</strong></span> <span class='ocrx_word' id='word_1_24' title='bbox 1010 835 1099 898; x_wconf 83' lang='lat' dir='ltr'><strong>alenc</strong></span> <span class='ocrx_word' id='word_1_25' title='bbox 1130 836 1198 898; x_wconf 84' lang='lat' dir='ltr'><strong>cul·</strong></span> 
     </span>
     <span class='ocr_line' id='line_1_6' title="bbox 148 935 1200 1023; baseline 0.002 -25"><span class='ocrx_word' id='word_1_26' title='bbox 148 947 220 998; x_wconf 83' lang='lat' dir='ltr'><strong>tura</strong></span> <span class='ocrx_word' id='word_1_27' title='bbox 241 936 376 1000; x_wconf 84' lang='lat' dir='ltr'><strong>docuit:</strong></span> <span class='ocrx_word' id='word_1_28' title='bbox 408 939 591 1023; x_wconf 74' lang='lat' dir='ltr'><strong>quadarn</strong></span> <span class='ocrx_word' id='word_1_29' title='bbox 619 936 707 1012; x_wconf 82' lang='lat' dir='ltr'><strong>vide,</strong></span> <span class='ocrx_word' id='word_1_30' title='bbox 735 957 817 1022; x_wconf 82' lang='lat' dir='ltr'><strong>quae</strong></span> <span class='ocrx_word' id='word_1_31' title='bbox 843 937 875 999; x_wconf 89' lang='lat' dir='ltr'><strong>iu</strong></span> <span class='ocrx_word' id='word_1_32' title='bbox 900 936 1037 1000; x_wconf 83' lang='lat' dir='ltr'><strong>eiusdem</strong></span> <span class='ocrx_word' id='word_1_33' title='bbox 1064 935 1200 1002; x_wconf 87' lang='lat' dir='ltr'><strong>Catonis</strong></span> 
     </span>
     <span class='ocr_line' id='line_1_7' title="bbox 149 1037 1194 1122; baseline 0.003 -22"><span class='ocrx_word' id='word_1_34' title='bbox 149 1037 237 1102; x_wconf 82' lang='lat' dir='ltr'><strong>libro</strong></span> <span class='ocrx_word' id='word_1_35' title='bbox 261 1042 300 1102; x_wconf 85' lang='lat' dir='ltr'><strong>de</strong></span> <span class='ocrx_word' id='word_1_36' title='bbox 321 1060 357 1102; x_wconf 83' lang='lat' dir='ltr'><strong>rc</strong></span> <span class='ocrx_word' id='word_1_37' title='bbox 380 1039 500 1103; x_wconf 82' lang='lat' dir='ltr'><strong>rustica</strong></span> <span class='ocrx_word' id='word_1_38' title='bbox 523 1061 595 1122; x_wconf 85' lang='lat' dir='ltr'><strong>cap.</strong></span> <span class='ocrx_word' id='word_1_39' title='bbox 621 1040 779 1116; x_wconf 62' lang='lat' dir='ltr'><strong>&lt;st-69,</strong></span> <span class='ocrx_word' id='word_1_40' title='bbox 806 1053 838 1103; x_wconf 83' lang='lat' dir='ltr'><strong>et</strong></span> <span class='ocrx_word' id='word_1_41' title='bbox 859 1040 891 1103; x_wconf 91' lang='lat' dir='ltr'><strong>in</strong></span> <span class='ocrx_word' id='word_1_42' title='bbox 918 1037 1027 1104; x_wconf 85' lang='lat' dir='ltr'>Plinio</span> <span class='ocrx_word' id='word_1_43' title='bbox 1054 1039 1113 1105; x_wconf 90' lang='lat' dir='ltr'><strong>lib.</strong></span> <span class='ocrx_word' id='word_1_44' title='bbox 1141 1041 1194 1104; x_wconf 83' lang='lat'><strong>15.</strong></span> 
     </span>
     <span class='ocr_line' id='line_1_8' title="bbox 149 1141 492 1224; baseline 0 -20"><span class='ocrx_word' id='word_1_45' title='bbox 149 1161 180 1204; x_wconf 85' lang='lat' dir='ltr'><strong>c.</strong></span> <span class='ocrx_word' id='word_1_46' title='bbox 210 1141 307 1203; x_wconf 94' lang='grc'><strong>1-8</strong></span> <span class='ocrx_word' id='word_1_47' title='bbox 329 1141 492 1224; x_wconf 78' lang='lat' dir='ltr'><strong>leguntur.</strong></span> 
     </span>
    </p>

    <p class='ocr_par' dir='ltr' id='par_1_4' title="bbox 149 1243 1198 1437">
     <span class='ocr_line' id='line_1_9' title="bbox 214 1243 1198 1329; baseline -0.002 -22"><span class='ocrx_word' id='word_1_48' title='bbox 214 1244 329 1307; x_wconf 78' lang='lat' dir='ltr'><strong>Festus</strong></span> <span class='ocrx_word' id='word_1_49' title='bbox 353 1266 388 1325; x_wconf 87' lang='lat' dir='ltr'><strong>p.</strong></span> <span class='ocrx_word' id='word_1_50' title='bbox 409 1244 483 1306; x_wconf 79' lang='grc'><strong>212.</strong></span> <span class='ocrx_word' id='word_1_51' title='bbox 521 1244 761 1308; x_wconf 84' lang='lat' dir='ltr'><strong>Pulchralibus</strong></span> <span class='ocrx_word' id='word_1_52' title='bbox 788 1256 882 1329; x_wconf 80' lang='lat' dir='ltr'><strong>atque</strong></span> <span class='ocrx_word' id='word_1_53' title='bbox 907 1243 1066 1327; x_wconf 84' lang='lat' dir='ltr'><strong>cupidus.</strong></span> <span class='ocrx_word' id='word_1_54' title='bbox 1111 1246 1198 1309; x_wconf 83' lang='lat' dir='ltr'><strong>Cato</strong></span> 
     </span>
     <span class='ocr_line' id='line_1_10' title="bbox 149 1345 822 1437; baseline 0.003 -30"><span class='ocrx_word' id='word_1_55' title='bbox 149 1345 186 1407; x_wconf 86' lang='lat' dir='ltr'><strong>iu</strong></span> <span class='ocrx_word' id='word_1_56' title='bbox 209 1367 263 1420; x_wconf 85' lang='lat' dir='ltr'><strong>ea,</strong></span> <span class='ocrx_word' id='word_1_57' title='bbox 287 1367 376 1430; x_wconf 78' lang='lat' dir='ltr'><strong>quac</strong></span> <span class='ocrx_word' id='word_1_58' title='bbox 399 1357 452 1409; x_wconf 81' lang='lat' dir='ltr'><strong>cst</strong></span> <span class='ocrx_word' id='word_1_59' title='bbox 473 1348 514 1410; x_wconf 82' lang='lat' dir='ltr'><strong>dc</strong></span> <span class='ocrx_word' id='word_1_60' title='bbox 525 1345 654 1437; x_wconf 81' lang='lat' dir='ltr'><strong>fundo</strong></span> <span class='ocrx_word' id='word_1_61' title='bbox 677 1347 822 1411; x_wconf 80' lang='lat' dir='ltr'><strong>oleario.</strong></span> 
     </span>
    </p>
   </div>
   <div class='ocr_carea' id='block_1_3' title="bbox 183 1455 735 1549">
    <p class='ocr_par' dir='ltr' id='par_1_5' title="bbox 183 1455 735 1549">
     <span class='ocr_line' id='line_1_11' title="bbox 183 1455 735 1549; baseline 0.004 -15"><span class='ocrx_word' id='word_1_62' title='bbox 183 1487 371 1549; x_wconf 78' lang='lat' dir='ltr'><strong>pulchrulibus]</strong></span> <span class='ocrx_word' id='word_1_63' title='bbox 402 1505 446 1545; x_wconf 76' lang='lat' dir='ltr'><strong>pro</strong></span> <span class='ocrx_word' id='word_1_64' title='bbox 471 1492 585 1547; x_wconf 77' lang='lat' dir='ltr'><strong>pulchris.</strong></span> <span class='ocrx_word' id='word_1_65' title='bbox 625 1455 735 1536; x_wconf 83' lang='lat' dir='ltr'><strong>Psuitus.</strong></span> 
     </span>
    </p>
   </div>
   <div class='ocr_carea' id='block_1_4' title="bbox 186 1613 824 1676">
    <p class='ocr_par' dir='ltr' id='par_1_6' title="bbox 186 1613 824 1676">
     <span class='ocr_line' id='line_1_12' title="bbox 186 1613 824 1676; baseline 0.003 -17"><span class='ocrx_word' id='word_1_66' title='bbox 186 1613 303 1674; x_wconf 73' lang='lat' dir='ltr'><strong>cupidas]</strong></span> <span class='ocrx_word' id='word_1_67' title='bbox 334 1613 455 1676; x_wconf 78' lang='lat' dir='ltr'><strong>capidiis.</strong></span> <span class='ocrx_word' id='word_1_68' title='bbox 494 1615 596 1663; x_wconf 81' lang='lat' dir='ltr'><strong>Ursinus</strong></span> <span class='ocrx_word' id='word_1_69' title='bbox 618 1617 688 1674; x_wconf 78' lang='lat' dir='ltr'><strong>prob.</strong></span> <span class='ocrx_word' id='word_1_70' title='bbox 708 1617 824 1663; x_wconf 78' lang='lat' dir='ltr'><strong>Mttltero.</strong></span> 
     </span>
    </p>
   </div>
   <div class='ocr_carea' id='block_1_5' title="bbox 366 1845 983 1920">
    <p class='ocr_par' dir='ltr' id='par_1_7' title="bbox 366 1845 983 1920">
     <span class='ocr_line' id='line_1_13' title="bbox 366 1845 983 1920; baseline 0 -16"><span class='ocrx_word' id='word_1_71' title='bbox 366 1845 414 1904; x_wconf 74' lang='grc'><strong>16.</strong></span> <span class='ocrx_word' id='word_1_72' title='bbox 444 1847 544 1906; x_wconf 82' lang='lat' dir='ltr'><strong>Oratio</strong></span> <span class='ocrx_word' id='word_1_73' title='bbox 565 1849 602 1906; x_wconf 85' lang='lat' dir='ltr'><strong>ds</strong></span> <span class='ocrx_word' id='word_1_74' title='bbox 619 1863 694 1920; x_wconf 72' lang='lat' dir='ltr'><strong>agan</strong></span> <span class='ocrx_word' id='word_1_75' title='bbox 714 1853 809 1906; x_wconf 76' lang='lat' dir='ltr'><strong>masta</strong></span> <span class='ocrx_word' id='word_1_76' title='bbox 826 1849 983 1919; x_wconf 80' lang='lat' dir='ltr'><strong>pascenda.</strong></span> 
     </span>
    </p>
   </div>
   <div class='ocr_carea' id='block_1_6' title="bbox 152 1975 1203 2372">
    <p class='ocr_par' dir='ltr' id='par_1_8' title="bbox 152 1975 1202 2166">
     <span class='ocr_line' id='line_1_14' title="bbox 217 1975 1202 2065; baseline 0.002 -25"><span class='ocrx_word' id='word_1_77' title='bbox 217 1975 298 2040; x_wconf 82' lang='lat' dir='ltr'><strong>Eam</strong></span> <span class='ocrx_word' id='word_1_78' title='bbox 324 1975 409 2040; x_wconf 81' lang='lat' dir='ltr'><strong>inter</strong></span> <span class='ocrx_word' id='word_1_79' title='bbox 432 1977 598 2044; x_wconf 79' lang='lat' dir='ltr'><strong>censorias</strong></span> <span class='ocrx_word' id='word_1_80' title='bbox 627 1979 740 2054; x_wconf 80' lang='lat' dir='ltr'><strong>retuli,</strong></span> <span class='ocrx_word' id='word_1_81' title='bbox 773 1982 901 2055; x_wconf 80' lang='lat' dir='ltr'><strong>cadem,</strong></span> <span class='ocrx_word' id='word_1_82' title='bbox 930 2001 992 2065; x_wconf 82' lang='lat' dir='ltr'><strong>qua</strong></span> <span class='ocrx_word' id='word_1_83' title='bbox 1017 1979 1048 2042; x_wconf 89' lang='lat' dir='ltr'><strong>ia</strong></span> <span class='ocrx_word' id='word_1_84' title='bbox 1070 1999 1202 2061; x_wconf 78' lang='lat' dir='ltr'><strong>praecc-</strong></span> 
     </span>
     <span class='ocr_line' id='line_1_15' title="bbox 152 2077 1038 2166; baseline 0.007 -26"><span class='ocrx_word' id='word_1_85' title='bbox 152 2077 251 2155; x_wconf 82' lang='lat' dir='ltr'><strong>dsnti‚</strong></span> <span class='ocrx_word' id='word_1_86' title='bbox 279 2079 404 2144; x_wconf 79' lang='lat' dir='ltr'><strong>catione</strong></span> <span class='ocrx_word' id='word_1_87' title='bbox 429 2083 554 2145; x_wconf 88' lang='lat' dir='ltr'><strong>ductus.</strong></span> <span class='ocrx_word' id='word_1_88' title='bbox 584 2081 677 2147; x_wconf 80' lang='lat' dir='ltr'><strong>Dixit</strong></span> <span class='ocrx_word' id='word_1_89' title='bbox 704 2085 743 2146; x_wconf 86' lang='lat' dir='ltr'><strong>dc</strong></span> <span class='ocrx_word' id='word_1_90' title='bbox 767 2103 843 2145; x_wconf 82' lang='lat' dir='ltr'><strong>cuca</strong></span> <span class='ocrx_word' id='word_1_91' title='bbox 868 2103 1038 2166; x_wconf 82' lang='lat' dir='ltr'><strong>agnorum.</strong></span> 
     </span>
    </p>

    <p class='ocr_par' dir='ltr' id='par_1_9' title="bbox 153 2181 1203 2372">
     <span class='ocr_line' id='line_1_16' title="bbox 218 2181 1203 2268; baseline 0.003 -24"><span class='ocrx_word' id='word_1_92' title='bbox 218 2181 405 2245; x_wconf 78' lang='lat' dir='ltr'>Priscianus</span> <span class='ocrx_word' id='word_1_93' title='bbox 431 2185 474 2246; x_wconf 88' lang='lat' dir='ltr'><strong>T.</strong></span> <span class='ocrx_word' id='word_1_94' title='bbox 501 2185 532 2247; x_wconf 85' lang='lat'><strong>1.</strong></span> <span class='ocrx_word' id='word_1_95' title='bbox 560 2207 594 2267; x_wconf 93' lang='lat' dir='ltr'><strong>p.</strong></span> <span class='ocrx_word' id='word_1_96' title='bbox 619 2185 694 2249; x_wconf 82' lang='grc'><strong>268.</strong></span> <span class='ocrx_word' id='word_1_97' title='bbox 731 2188 820 2251; x_wconf 86' lang='lat' dir='ltr'><strong>Cato</strong></span> <span class='ocrx_word' id='word_1_98' title='bbox 840 2185 1018 2250; x_wconf 84' lang='lat' dir='ltr'><strong>censorius</strong></span> <span class='ocrx_word' id='word_1_99' title='bbox 1041 2183 1083 2247; x_wconf 79' lang='lat' dir='ltr'><strong>ds</strong></span> <span class='ocrx_word' id='word_1_100' title='bbox 1108 2205 1203 2268; x_wconf 84' lang='lat' dir='ltr'><strong>agna</strong></span> 
     </span>
     <span class='ocr_line' id='line_1_17' title="bbox 153 2285 1006 2372; baseline 0.005 -27"><span class='ocrx_word' id='word_1_101' title='bbox 153 2295 269 2346; x_wconf 82' lang='lat' dir='ltr'><strong>musta</strong></span> <span class='ocrx_word' id='word_1_102' title='bbox 285 2285 462 2368; x_wconf 81' lang='lat' dir='ltr'><strong>pascenda</strong></span> <span class='ocrx_word' id='word_1_103' title='bbox 487 2297 587 2350; x_wconf 79' lang='lat' dir='ltr'><strong>inusta</strong></span> <span class='ocrx_word' id='word_1_104' title='bbox 613 2307 695 2372; x_wconf 82' lang='lat' dir='ltr'><strong>agna</strong></span> <span class='ocrx_word' id='word_1_105' title='bbox 717 2308 779 2370; x_wconf 80' lang='lat' dir='ltr'><strong>pro</strong></span> <span class='ocrx_word' id='word_1_106' title='bbox 803 2307 887 2351; x_wconf 80' lang='lat' dir='ltr'><strong>aava</strong></span> <span class='ocrx_word' id='word_1_107' title='bbox 910 2285 1006 2350; x_wconf 82' lang='lat' dir='ltr'><strong>dixit.</strong></span> 
     </span>
    </p>
   </div>
   <div class='ocr_carea' id='block_1_7' title="bbox 188 2427 1203 2930">
    <p class='ocr_par' dir='ltr' id='par_1_10' title="bbox 188 2427 1203 2930">
     <span class='ocr_line' id='line_1_18' title="bbox 188 2427 1201 2492; baseline 0.002 -20"><span class='ocrx_word' id='word_1_108' title='bbox 188 2427 281 2488; x_wconf 85' lang='lat' dir='ltr'><strong>musta]</strong></span> <span class='ocrx_word' id='word_1_109' title='bbox 312 2427 414 2475; x_wconf 73' lang='lat' dir='ltr'><strong>Mantus</strong></span> <span class='ocrx_word' id='word_1_110' title='bbox 436 2445 529 2492; x_wconf 76' lang='lat' dir='ltr'><strong>quoquc</strong></span> <span class='ocrx_word' id='word_1_111' title='bbox 555 2433 631 2478; x_wconf 79' lang='lat' dir='ltr'><strong>musti</strong></span> <span class='ocrx_word' id='word_1_112' title='bbox 655 2433 755 2491; x_wconf 74' lang='lat' dir='ltr'><strong>excipit</strong></span> <span class='ocrx_word' id='word_1_113' title='bbox 776 2431 893 2486; x_wconf 82' lang='lat' dir='ltr'><strong>Probus,</strong></span> <span class='ocrx_word' id='word_1_114' title='bbox 920 2430 985 2492; x_wconf 80' lang='lat' dir='ltr'><strong>quod</strong></span> <span class='ocrx_word' id='word_1_115' title='bbox 1006 2438 1090 2476; x_wconf 77' lang='lat' dir='ltr'><strong>tamen</strong></span> <span class='ocrx_word' id='word_1_116' title='bbox 1113 2431 1201 2476; x_wconf 78' lang='lat' dir='ltr'><em>mobile</em></span> 
     </span>
     <span class='ocr_line' id='line_1_19' title="bbox 224 2508 1203 2580; baseline 0 -19"><span class='ocrx_word' id='word_1_117' title='bbox 224 2515 322 2562; x_wconf 74' lang='lat' dir='ltr'><strong>videtur</strong></span> <span class='ocrx_word' id='word_1_118' title='bbox 334 2553 342 2576; x_wconf 92' lang='lat'><em>,</em></span> <span class='ocrx_word' id='word_1_119' title='bbox 372 2531 428 2563; x_wconf 88' lang='lat' dir='ltr'><strong>cum</strong></span> <span class='ocrx_word' id='word_1_120' title='bbox 450 2525 546 2564; x_wconf 78' lang='lat' dir='ltr'><strong>tetes-ss</strong></span> <span class='ocrx_word' id='word_1_121' title='bbox 569 2527 593 2566; x_wconf 85' lang='lat' dir='ltr'><strong>st</strong></span> <span class='ocrx_word' id='word_1_122' title='bbox 605 2515 749 2580; x_wconf 80' lang='lat' dir='ltr'><strong>foeminino</strong></span> <span class='ocrx_word' id='word_1_123' title='bbox 770 2528 796 2565; x_wconf 81' lang='lat' dir='ltr'><strong>st</strong></span> <span class='ocrx_word' id='word_1_124' title='bbox 817 2525 906 2564; x_wconf 82' lang='lat' dir='ltr'><strong>neutro</strong></span> <span class='ocrx_word' id='word_1_125' title='bbox 926 2531 1022 2580; x_wconf 73' lang='lat' dir='ltr'><strong>genere</strong></span> <span class='ocrx_word' id='word_1_126' title='bbox 1044 2508 1203 2564; x_wconf 80' lang='lat' dir='ltr'><strong>inveniuntur</strong></span> 
     </span>
     <span class='ocr_line' id='line_1_20' title="bbox 224 2603 1202 2665; baseline 0 -16"><span class='ocrx_word' id='word_1_127' title='bbox 224 2604 270 2649; x_wconf 77' lang='lat' dir='ltr'><strong>isac</strong></span> <span class='ocrx_word' id='word_1_128' title='bbox 288 2605 428 2664; x_wconf 76' lang='lat' dir='ltr'><strong>protulisse</strong></span> <span class='ocrx_word' id='word_1_129' title='bbox 443 2621 493 2665; x_wconf 81' lang='lat' dir='ltr'><strong>pro</strong></span> <span class='ocrx_word' id='word_1_130' title='bbox 509 2619 600 2663; x_wconf 71' lang='lat' dir='ltr'><strong>natm,</strong></span> <span class='ocrx_word' id='word_1_131' title='bbox 619 2621 691 2662; x_wconf 76' lang='lat' dir='ltr'><strong>uasa,</strong></span> <span class='ocrx_word' id='word_1_132' title='bbox 712 2619 809 2653; x_wconf 81' lang='lat' dir='ltr'><strong>nasum.</strong></span> <span class='ocrx_word' id='word_1_133' title='bbox 838 2607 988 2652; x_wconf 70' lang='lat' dir='ltr'><strong>Priscianus.</strong></span> <span class='ocrx_word' id='word_1_134' title='bbox 1025 2603 1137 2652; x_wconf 68' lang='lat' dir='ltr'><strong>Mantum</strong></span> <span class='ocrx_word' id='word_1_135' title='bbox 1153 2617 1202 2650; x_wconf 85' lang='lat' dir='ltr'><strong>uon</strong></span> 
     </span>
     <span class='ocr_line' id='line_1_21' title="bbox 225 2693 1202 2755; baseline -0.001 -16"><span class='ocrx_word' id='word_1_136' title='bbox 225 2693 306 2739; x_wconf 79' lang='lat' dir='ltr'><strong>salam</strong></span> <span class='ocrx_word' id='word_1_137' title='bbox 330 2695 434 2749; x_wconf 79' lang='lat' dir='ltr'><strong>sinum,</strong></span> <span class='ocrx_word' id='word_1_138' title='bbox 460 2708 546 2741; x_wconf 74' lang='lat' dir='ltr'><strong>sss-um</strong></span> <span class='ocrx_word' id='word_1_139' title='bbox 564 2697 687 2742; x_wconf 79' lang='lat' dir='ltr'><strong>unssllum</strong></span> <span class='ocrx_word' id='word_1_140' title='bbox 708 2694 830 2755; x_wconf 76' lang='lat' dir='ltr'><strong>quidquid</strong></span> <span class='ocrx_word' id='word_1_141' title='bbox 847 2701 898 2749; x_wconf 78' lang='lat' dir='ltr'><strong>cst,</strong></span> <span class='ocrx_word' id='word_1_142' title='bbox 923 2699 989 2738; x_wconf 78' lang='lat' dir='ltr'><strong>rscts</strong></span> <span class='ocrx_word' id='word_1_143' title='bbox 1008 2693 1114 2740; x_wconf 75' lang='lat' dir='ltr'><strong>dicitur.</strong></span> <span class='ocrx_word' id='word_1_144' title='bbox 1154 2693 1202 2740; x_wconf 79' lang='lat' dir='ltr'><strong>No·</strong></span> 
     </span>
     <span class='ocr_line' id='line_1_22' title="bbox 225 2777 1203 2850; baseline 0.004 -24"><span class='ocrx_word' id='word_1_145' title='bbox 225 2783 278 2828; x_wconf 84' lang='lat' dir='ltr'><strong>nius</strong></span> <span class='ocrx_word' id='word_1_146' title='bbox 298 2796 313 2837; x_wconf 87' lang='lat' dir='ltr'><strong>p</strong></span> <span class='ocrx_word' id='word_1_147' title='bbox 344 2778 403 2833; x_wconf 82' lang='lat'><strong>136.</strong></span> <span class='ocrx_word' id='word_1_148' title='bbox 440 2780 500 2828; x_wconf 77' lang='lat' dir='ltr'><strong>Cata</strong></span> <span class='ocrx_word' id='word_1_149' title='bbox 522 2786 654 2830; x_wconf 73' lang='lat' dir='ltr'><strong>censorius</strong></span> <span class='ocrx_word' id='word_1_150' title='bbox 676 2799 771 2846; x_wconf 83' lang='lat' dir='ltr'><strong>agnam</strong></span> <span class='ocrx_word' id='word_1_151' title='bbox 790 2790 898 2830; x_wconf 80' lang='lat' dir='ltr'><strong>mustum</strong></span> <span class='ocrx_word' id='word_1_152' title='bbox 913 2797 963 2841; x_wconf 76' lang='lat' dir='ltr'><strong>pro</strong></span> <span class='ocrx_word' id='word_1_153' title='bbox 982 2789 1079 2830; x_wconf 71' lang='lat' dir='ltr'><strong>mussan</strong></span> <span class='ocrx_word' id='word_1_154' title='bbox 1100 2777 1203 2850; x_wconf 71' lang='grc' dir='ltr'><strong>ἀρχαί·</strong></span> 
     </span>
     <span class='ocr_line' id='line_1_23' title="bbox 222 2870 804 2930; baseline 0 -12"><span class='ocrx_word' id='word_1_155' title='bbox 222 2871 278 2930; x_wconf 75' lang='grc' dir='ltr'><strong>ζων</strong></span> <span class='ocrx_word' id='word_1_156' title='bbox 296 2874 382 2918; x_wconf 73' lang='lat' dir='ltr'><strong>scribit</strong></span> <span class='ocrx_word' id='word_1_157' title='bbox 401 2870 497 2916; x_wconf 75' lang='lat' dir='ltr'><strong>Ettcnct</strong></span> <span class='ocrx_word' id='word_1_158' title='bbox 522 2872 550 2918; x_wconf 73' lang='lat' dir='ltr'><strong>sd</strong></span> <span class='ocrx_word' id='word_1_159' title='bbox 573 2874 673 2918; x_wconf 81' lang='lat' dir='ltr'>Brutum</span> <span class='ocrx_word' id='word_1_160' title='bbox 696 2888 719 2930; x_wconf 86' lang='lat' dir='ltr'><strong>p.</strong></span> <span class='ocrx_word' id='word_1_161' title='bbox 742 2872 804 2918; x_wconf 89' lang='grc'><strong>211.</strong></span> 
     </span>
    </p>
   </div>
   <div class='ocr_carea' id='block_1_8' title="bbox 155 2989 1207 3384">
    <p class='ocr_par' dir='ltr' id='par_1_11' title="bbox 155 2989 1203 3178">
     <span class='ocr_line' id='line_1_24' title="bbox 218 2989 1203 3074; baseline -0.004 -20"><span class='ocrx_word' id='word_1_162' title='bbox 218 2990 379 3056; x_wconf 74' lang='lat' dir='ltr'><strong>Priscian.</strong></span> <span class='ocrx_word' id='word_1_163' title='bbox 409 2993 451 3054; x_wconf 87' lang='grc' dir='ltr'><strong>Τ.</strong></span> <span class='ocrx_word' id='word_1_164' title='bbox 474 2996 503 3055; x_wconf 92' lang='grc'><strong>1.</strong></span> <span class='ocrx_word' id='word_1_165' title='bbox 526 3013 560 3073; x_wconf 88' lang='lat' dir='ltr'><strong>p.</strong></span> <span class='ocrx_word' id='word_1_166' title='bbox 584 2993 658 3055; x_wconf 80' lang='grc'><strong>101.</strong></span> <span class='ocrx_word' id='word_1_167' title='bbox 696 2995 783 3057; x_wconf 78' lang='lat' dir='ltr'><strong>ouo</strong></span> <span class='ocrx_word' id='word_1_168' title='bbox 815 2991 857 3054; x_wconf 85' lang='lat' dir='ltr'><strong>dc</strong></span> <span class='ocrx_word' id='word_1_169' title='bbox 887 3010 982 3074; x_wconf 85' lang='lat' dir='ltr'><strong>agna</strong></span> <span class='ocrx_word' id='word_1_170' title='bbox 1010 2989 1203 3072; x_wconf 78' lang='lat' dir='ltr'><strong>pascentia:</strong></span> 
     </span>
     <span class='ocr_line' id='line_1_25' title="bbox 155 3093 845 3178; baseline -0.003 -21"><span class='ocrx_word' id='word_1_171' title='bbox 155 3093 251 3157; x_wconf 80' lang='lat' dir='ltr'><strong>Oiter</strong></span> <span class='ocrx_word' id='word_1_172' title='bbox 272 3115 358 3176; x_wconf 82' lang='lat' dir='ltr'><strong>ager</strong></span> <span class='ocrx_word' id='word_1_173' title='bbox 381 3097 553 3178; x_wconf 76' lang='lat' dir='ltr'><strong>allegatus</strong></span> <span class='ocrx_word' id='word_1_174' title='bbox 574 3093 622 3156; x_wconf 79' lang='lat' dir='ltr'><strong>ad</strong></span> <span class='ocrx_word' id='word_1_175' title='bbox 643 3115 746 3158; x_wconf 85' lang='lat' dir='ltr'><strong>sacra</strong></span> <span class='ocrx_word' id='word_1_176' title='bbox 767 3093 845 3156; x_wconf 82' lang='lat' dir='ltr'><strong>erit.</strong></span> 
     </span>
    </p>

    <p class='ocr_par' dir='ltr' id='par_1_12' title="bbox 155 3193 1207 3384">
     <span class='ocr_line' id='line_1_26' title="bbox 218 3193 1207 3279; baseline -0.006 -19"><span class='ocrx_word' id='word_1_177' title='bbox 218 3194 379 3260; x_wconf 77' lang='lat' dir='ltr'><strong>Priscian.</strong></span> <span class='ocrx_word' id='word_1_178' title='bbox 407 3198 449 3259; x_wconf 88' lang='grc' dir='ltr'><strong>Τ.</strong></span> <span class='ocrx_word' id='word_1_179' title='bbox 476 3201 505 3260; x_wconf 92' lang='grc'><strong>1.</strong></span> <span class='ocrx_word' id='word_1_180' title='bbox 532 3219 566 3279; x_wconf 89' lang='lat' dir='ltr'><strong>p.</strong></span> <span class='ocrx_word' id='word_1_181' title='bbox 598 3197 672 3260; x_wconf 80' lang='lat'><strong>598.</strong></span> <span class='ocrx_word' id='word_1_182' title='bbox 711 3198 798 3260; x_wconf 86' lang='lat' dir='ltr'><strong>Cato</strong></span> <span class='ocrx_word' id='word_1_183' title='bbox 825 3195 866 3258; x_wconf 80' lang='lat' dir='ltr'><strong>dc</strong></span> <span class='ocrx_word' id='word_1_184' title='bbox 892 3215 988 3278; x_wconf 82' lang='lat' dir='ltr'><strong>agna</strong></span> <span class='ocrx_word' id='word_1_185' title='bbox 1011 3193 1207 3277; x_wconf 78' lang='lat' dir='ltr'><strong>pascenda:</strong></span> 
     </span>
     <span class='ocr_line' id='line_1_27' title="bbox 155 3296 984 3384; baseline -0.002 -23"><span class='ocrx_word' id='word_1_186' title='bbox 155 3297 248 3362; x_wconf 75' lang='lat' dir='ltr'><strong>citer</strong></span> <span class='ocrx_word' id='word_1_187' title='bbox 269 3303 358 3383; x_wconf 69' lang='lat' dir='ltr'><strong>ager</strong></span> <span class='ocrx_word' id='word_1_188' title='bbox 381 3301 555 3384; x_wconf 82' lang='lat' dir='ltr'><strong>allegatus</strong></span> <span class='ocrx_word' id='word_1_189' title='bbox 582 3299 630 3362; x_wconf 82' lang='lat' dir='ltr'><strong>ud</strong></span> <span class='ocrx_word' id='word_1_190' title='bbox 653 3319 756 3360; x_wconf 86' lang='lat' dir='ltr'><strong>sacra</strong></span> <span class='ocrx_word' id='word_1_191' title='bbox 782 3296 862 3360; x_wconf 74' lang='lat' dir='ltr'><strong>crit.</strong></span> <span class='ocrx_word' id='word_1_192' title='bbox 983 3312 984 3320; x_wconf 55' lang='lat'>¹</span> 
     </span>
    </p>
   </div>
   <div class='ocr_carea' id='block_1_9' title="bbox 190 3423 1204 3484">
    <p class='ocr_par' dir='ltr' id='par_1_13' title="bbox 190 3423 1204 3484">
     <span class='ocr_line' id='line_1_28' title="bbox 190 3423 1204 3484; baseline -0.002 -16"><span class='ocrx_word' id='word_1_193' title='bbox 190 3423 263 3484; x_wconf 74' lang='lat' dir='ltr'><strong>citer]</strong></span> <span class='ocrx_word' id='word_1_194' title='bbox 295 3428 312 3474; x_wconf 80' lang='lat' dir='ltr'><strong>i.</strong></span> <span class='ocrx_word' id='word_1_195' title='bbox 335 3440 357 3470; x_wconf 81' lang='lat' dir='ltr'><strong>s.</strong></span> <span class='ocrx_word' id='word_1_196' title='bbox 383 3439 449 3484; x_wconf 77' lang='lat' dir='ltr'><strong>agni,</strong></span> <span class='ocrx_word' id='word_1_197' title='bbox 474 3430 513 3483; x_wconf 84' lang='lat' dir='ltr'><strong>qui</strong></span> <span class='ocrx_word' id='word_1_198' title='bbox 538 3427 597 3471; x_wconf 76' lang='lat' dir='ltr'><strong>citt-s</strong></span> <span class='ocrx_word' id='word_1_199' title='bbox 620 3432 665 3480; x_wconf 81' lang='lat' dir='ltr'><strong>est,</strong></span> <span class='ocrx_word' id='word_1_200' title='bbox 689 3437 813 3470; x_wconf 74' lang='lat' dir='ltr'><strong>succorum</strong></span> <span class='ocrx_word' id='word_1_201' title='bbox 832 3430 924 3468; x_wconf 83' lang='lat' dir='ltr'><strong>sumtus</strong></span> <span class='ocrx_word' id='word_1_202' title='bbox 948 3423 1043 3468; x_wconf 83' lang='lat' dir='ltr'><strong>isvnbit.</strong></span> <span class='ocrx_word' id='word_1_203' title='bbox 1072 3423 1204 3468; x_wconf 76' lang='lat' dir='ltr'><strong>Mnisnsius</strong></span> 
     </span>
    </p>
   </div>
   <div class='ocr_carea' id='block_1_10' title="bbox 224 3510 1205 3664">
    <p class='ocr_par' dir='ltr' id='par_1_14' title="bbox 224 3510 1205 3664">
     <span class='ocr_line' id='line_1_29' title="bbox 224 3510 1205 3574; baseline -0.004 -16"><span class='ocrx_word' id='word_1_204' title='bbox 224 3514 295 3558; x_wconf 82' lang='lat' dir='ltr'><strong>siitcs·</strong></span> <span class='ocrx_word' id='word_1_205' title='bbox 318 3515 490 3569; x_wconf 69' lang='lat' dir='ltr'><strong>interpretatus</strong></span> <span class='ocrx_word' id='word_1_206' title='bbox 511 3528 536 3570; x_wconf 86' lang='lat' dir='ltr'><strong>p.</strong></span> <span class='ocrx_word' id='word_1_207' title='bbox 556 3510 604 3559; x_wconf 69' lang='lat' dir='ltr'><strong>ii:</strong></span> <span class='ocrx_word' id='word_1_208' title='bbox 635 3511 718 3574; x_wconf 74' lang='lat' dir='ltr'><strong>„Cata</strong></span> <span class='ocrx_word' id='word_1_209' title='bbox 742 3514 851 3572; x_wconf 72' lang='lat' dir='ltr'><strong>loquitur</strong></span> <span class='ocrx_word' id='word_1_210' title='bbox 879 3511 909 3558; x_wconf 81' lang='lat' dir='ltr'><strong>ds</strong></span> <span class='ocrx_word' id='word_1_211' title='bbox 938 3523 1022 3572; x_wconf 79' lang='lat' dir='ltr'><strong>agra,</strong></span> <span class='ocrx_word' id='word_1_212' title='bbox 1052 3523 1099 3569; x_wconf 82' lang='lat' dir='ltr'><strong>qua</strong></span> <span class='ocrx_word' id='word_1_213' title='bbox 1127 3523 1205 3556; x_wconf 80' lang='lat' dir='ltr'><strong>sacra</strong></span> 
     </span>
     <span class='ocr_line' id='line_1_30' title="bbox 225 3597 480 3664; baseline 0 -18"><span class='ocrx_word' id='word_1_214' title='bbox 225 3599 309 3664; x_wconf 74' lang='lat' dir='ltr'><strong>„fleri</strong></span> <span class='ocrx_word' id='word_1_215' title='bbox 329 3597 480 3649; x_wconf 78' lang='lat' dir='ltr'><strong>deberent.“</strong></span> 
     </span>
    </p>
   </div>
   <div class='ocr_carea' id='block_1_11' title="bbox 156 3715 1206 4110">
    <p class='ocr_par' dir='ltr' id='par_1_15' title="bbox 156 3715 1206 4008">
     <span class='ocr_line' id='line_1_31' title="bbox 219 3715 1206 3804; baseline -0.004 -22"><span class='ocrx_word' id='word_1_216' title='bbox 219 3721 333 3784; x_wconf 82' lang='lat' dir='ltr'><strong>Festus</strong></span> <span class='ocrx_word' id='word_1_217' title='bbox 355 3743 391 3804; x_wconf 88' lang='lat' dir='ltr'><strong>p.</strong></span> <span class='ocrx_word' id='word_1_218' title='bbox 420 3721 494 3785; x_wconf 83' lang='grc'><strong>212.</strong></span> <span class='ocrx_word' id='word_1_219' title='bbox 529 3722 730 3802; x_wconf 82' lang='lat' dir='ltr'><strong>(Puscuulcs</strong></span> <span class='ocrx_word' id='word_1_220' title='bbox 752 3741 830 3785; x_wconf 84' lang='lat' dir='ltr'><strong>oves</strong></span> <span class='ocrx_word' id='word_1_221' title='bbox 855 3717 997 3801; x_wconf 79' lang='lat' dir='ltr'><strong>pascales</strong></span> <span class='ocrx_word' id='word_1_222' title='bbox 1021 3715 1206 3797; x_wconf 58' lang='lat' dir='ltr'><strong>inspienter</strong></span> 
     </span>
     <span class='ocr_line' id='line_1_32' title="bbox 157 3819 1206 3909; baseline -0.01 -23"><span class='ocrx_word' id='word_1_223' title='bbox 157 3824 243 3886; x_wconf 80' lang='lat' dir='ltr'><strong>Cato</strong></span> <span class='ocrx_word' id='word_1_224' title='bbox 267 3823 360 3888; x_wconf 79' lang='lat' dir='ltr'><strong>dixit</strong></span> <span class='ocrx_word' id='word_1_225' title='bbox 384 3825 421 3887; x_wconf 88' lang='lat' dir='ltr'><strong>in</strong></span> <span class='ocrx_word' id='word_1_226' title='bbox 450 3845 511 3900; x_wconf 85' lang='lat' dir='ltr'><strong>ea,</strong></span> <span class='ocrx_word' id='word_1_227' title='bbox 548 3825 669 3909; x_wconf 78' lang='lat' dir='ltr'><strong>(quam</strong></span> <span class='ocrx_word' id='word_1_228' title='bbox 698 3823 838 3906; x_wconf 79' lang='lat' dir='ltr'><strong>scripsit</strong></span> <span class='ocrx_word' id='word_1_229' title='bbox 868 3823 909 3884; x_wconf 84' lang='lat' dir='ltr'><strong>ds</strong></span> <span class='ocrx_word' id='word_1_230' title='bbox 935 3833 1050 3884; x_wconf 87' lang='lat' dir='ltr'><strong>musta</strong></span> <span class='ocrx_word' id='word_1_231' title='bbox 1076 3819 1206 3901; x_wconf 81' lang='lat' dir='ltr'><strong>agna).·</strong></span> 
     </span>
     <span class='ocr_line' id='line_1_33' title="bbox 156 3924 652 4008; baseline 0.002 -21"><span class='ocrx_word' id='word_1_232' title='bbox 156 3924 238 4006; x_wconf 81' lang='lat' dir='ltr'><strong>(ati)</strong></span> <span class='ocrx_word' id='word_1_233' title='bbox 256 3926 411 4008; x_wconf 82' lang='lat' dir='ltr'><strong>pascalis</strong></span> <span class='ocrx_word' id='word_1_234' title='bbox 436 3927 509 3990; x_wconf 86' lang='lat' dir='ltr'><strong>ovis</strong></span> <span class='ocrx_word' id='word_1_235' title='bbox 532 3927 652 3990; x_wconf 82' lang='lat' dir='ltr'><strong>vetuit.</strong></span> 
     </span>
    </p>

    <p class='ocr_par' dir='ltr' id='par_1_16' title="bbox 189 4048 1111 4110">
     <span class='ocr_line' id='line_1_34' title="bbox 189 4048 1111 4110; baseline -0.008 -16"><span class='ocrx_word' id='word_1_236' title='bbox 189 4050 336 4110; x_wconf 77' lang='lat' dir='ltr'><strong>pascuales]</strong></span> <span class='ocrx_word' id='word_1_237' title='bbox 364 4054 484 4110; x_wconf 80' lang='lat' dir='ltr'><strong>pascales</strong></span> <span class='ocrx_word' id='word_1_238' title='bbox 504 4065 560 4098; x_wconf 75' lang='lat' dir='ltr'><strong>nass</strong></span> <span class='ocrx_word' id='word_1_239' title='bbox 581 4049 641 4098; x_wconf 80' lang='lat' dir='ltr'><strong>Cato</strong></span> <span class='ocrx_word' id='word_1_240' title='bbox 659 4052 747 4110; x_wconf 79' lang='lat' dir='ltr'><strong>posuit</strong></span> <span class='ocrx_word' id='word_1_241' title='bbox 766 4063 814 4108; x_wconf 79' lang='lat' dir='ltr'><strong>pro</strong></span> <span class='ocrx_word' id='word_1_242' title='bbox 829 4049 976 4107; x_wconf 82' lang='lat' dir='ltr'><strong>pascuales.</strong></span> <span class='ocrx_word' id='word_1_243' title='bbox 1015 4048 1111 4090; x_wconf 73' lang='lat' dir='ltr'><strong>Paulus.</strong></span> 
     </span>
    </p>
   </div>
   <div class='ocr_carea' id='block_1_12' title="bbox 193 4149 1207 4382">
    <p class='ocr_par' dir='ltr' id='par_1_17' title="bbox 193 4149 1207 4382">
     <span class='ocr_line' id='line_1_35' title="bbox 193 4149 1206 4220; baseline -0.009 -19"><span class='ocrx_word' id='word_1_244' title='bbox 193 4171 267 4216; x_wconf 81' lang='lat' dir='ltr'><strong>quam</strong></span> <span class='ocrx_word' id='word_1_245' title='bbox 288 4159 396 4217; x_wconf 79' lang='lat' dir='ltr'><strong>scripsit</strong></span> <span class='ocrx_word' id='word_1_246' title='bbox 416 4157 446 4204; x_wconf 79' lang='lat' dir='ltr'><strong>ds</strong></span> <span class='ocrx_word' id='word_1_247' title='bbox 469 4165 553 4204; x_wconf 87' lang='lat' dir='ltr'><strong>musta</strong></span> <span class='ocrx_word' id='word_1_248' title='bbox 574 4157 655 4220; x_wconf 81' lang='lat' dir='ltr'><strong>agna]</strong></span> <span class='ocrx_word' id='word_1_249' title='bbox 688 4160 755 4203; x_wconf 84' lang='lat' dir='ltr'><strong>Hunc</strong></span> <span class='ocrx_word' id='word_1_250' title='bbox 776 4157 839 4201; x_wconf 76' lang='lat' dir='ltr'><strong>Festi</strong></span> <span class='ocrx_word' id='word_1_251' title='bbox 860 4157 938 4197; x_wconf 86' lang='lat' dir='ltr'><strong>locum</strong></span> <span class='ocrx_word' id='word_1_252' title='bbox 961 4151 1063 4195; x_wconf 75' lang='lat' dir='ltr'><strong>crationi</strong></span> <span class='ocrx_word' id='word_1_253' title='bbox 1086 4149 1115 4193; x_wconf 80' lang='lat' dir='ltr'><strong>ds</strong></span> <span class='ocrx_word' id='word_1_254' title='bbox 1138 4163 1206 4210; x_wconf 81' lang='lat' dir='ltr'><strong>agna</strong></span> 
     </span>
     <span class='ocr_line' id='line_1_36' title="bbox 226 4236 1207 4305; baseline -0.015 -17"><span class='ocrx_word' id='word_1_255' title='bbox 226 4251 310 4292; x_wconf 83' lang='lat' dir='ltr'><strong>musta</strong></span> <span class='ocrx_word' id='word_1_256' title='bbox 328 4245 460 4305; x_wconf 82' lang='lat' dir='ltr'><strong>pascenda</strong></span> <span class='ocrx_word' id='word_1_257' title='bbox 481 4247 635 4292; x_wconf 81' lang='lat' dir='ltr'><strong>insscsadum</strong></span> <span class='ocrx_word' id='word_1_258' title='bbox 654 4261 708 4292; x_wconf 81' lang='lat' dir='ltr'><strong>csse</strong></span> <span class='ocrx_word' id='word_1_259' title='bbox 720 4279 726 4302; x_wconf 90' lang='lat'>‚</span> <span class='ocrx_word' id='word_1_260' title='bbox 749 4247 772 4290; x_wconf 85' lang='lat' dir='ltr'><strong>in</strong></span> <span class='ocrx_word' id='word_1_261' title='bbox 794 4243 898 4290; x_wconf 72' lang='lat' dir='ltr'><strong>editions</strong></span> <span class='ocrx_word' id='word_1_262' title='bbox 920 4239 1002 4294; x_wconf 76' lang='lat' dir='ltr'><strong>prinas</strong></span> <span class='ocrx_word' id='word_1_263' title='bbox 1023 4236 1081 4282; x_wconf 82' lang='lat' dir='ltr'><strong>dixi.</strong></span> <span class='ocrx_word' id='word_1_264' title='bbox 1120 4242 1207 4283; x_wconf 74' lang='lat' dir='ltr'><strong>Asson.</strong></span> 
     </span>
     <span class='ocr_line' id='line_1_37' title="bbox 228 4333 511 4382; baseline 0.007 -5"><span class='ocrx_word' id='word_1_265' title='bbox 228 4333 286 4378; x_wconf 81' lang='lat' dir='ltr'><strong>titus·</strong></span> <span class='ocrx_word' id='word_1_266' title='bbox 306 4333 336 4378; x_wconf 87' lang='lat' dir='ltr'><strong>G.</strong></span> <span class='ocrx_word' id='word_1_267' title='bbox 350 4333 391 4382; x_wconf 74' lang='lat'><strong>0.</strong></span> <span class='ocrx_word' id='word_1_268' title='bbox 410 4335 511 4380; x_wconf 74' lang='lat' dir='ltr'><strong>stultu.</strong></span> 
     </span>
    </p>
   </div>
   <div class='ocr_carea' id='block_1_13' title="bbox 0 0 1500 4844">
    <p class='ocr_par' dir='ltr' id='par_1_18' title="bbox 0 0 1500 4844">
     <span class='ocr_line' id='line_1_38' title="bbox 0 0 1500 4844; baseline 0 0"><span class='ocrx_word' id='word_1_269' title='bbox 0 0 1500 4844; x_wconf 95' lang='lat' dir='ltr'><strong> </strong></span> 
     </span>
    </p>
   </div>
  </div>
 </body>
</html>
