2966 4842
180 552 352 647 futurae]
377 583 415 596 -
438 557 603 618 Deuoto
630 551 671 616 de
698 551 855 616 oratione
884 553 1038 634 Augusti
1063 555 1237 618 tronalato

190 669 242 720 est
263 656 402 731 locutio,
425 677 529 740 prum
550 653 672 722 babuit
691 654 728 717 in
750 652 948 718 laudatione
961 651 1114 742 fianeris
1134 657 1237 720 Mor·

192 760 278 836 nelli,
302 780 380 822 eum
402 760 543 833 diceret,
577 757 674 820 illum
710 756 917 819 immaturae
948 756 1052 820 morti
1078 757 1238 822 deuotum

179 860 316 952 fuisse.
483 855 487 860 ’

217 1010 219 1014 -
255 965 421 1033 Plutarch.
435 962 587 1028 Marcell.
605 963 657 1028 30.
676 961 793 1039 refert,
817 961 897 1026 alios
917 971 1067 1024 auctores
1081 957 1237 1037 scribere,

194 1066 407 1132 Hannibalem
428 1088 501 1130 ossa
520 1064 705 1130 etcinerem
721 1065 775 1131 M.
792 1062 917 1130 Claudii
939 1060 1091 1128 Marcelli
1112 1083 1172 1147 per
1190 1060 1239 1126 in·

192 1166 287 1230 sidias
309 1165 470 1231 interemti
494 1166 624 1251 (proavi
639 1167 806 1245 Marcelli,
829 1167 970 1250 Augusti
984 1160 1125 1248 nepotis)
1147 1163 1239 1228 Mar-

194 1271 276 1333 cello
298 1269 367 1332 filio
386 1289 445 1351 per
465 1267 601 1332 nuncios
629 1269 814 1344 tradidisse,
837 1268 917 1332 alios
942 1289 1024 1331 vero
1049 1266 1082 1329 id
1107 1286 1239 1348 negare.

191 1371 298 1436 ταῦτα
337 1367 398 1458 μὲν
427 1357 486 1436 οὗν
509 1373 541 1434 οἱ
567 1373 640 1456 περὶ
658 1364 847 1458 Κορνήλιον
866 1365 1010 1435 Νέπωτα
1028 1373 1083 1434 καλ
1114 1363 1237 1434 Οὐαλέ-

191 1497 263 1563 ριον
285 1467 441 1558 Μάξιμον
464 1465 674 1559 ἱστορήκασι,
708 1472 829 1558 Λίβιος
860 1473 895 1536 tt
935 1475 990 1536 καὶ
1014 1473 1185 1559 Καῖσαρ
1216 1461 1234 1535 ὁ

192 1569 432 1662 Σεβαστὸς
464 1572 672 1660 κομισθῆναι
700 1569 760 1656 τήν
791 1568 908 1663 ὑδρίαν
947 1569 1030 1662 πρὸς
1065 1568 1122 1639 τὸν
1164 1566 1238 1639 dedo

191 1673 343 1766 εἰρήκασι
362 1683 418 1743 καί
436 1677 586 1768 ταφῆναι
607 1676 773 1766 λαμπρῶς.

226 1814 379 1892 Καϊσαρό
400 1817 563 1884 Σεβαστὸς]
600 1824 624 1868 in
643 1823 780 1868 laudatione
797 1821 893 1866 funebri
911 1821 1022 1867 Marcelli
1044 1821 1137 1890 nepotis
1155 1821 1178 1865 id
1188 1821 1237 1866 An·

261 1917 356 1969 gustum
373 1912 496 1966 retulisse,
517 1911 611 1958 liseran
631 1913 659 1957 da
676 1910 794 1959 Fontibus
811 1909 935 1958 Plutarchi
953 1923 977 1966 p.
999 1905 1049 1953 att
1062 1910 1211 1978 ¹auspicatur.

256 2029 343 2093 Plut.
357 2027 517 2111 Compar.
530 2028 708 2111 Pelopidae
724 2051 794 2094 curu
810 2027 973 2094 Marcello
986 2051 1017 2095 o.
1035 2031 1066 2096 l.
1086 2023 1244 2112 Ἀννίβαν

192 2126 400 2219 Μάρκελλος,
422 2125 466 2207 ὡς
484 2137 543 2214 μὲν
569 2134 601 2196 oi
615 2136 689 2217 περὶ
703 2125 879 2215 Πολύβιον
896 2133 1058 2214 λέγουσιν,
1080 2125 1142 2198 οὐδ
1156 2120 1246 2210 ἅπαξ

192 2231 352 2312 ἐνίκησεν,
375 2227 443 2297 ἀλλ’
471 2226 635 2313 ἀήττητος
655 2227 674 2297 ὅ
696 2229 779 2323 ἀνήρ
800 2234 894 2300 δοκεῖ
913 2234 1132 2316 διαγενέσθαι
1151 2235 1246 2323 μέχρι

194 2334 400 2414 Σκηπίωνος,
417 2329 509 2421 ἡμεῖς
526 2336 561 2400 δὲ
575 2335 695 2425 Λιβίῳ,
709 2335 860 2420 Καίσαρι
878 2340 935 2402 καλ
948 2337 1080 2404 Νέπωτι
1093 2329 1244 2404 πιστεύο-

193 2459 262 2520 μεν,
279 2426 381 2516 ήττας
398 2432 490 2513 τινὰς
511 2441 566 2502 καί
584 2433 709 2527 τροπὰς
725 2431 790 2504 ὑπὸ
807 2439 1008 2528 Μαρκέλλου
1020 2436 1083 2506 τῶν
1100 2431 1244 2508 σὺνἈνν
1352 2517 1353 2520 ¹

193 2537 271 2627 νίβρι
289 2539 460 2622 γενέσθαι.
1191 2531 1194 2537 ’

227 2679 367 2752 Καίσαρι]
402 2685 427 2729 in
445 2686 528 2730 eadem
546 2686 682 2732 laudatione
700 2685 795 2731 funebri
814 2685 936 2732 Marcelli.

420 2804 449 2862 7.
489 2803 629 2860 Laudatio
648 2805 776 2866 funebris
795 2803 836 2863 M.
860 2803 1017 2878 Agrippae.

258 2933 309 2999 Ea
331 2944 379 3001 eat
400 2932 510 3004 habita
531 2955 561 2998 a.
595 2936 656 3002 trt
687 2936 769 3014 (lt),
803 2955 869 3020 quo
899 2955 982 3001 anno
1003 2935 1058 3005 M.
1081 2931 1245 3018 Agrippa,

195 3034 338 3116 Augusti
359 3056 472 3119 gener,
495 3037 592 3103 rebus
612 3057 693 3118 pace
714 3036 866 3121 belloque
881 3035 980 3120 gestis
998 3035 1133 3134 maxime
1147 3034 1247 3118 insig-

197 3135 257 3212 nis,
283 3136 431 3200 decessit.
478 3134 578 3201 Conf.
601 3139 655 3201 M.
679 3137 856 3221 Vipsanius
876 3132 1028 3221 Agrippa
1049 3138 1251 3207 vouFrand·

196 3259 252 3304 sen
273 3259 307 3320 p.
331 3238 406 3305 239.
450 3238 518 3307 Dio
541 3238 635 3306 Cass.
658 3241 682 3306 l.
698 3241 752 3318 bl,
769 3240 823 3315 28.
852 3236 1050 3326 Αὔγουστος
1071 3237 1130 3309 τὸν
1151 3233 1250 3325 λόγον

195 3335 253 3410 τὸν
267 3341 306 3408 ἐπ
326 3336 430 3408 αὐτοῦ
451 3331 529 3409 εἶπε.

394 3481 424 3537 8.
464 3481 604 3538 Laudatis
622 3481 752 3539 lbnebris
771 3479 912 3541 Octaviae
931 3481 1048 3540 sareda.

265 3611 317 3670 Ea
338 3621 386 3672 est
406 3611 517 3672 habita
538 3632 569 3672 a.
593 3609 655 3671 743
678 3611 760 3687 (11).
804 3609 998 3684 Dubitatur,
1020 3617 1126 3669 utrum
1151 3607 1251 3675 Octa-

198 3706 250 3768 via
279 3706 384 3770 maior
401 3728 440 3769 an
464 3708 603 3772 Octavia
624 3707 729 3769 minor
752 3706 794 3769 sit
814 3705 1035 3791 intelligenda.
1079 3707 1251 3772 Weichert

197 3827 231 3888 p.
262 3806 337 3871 118.
368 3807 558 3886 arbitratur,
588 3807 727 3874 Dionem
756 3809 795 3871 de
818 3807 957 3875 Octavia
987 3807 1110 3875 maiore
1140 3806 1249 3891 loqui,

197 3905 365 3970 Drumann
386 3920 411 3973 t.
434 3910 466 3972 lt.
489 3932 525 3994 p.
537 3911 611 3975 Ml.
658 3909 827 3979 Octaviam
850 3911 1007 3979 minorem
1020 3909 1079 3974 illo
1095 3929 1177 3972 anno
1195 3911 1251 3972 de·

198 4008 336 4072 iunctam
357 4008 490 4074 iudicat.

260 4110 328 4179 Dio
352 4109 447 4178 Cata·
471 4111 524 4190 54,
548 4112 602 4176 85·
655 4115 689 4183 ἐν
714 4117 750 4182 δὲ
774 4115 818 4206 τῷ
841 4113 907 4182 ἔτει
928 4111 1036 4202 ἐκείνῳ
1052 4107 1250 4196 Αὔγουστος

199 4208 301 4292 αὐτὸς
328 4210 386 4285 τὸν
413 4209 589 4307 ἐπιτάφιον
618 4203 700 4294 εἶπε,
724 4218 781 4284 καὶ
812 4214 962 4306 Δροῦσος
991 4215 1042 4282 ἐπὶ
1065 4214 1124 4280 τοῦ
1138 4208 1250 4299 βήμα-

200 4338 265 4392 τος.
