2966 4842
280 364 339 424 as
371 336 373 342 ’

279 520 453 584 tolerabile
482 520 635 594 uidetur,
665 540 724 582 nec
757 520 897 581 collos
928 517 1010 580 milri
1038 518 1161 581 Caluus
1183 535 1327 598 persua·

279 622 380 698 serit,
402 643 490 706 qaae
512 642 571 682 nec
599 622 665 703 ipsi
692 621 763 682 iam
788 619 951 682 dicerent.

313 743 407 805 catto]
444 748 479 792 ru.
501 747 612 793 CoeIIum
631 746 718 790 IIuiuin
736 751 867 800 oratorem,
885 760 935 789 uon
957 745 1067 790 Coelium
1082 747 1232 800 Anlipalruin
1252 747 1327 788 hislo-

349 837 425 878 ritum
449 835 642 895 iniungendum,
671 849 700 880 ex
729 849 757 878 eo
785 833 911 888 probsbile
938 831 977 887 fit,
1005 834 1067 890 quod
1093 834 1245 890 coniungilur
1272 845 1326 875 cum

348 922 487 978 aequalibus
507 924 557 965 suIs
576 923 729 975 oratoribus,
758 921 883 974 Pollione,
914 921 1035 972 Messala,
1066 919 1155 973 Calvo,
1185 925 1210 962 ut
1242 925 1326 963 conii-n

348 1009 513 1068 Spaldingium
532 1015 597 1054 recte
616 1009 784 1054 nuiiundveslil
803 1008 899 1053 Ellendt
918 1022 941 1063 p.
962 1007 1055 1052 CXIII.

343 1126 478 1207 Quintil.
497 1131 529 1203 1,
550 1131 585 1204 5,
602 1131 654 1190 bl.
700 1130 755 1193 Ne
778 1127 814 1189 in
835 1149 858 1189 a
879 1127 1015 1210 quidem
1037 1139 1139 1210 atque
1160 1127 1327 1190 slitteras

278 1229 377 1293 exire
411 1243 538 1294 temere
569 1231 761 1293 masculina
781 1250 911 1312 graeca
943 1229 1083 1291 nomino
1116 1241 1209 1290 recto
1242 1250 1327 1291 cosa

277 1331 511 1412 patiebantur,
537 1332 680 1415 ideoque
703 1347 734 1394 et
757 1333 852 1414 apud
869 1331 1023 1396 Coelium
1044 1330 1191 1413 legimus
1207 1333 1279 1394 Pel
1286 1331 1328 1392 ia

215 1433 562 1524 scincinnatus
605 1446 637 1499 et
684 1435 779 1516 apud
815 1436 1007 1498 Messalam
1054 1435 1163 1496 Bene
1196 1430 1326 1522 fecit

278 1537 486 1600 Eatlsioet
509 1537 604 1618 apud
625 1536 823 1600 Ciceronem
846 1540 1136 1618 Hermagora,
1162 1556 1202 1596 ne
1222 1534 1325 1597 mire·

280 1657 375 1710 mar,
401 1638 494 1720 qaod
515 1640 557 1700 ab
580 1637 802 1720 antiquorum
826 1637 999 1720 plerisque
1025 1639 1167 1700 Aenea
1188 1649 1221 1698 et
1243 1637 1274 1698 A
1281 1659 1327 1697 n-

279 1737 404 1800 clzisa
425 1739 471 1801 sit
498 1739 624 1802 dictas.

314 1858 434 1922 Coelium]
470 1866 568 1910 Coelius
587 1871 670 1910 ocutos
689 1867 839 1924 inlelligiluu,
861 1871 884 1910 ut
903 1879 932 1910 ex
951 1867 1047 1918 ceteris,
1061 1879 1163 1923 quocum
1181 1863 1208 1909 fis
1227 1873 1326 1920 incutio,

350 1953 475 2007 probabile
493 1950 528 1996 fil.
567 1955 601 1997 ru.
618 1955 717 1997 Coelius
736 1954 811 1997 IIqus
830 1956 852 1996 in
874 1955 998 2008 oratione,
1019 1956 1119 2008 opinor.
1136 1965 1185 2010 pro
1203 1967 1230 1996 sc
1250 1953 1279 1996 de
1302 1955 1331 1998 m·

350 2042 431 2085 uescia
450 2055 518 2098 quem
543 2040 640 2085 Peliam
662 2041 834 2086 cincinnatum
854 2046 916 2086 salse
938 2044 1045 2099 vocavit,
1066 2055 1118 2085 eum
1137 2044 1187 2096 ipss
1207 2043 1236 2084 ab
1256 2043 1327 2084 niss-

350 2128 399 2172 Iino
418 2128 493 2174 locon
509 2127 653 2186 pulchellae
671 2131 804 2174 nominatus
826 2136 905 2177 essets
931 2144 976 2188 qun
996 2133 1023 2174 ds
1042 2145 1069 2175 re
1088 2129 1150 2174 infra
1170 2131 1193 2173 in
1207 2128 1324 2174 Atratino

353 2222 453 2262 oratore
472 2219 587 2262 ditericus.

348 2335 483 2417 Quintil.
502 2339 542 2413 ὁ,
567 2335 605 2413 3,
629 2336 669 2399 39
692 2348 723 2400 et
746 2339 797 2400 11.
840 2341 1002 2402 Narrare
1023 2359 1111 2422 qaae
1134 2341 1226 2399 salsa
1244 2336 1326 2410 sint,

282 2439 443 2521 inprimis
476 2451 527 2502 est
564 2439 686 2502 subtile
720 2451 753 2501 et
788 2442 1004 2515 oratoriam,
1041 2453 1079 2502 at
1112 2440 1231 2505 Cicero
1260 2459 1329 2520 pro

282 2542 438 2606 Cluentio
461 2553 585 2604 narrat
614 2542 654 2603 de
681 2543 827 2624 Cepasio
855 2554 957 2626 atque
986 2543 1159 2616 Fabricio,
1185 2553 1248 2603 aut
1271 2544 1327 2604 M.

284 2644 420 2708 Caelius
442 2645 483 2706 de
502 2644 562 2706 illa
586 2647 633 2708 D.
665 2645 776 2706 Laelii
801 2648 1017 2729 collegaeque
1042 2644 1116 2708 eius
1142 2645 1177 2706 in
1190 2642 1328 2725 prouin-

282 2749 370 2807 ciam
381 2745 638 2834 festinantiam
668 2748 895 2811 contentione.
941 2748 1009 2812 Sed
1034 2749 1071 2811 in
1092 2747 1145 2810 liis
1171 2745 1330 2809 omnibus

283 2869 360 2910 cam
376 2850 515 2931 elegans
538 2860 571 2910 et
593 2861 736 2914 venusta
760 2849 917 2933 exigitur
943 2862 1017 2912 tota
1043 2849 1234 2933 expositio,
1256 2859 1330 2908 tam

281 2949 318 3011 id
328 2947 605 3039 festivissimam
631 2964 699 3027 est,
731 2952 824 3035 qaod
855 2965 977 3016 orator
1006 2953 1138 3014 adiicit.
1194 2949 1330 3013 Coelius

209 3067 213 3072 '
281 3073 359 3113 cam
382 3053 499 3114 omnia
526 3055 761 3117 uenustissime
776 3054 911 3132 finxit,
942 3067 1016 3117 tum
1041 3055 1127 3117 iliad
1152 3053 1330 3115 ultimam:

281 3152 346 3214 Hic
372 3156 571 3217 subsecutas
600 3157 771 3239 quomodo
804 3157 1004 3232 transierit,
1035 3169 1153 3219 atrum
1180 3166 1254 3216 rote
1283 3174 1330 3214 on

280 3254 469 3337 piscatorio
492 3258 649 3342 nauigio,
675 3280 774 3321 nemo
798 3258 938 3320 sciebat.
984 3258 1090 3321 Siculi
1115 3257 1273 3340 quidem,
1291 3267 1331 3317 at

281 3368 362 3419 sunt
392 3358 510 3421 lascivi
538 3372 571 3421 et
595 3360 745 3432 dicaces,
777 3358 915 3420 aiebant
940 3358 975 3419 in
1005 3359 1164 3438 delphino
1200 3359 1331 3421 sedisse

266 3471 316 3526 ,et
341 3459 390 3522 sic
412 3472 591 3545 tamquam
615 3461 750 3523 Ariona
773 3470 1017 3522 transvectam.

317 3601 426 3662 Coelius]
463 3607 487 3649 In
500 3618 570 3648 causa
583 3605 674 3661 alioqui
692 3607 782 3664 ignota.
810 3605 943 3659 Manutius,
966 3609 990 3648 ut
1008 3617 1081 3659 supra
1099 3604 1202 3648 dixiinus
1222 3617 1245 3659 p.
1264 3599 1334 3648 466:

356 3693 463 3736 Laelium
478 3707 490 3734 n
504 3691 589 3734 Coelio
600 3697 737 3736 accusatum
756 3693 886 3738 arbitratus
906 3700 951 3740 cst.

317 3777 350 3822 D.
370 3777 464 3835 Laelii]
502 3778 600 3836 PIgIIus
620 3781 729 3834 coniicil,
756 3779 867 3827 LneIIuiu
891 3787 1045 3839 quaestorem
1065 3780 1141 3825 luisse
1160 3781 1184 3824 iu
1204 3781 1287 3824 SIcilia
1307 3794 1331 3826 a.

354 3859 402 3911 7⁰0
422 3861 491 3924 (54).
511 3865 558 3910 Res
579 3881 678 3922 prorsus
699 3870 799 3914 Incerta.

348 3983 472 4048 Plinius
488 3983 575 4050 Hist.
592 3989 668 4049 Nat.
694 3989 752 4060 35,
780 3989 837 4063 12,
864 3989 915 4057 46.
959 3988 1076 4052 Samia
1098 3999 1187 4050 testa
1206 3986 1333 4049 matris

284 4086 385 4150 derum
406 4089 608 4166 sacerdotes,
633 4091 691 4174 qai
716 4091 807 4155 Galli
833 4102 1013 4165 uocantur,
1040 4090 1239 4152 virilitatem
1255 4109 1332 4150 am-

282 4201 422 4266 putare,
446 4211 505 4256 nee
524 4194 626 4257 aliter
646 4193 735 4255 citra
755 4194 958 4277 perniciem,
990 4195 1044 4256 M.
1068 4191 1211 4288 Coelio
1236 4212 1334 4252 cre-
