2966 4842
1149 373 1210 436 529

151 523 312 587 lentibus.
337 527 480 589 Summo
494 535 631 607 egestas
648 533 735 598 erat,
757 543 893 586 summa
920 527 1086 614 iffamia,
1111 549 1203 593 aem·

154 615 251 688 mum¹
265 626 407 689 ollium:
429 641 557 711 magna
572 637 688 688 autem
704 624 801 688 debet
812 648 884 688 esse
896 629 1101 710 eloquentia,
1118 653 1205 714 quae

150 727 265 792 inuitis
274 731 421 810 placeat.
438 732 552 794 Nemo
568 740 656 804 erat,
676 727 772 811 quin,
787 749 863 790 eum
876 730 1006 791 homini
1015 732 1130 794 omnia
1149 736 1207 797 ob·

153 830 293 906 iecerat,
318 827 458 914 ingenio
486 834 632 894 multum
664 827 842 893 tribueret.
903 833 1006 895 Color
1036 835 1206 898 orationis

147 933 321 1017 autiquae,
346 934 446 1016 vigor
468 955 595 1004 nouae‚·
617 935 730 995 cultus
752 933 843 994 inter
861 948 1019 996 nostrum
1040 955 1082 996 ao
1101 937 1202 1018 prius

149 1039 301 1100 seculum
324 1037 474 1108 medius,
508 1047 545 1097 ut
576 1036 672 1098 illum
706 1047 824 1118 posset
853 1047 999 1118 utraque
1025 1057 1111 1119 pars
1140 1038 1204 1102 sibi

150 1137 344 1209 uindicare;
371 1137 512 1199 libertas
550 1149 667 1211 tanta,
697 1150 735 1200 ut
756 1138 925 1202 libertatis
955 1159 1076 1202 nomen
1105 1163 1205 1202 eacce-

149 1237 270 1310 eieret,
302 1249 335 1298 et
366 1238 448 1320 quia
472 1238 604 1319 passim
634 1238 771 1302 ordines
794 1241 1011 1324 hominesque
1040 1241 1203 1320 laniabat,

150 1339 323 1402 Rabienus
346 1350 539 1401 uocaretur.
585 1340 732 1402 Animus
752 1363 816 1422 per
846 1343 928 1404 uitia
957 1344 1080 1424 ingens
1102 1356 1135 1406 et
1157 1344 1204 1406 aei

151 1440 410 1503 similitudinem
433 1440 565 1523 ingenii
587 1441 642 1504 sui
658 1441 836 1517 uiolentus,
854 1456 886 1506 et
901 1444 960 1526 qui
975 1446 1203 1526 Pompeianos

150 1541 296 1623 spiritus
332 1543 485 1605 nondum
514 1544 548 1605 in
577 1555 676 1606 tanta
701 1564 786 1624 paee
812 1547 1017 1625 posuisset„
1052 1551 1092 1611 ln
1114 1550 1203 1611 bunc

150 1645 304 1725 primam
326 1647 529 1728 excogitata
541 1658 591 1708 est
614 1666 703 1708 noua
721 1666 835 1726 poena
847 1668 857 1707 :
869 1645 1031 1734 effectum
1046 1661 1097 1713 est
1111 1653 1203 1712 enim

147 1769 212 1828 per
233 1747 403 1822 inimicos,
429 1760 467 1810 ut
490 1769 608 1810 omnes
630 1749 704 1810 eius
727 1747 808 1810 libri
829 1749 1104 1813 incenderentur.
1132 1756 1201 1816 Res

153 1869 242 1912 nova
278 1861 311 1911 et
345 1850 497 1926 insueta,
529 1851 699 1933 supplicia
726 1851 767 1912 de
795 1852 919 1914 studiis
948 1854 1050 1918 sumi.
1108 1857 1206 1916 Bono

149 1955 260 2014 hercle
296 1953 431 2026 publico
475 1952 545 2015 ista
572 1953 609 2015 in
640 1973 771 2034 poenas
803 1953 986 2035 ingeniosa
1014 1955 1200 2018 crudelitas

144 2067 226 2134 post
253 2055 449 2118 Ciceronem
472 2055 609 2116 inventa
629 2066 693 2116 est.
738 2058 792 2117 Eo
814 2059 928 2118 seculo
951 2057 1021 2118 ista
1043 2058 1199 2138 ingenio-

148 2177 227 2217 rum
249 2156 419 2236 supplicia.
446 2168 649 2236 coeperunt,
674 2177 741 2239 quo
771 2168 804 2218 et
836 2156 977 2238 ingenia
1005 2158 1196 2222 desierunt.

150 2259 233 2321 Non
260 2259 339 2319 tulit
362 2261 448 2318 hano
475 2258 646 2320 Labienus
678 2259 920 2320 contumeliam
941 2279 1001 2320 neo
1023 2273 1201 2343 superstes
1240 2299 1247 2309 ·

154 2380 228 2421 esse
251 2380 314 2421 suo
341 2358 481 2441 ingenio
505 2360 621 2434 voluit,
647 2360 708 2420 secl
729 2360 763 2420 in
789 2356 1010 2423 monumenta
1035 2383 1070 2424 se
1095 2364 1203 2427 maio-

149 2482 228 2522 rum
250 2481 394 2523 suorum
406 2532 408 2537 ,
412 2458 511 2538 ferri
531 2461 633 2523 iussit
658 2473 760 2544 atque
781 2462 833 2523 ita
853 2461 1000 2526 includi:
1026 2485 1093 2528 non
1111 2464 1200 2542 fini·

149 2561 196 2625 vit
218 2573 353 2624 tantum
379 2583 415 2624 se
436 2562 520 2644 ipse,
545 2562 606 2624 sed
630 2563 736 2625 etiam
755 2565 920 2645 sepelivit.
946 2568 1058 2630 Cassii
1075 2567 1201 2640 Seueri,

149 2664 299 2726 hominis
324 2664 477 2727 Labieno
499 2665 725 2740 iunctissimi,
749 2666 831 2728 belle
854 2669 947 2730 dicto
977 2691 1033 2730 res
1049 2667 1200 2758 fereba-

149 2777 220 2828 tur.
263 2767 331 2831 Illo
346 2779 499 2848 tempore
520 2789 588 2850 quo
615 2766 694 2829 libri
723 2769 867 2832 Labieni
888 2791 935 2832 ex
956 2782 1097 2833 senatus
1121 2791 1202 2834 eon-

148 2871 239 2930 sulto
260 2870 471 2946 urebantur,
497 2871 599 2934 Nunc
615 2891 680 2944 me,
698 2869 819 2953 inquit,
843 2871 955 2934 uiuum
974 2873 1032 2935 uri
1052 2885 1200 2956 oportet,

149 2970 208 3052 qui
229 2970 307 3033 illos
328 2971 463 3036 edidici.

185 3157 248 3204 haec
267 3161 430 3222 consuetudo]
467 3166 614 3210 consuetudo
633 3167 779 3211 declamandi
798 3180 879 3210 coram
900 3169 987 3222 populo
1012 3181 1058 3212 non
1077 3173 1131 3212 ante
1151 3181 1200 3212 ms·

218 3250 282 3293 dium
301 3225 401 3309 Augusti
422 3252 580 3308 principatum
599 3254 660 3297 oriri
680 3255 769 3308 coepit.
807 3253 887 3299 Elium
905 3253 1003 3298 Asinius
1023 3255 1103 3298 Pollio
1120 3268 1200 3310 popu-

218 3339 266 3382 lum
284 3339 409 3383 admittere
430 3340 514 3384 noluit.
553 3340 623 3386 Cani.
650 3342 794 3386 'l'horbeeke
812 3341 847 3386 De
868 3342 952 3386 Asinio
972 3341 1083 3386 Pollione
1109 3355 1133 3398 p·
1156 3341 1199 3389 99.

181 3451 289 3511 medius]
326 3455 417 3500 dicandi
439 3457 490 3500 eius
513 3469 588 3514 genus
607 3455 727 3502 referebat
752 3461 775 3500 at
802 3457 857 3500 illud
890 3458 1012 3508 seculum,
1039 3471 1086 3514 quo
1115 3457 1202 3502 Cicero

217 3544 327 3598 princeps
346 3544 400 3596 luit,
421 3548 445 3588 et
463 3557 579 3600 sequens,
600 3558 646 3600 quo
666 3543 764 3588 Cassius
783 3545 886 3589 Severus
910 3546 1061 3598 potissimum
1088 3545 1200 3588 excelluit

220 3633 244 3672 et
262 3632 309 3673 dux
327 3631 420 3674 habitus
440 3637 486 3675 est.

184 3740 210 3782 in
228 3746 298 3784 tanta
314 3739 390 3799 pace]
427 3744 481 3786 inde
500 3744 530 3785 ab
549 3755 611 3785 anno
631 3739 680 3785 724
699 3739 755 3798 (30)
774 3743 837 3786 bella
855 3743 934 3786 civilia
952 3741 1031 3799 finita,
1062 3760 1105 3790 nec
1124 3753 1201 3791 tamen

223 3826 345 3872 Labienus
365 3830 454 3882 odium,
476 3843 523 3886 quo
541 3831 605 3873 velut
622 3827 783 3883 Pompeianus
801 3830 825 3872 in
845 3831 1009 3876 adolescentia
1028 3837 1135 3886 arserat,
1162 3847 1204 3888 per

220 3913 318 3971 longam
339 3929 422 3970 pacem
442 3917 536 3970 imperii
555 3919 654 3974 Augusti
673 3914 757 3960 finivit.

184 4029 212 4062 eo
227 4015 323 4076 seculo]
360 4021 449 4064 Seneca
468 4020 550 4064 Penei.
566 4019 682 4068 controv.
701 4036 729 4078 p.
746 4017 790 4065 ⁶5.
812 4020 938 4082 Quicquid
949 3996 1198 4080 Romanasacundiu

220 4103 301 4160 habel,
321 4106 392 4150 circa
413 4103 555 4151 Ciceronem
576 4103 697 4170 effloruit.
716 4109 801 4152 omnia
819 4107 938 4166 ingenia,
959 4122 1022 4166 quos
1041 4109 1121 4152 lucem
1144 4111 1194 4154 elo·

219 4193 333 4252 quentiae
351 4194 499 4248 attulerunt,
519 4200 576 4239 tunc
593 4199 653 4238 nata
672 4200 738 4245 sunl,

185 4292 230 4336 illo
248 4288 367 4350 tempore]
404 4290 491 4336 Libros
510 4291 610 4336 Labieni
629 4289 774 4336 Geeiuanico
793 4291 890 4346 consuls
910 4303 932 4333 a.
956 4287 1003 4337 7⁶5
1026 4285 1081 4355 (12)
1104 4293 1200 4350 publice
1257 4319 1258 4324 =

200 4433 273 4474 Maiori
283 4435 339 4474 oras.
348 4433 405 4474 Rom.
414 4433 494 4486 Frqm.
509 4435 541 4475 etl.
551 4430 571 4475 2.
978 4437 1019 4498 34
