2958 4840
251 353 314 416 890

258 525 460 585 retractare,
487 537 528 578 ne
552 525 669 579 tantus
698 517 754 580 ille
776 517 875 580 labor
905 537 1016 592 meur,
1047 518 1084 580 ni
1105 519 1186 598 noe,
1215 520 1317 604 quod

256 617 426 701 reliquum
448 629 499 680 est
521 618 641 695 studii,
664 619 844 695 addidero,
863 641 995 684 mecum
1016 619 1153 704 pariter
1170 620 1316 684 interci-

256 719 328 783 dat.
370 721 465 785 Nam
487 721 519 784 si
541 722 710 784 rationem
731 722 948 803 posteritatis
969 723 1119 797 habeas,
1143 706 1318 808 quidquid

258 841 327 884 non
355 833 407 884 est
434 835 630 906 peractum,
662 846 729 908 pro
756 845 825 887 non
854 825 1014 888 inchoato
1048 838 1111 888 est.
1165 825 1315 890 Undeni-

257 925 385 987 cesima
405 927 532 989 aetatis
554 948 647 990 anna
669 929 704 990 in
724 926 823 1018 foro
857 928 970 991 dicere
1000 929 1119 1011 coepi,
1153 939 1187 990 et
1220 949 1314 990 nunc

258 1028 406 1100 demum,
431 1029 515 1112 quid
535 1039 716 1111 praestare
739 1030 858 1092 debeat
880 1042 1021 1103 arator,
1053 1032 1165 1092 adbuc
1193 1044 1312 1093 tamen

254 1153 321 1213 per
342 1131 525 1212 caliginem
548 1133 658 1195 videa.

295 1246 493 1306 undevicesima]
531 1248 554 1291 ini
576 1254 622 1300 est,
641 1263 665 1296 a.
687 1265 709 1294 n.
729 1249 777 1294 833
798 1245 863 1308 (89).

555 1340 581 1398 1.
604 1340 702 1397 Oratio
723 1357 774 1412 pro
794 1341 867 1398 lulio
887 1342 1016 1398 Pastore.

322 1445 401 1506 Eam
426 1465 550 1507 causam
573 1443 828 1510 adolescentulus
850 1444 933 1528 egit,
966 1465 1028 1507 non
1060 1445 1111 1506 diu
1143 1457 1314 1528 postquam

259 1549 392 1610 duxerat
415 1568 562 1622 uxorem,
586 1545 618 1610 id
650 1558 710 1622 est,
734 1568 817 1608 anno
841 1546 971 1610 circiter
1001 1547 1061 1610 836
1084 1547 1173 1625 (88),
1199 1546 1315 1611 Domi.

260 1649 346 1712 tiano
371 1649 561 1732 imperante.
583 1647 684 1716 Coni.
709 1650 844 1712 Masson
868 1672 903 1730 p.
928 1651 966 1712 45
990 1671 1059 1736 seq.
1091 1649 1177 1712 Ptin.
1206 1649 1314 1732 Epist.

261 1755 290 1826 t,
315 1752 365 1819 18.
410 1755 636 1834 Susceperam
658 1772 799 1814 causam
822 1752 904 1816 latii
927 1752 1101 1826 Pastoris,
1126 1773 1203 1812 cum
1229 1753 1314 1814 mihi

261 1854 447 1938 quiescenti
469 1853 543 1916 uisa
564 1866 616 1915 est
638 1874 759 1914 socrus
782 1874 857 1915 mea
887 1851 1051 1916 advoluta
1077 1854 1238 1938 genibus,
1272 1876 1316 1918 na

261 1977 402 2040 agerem
429 1957 622 2022 obsecrare.
666 1957 712 2019 Et
740 1976 837 2018 eram
865 1968 1008 2020 acturus
1040 1958 1316 2020 adolescentulus

261 2059 383 2133 adhuc,
409 2081 506 2121 eram
527 2059 562 2122 iu
586 2059 804 2142 quadruplici
826 2059 967 2130 iudicio,
992 2081 1088 2122 eram
1110 2072 1232 2122 contra
1251 2082 1314 2142 po-

263 2161 473 2225 tentissimos
504 2161 658 2224 ciuitatis
693 2173 796 2244 atque
827 2163 931 2224 etiam
972 2163 1130 2225 Caesaris
1165 2163 1308 2234 amicos,

263 2285 350 2347 quae
373 2265 513 2348 singula
534 2275 697 2327 excutere
719 2276 865 2326 mentem
888 2265 972 2326 milti
997 2277 1077 2347 post
1111 2277 1183 2327 tarn
1215 2265 1317 2326 triste

263 2367 435 2430 somnium
455 2378 629 2449 poterant.
675 2367 746 2450 Egi
767 2379 895 2429 tamen.
941 2370 1109 2450 Prospere
1131 2367 1243 2440 cessit,
1258 2379 1312 2427 at·

265 2489 330 2552 que
351 2469 440 2532 adeo
461 2470 522 2532 itta
542 2470 634 2532 actio
650 2471 733 2531 milri
752 2491 856 2532 aures
877 2471 1072 2544 hominum,
1096 2471 1159 2532 ilia
1175 2471 1317 2532 ianuam

253 2569 386 2661 samue
412 2569 595 2661 patefecit.

301 2686 432 2748 Caesaris]
468 2691 608 2736 Domitiani.

388 2809 418 2868 2.
440 2807 540 2866 Oratio
560 2813 661 2866 contra
681 2809 819 2866 Baebium
839 2810 965 2868 Massam
986 2828 1038 2884 pro
1059 2812 1193 2868 Baeticis.

330 2912 434 2978 Causa
450 2915 694 2994 repetundarum
717 2923 786 2974 acta
802 2933 831 2975 a.
848 2911 910 2974 846
934 2912 1011 2992 (93),
1029 2925 1062 2976 ut
1082 2915 1203 2992 duabus
1219 2917 1317 2986 ‚rebus

266 3017 389 3084 ostendi
404 3026 521 3099 potest,
541 3016 655 3100 partim
673 3016 748 3102 quia
761 3025 897 3090 constat,
916 3014 1118 3098 Agricolam,
1140 3015 1195 3100 qui
1211 3037 1316 3090 meuse¹

267 3120 406 3202 Augusti
433 3143 461 3188 a.
488 3120 550 3182 846
574 3119 642 3198 (93)
662 3129 804 3184 mortuus
825 3130 885 3193 est,
904 3118 1045 3182 Massam
1071 3117 1225 3183 Baebium
1254 3117 1317 3180 iam

265 3221 382 3288 vidisse
403 3243 490 3284 reum
514 3224 609 3300 (Tac.
630 3220 749 3300 Agric.
775 3223 858 3296 45),
888 3218 1003 3299 partim
1031 3220 1105 3305 quia
1132 3218 1316 3283 Herennius

266 3323 422 3395 Senecio,
457 3322 512 3407 qui
545 3343 605 3384 una
637 3345 707 3385 cum
739 3321 847 3386 Plinio
877 3322 1029 3384 Baebium
1049 3345 1146 3386 reum
1173 3320 1266 3396 iecit,
1299 3343 1317 3384 a

268 3423 450 3492 Domitiano
470 3446 499 3486 a.
513 3423 574 3484 847
592 3425 660 3501 (94)
679 3435 782 3489 morte
804 3423 952 3488 multatus
968 3437 1024 3493 est.
1058 3424 1159 3490 Cani.
1182 3425 1318 3488 Masson

267 3553 302 3614 p.
326 3528 379 3592 59.
426 3527 577 3591 Eiusdem
612 3524 724 3591 Baebii
748 3528 875 3591 Massae
910 3527 1051 3591 meminit
1074 3526 1205 3591 Tacitus
1227 3525 1316 3592 Hist.

269 3635 301 3709 4,
327 3634 379 3694 50.
405 3652 465 3694 nec
487 3634 596 3694 multo
615 3642 696 3714 post
717 3632 799 3694 Piso
821 3631 1054 3708 interficitur:
1077 3651 1222 3714 namque
1237 3629 1318 3692 ade-

269 3747 342 3810 rat,
371 3734 430 3817 qui
458 3745 629 3808 nosceret,
667 3732 814 3796 Baebius
826 3735 953 3798 Massa
984 3756 1001 3794 e
1031 3731 1319 3814 procuratoribus

270 3837 432 3929 Africae,
456 3837 526 3900 iam
548 3849 628 3900 tunc
650 3837 781 3917 optimo
802 3835 922 3917 cuique
936 3835 1119 3909 exitiosus,
1138 3847 1171 3896 et
1186 3834 1221 3894 in
1237 3855 1319 3896 cau-

271 3961 326 4005 sas
351 3942 534 4014 malorum,
558 3959 645 4021 quae
669 3959 754 4000 mox
775 3937 929 4010 tulimus,
955 3959 1056 4018 saepe
1079 3936 1267 4000 rediturus.

336 4042 421 4106 Ptin.
446 4039 553 4123 Epist.
579 4045 608 4114 7,
631 4039 684 4102 33.
710 4041 747 4100 ad
772 4037 931 4102 Tacitum.
976 4039 1130 4102 Dederat
1153 4061 1205 4102 me
1220 4059 1319 4100 sena·

272 4159 328 4208 tus
364 4167 441 4206 cum
470 4142 645 4206 Herennio
668 4142 850 4205 Senecione
886 4137 1102 4203 advocatum*
1122 4141 1321 4226 prouinciae

273 4247 431 4314 Baeticae
453 4255 575 4308 contra
586 4243 750 4307 Baebium
762 4247 935 4315 Massam,
954 4243 1183 4326 damnatoque
1196 4246 1322 4318 Massa
1383 4251 1385 4254 ’

277 4357 466 4420 censuerat,
493 4357 530 4407 ut
552 4347 641 4408 bona
663 4345 737 4408 eius
756 4344 890 4426 publice
911 4345 1182 4408 custodirentur.
