2958 4840
1144 341 1203 404 ets

155 488 350 556 Dernmetrati
378 489 460 556 anim
493 490 585 560 huin·
610 489 788 560 meminisse
812 490 1208 578 dcitt‘tttostmnmtn

154 592 240 654 Vitis
278 591 517 672 sophistarum,
554 593 585 656 io
619 596 751 656 Herode
786 594 896 657 Attico
930 617 960 657 c.
995 596 1027 658 8.
1062 600 1113 662 li.
1148 601 1200 672 43.

157 695 395 768 (Westermann
429 696 549 760 Gesch.
581 697 612 760 d.
646 694 770 775 grienh.
805 697 1007 768 Reredsamk.
1039 720 1074 779 p.
1111 701 1201 778 202.)

153 794 301 860 Niebuhr
324 808 428 862 autem
461 796 494 858 in
517 795 577 860 alia
608 808 669 859 stat
702 795 859 860 sententia
892 817 926 878 p.
960 800 1072 866 XXX.
1109 801 1201 879 „Fuit

151 894 204 958 hie
232 897 493 972 Demonstratns,
526 897 645 981 inquit,
677 901 776 962 homo
801 901 884 963 hand
906 899 1000 965 dnbie
1022 901 1197 979 Romanus,

152 1010 302 1084 ermtqne
331 998 462 1066 omniuo
481 999 611 1076 Maius,
637 1002 691 1083 qui
714 999 775 1066 sibi
798 999 952 1080 persuasit
973 1004 1103 1066 eundem
1132 1023 1200 1066 esee

151 1123 221 1168 cnm
245 1103 453 1166 Demostrato
480 1099 537 1164 illo
568 1099 776 1177 Atheniensi,
811 1101 861 1164 cui
888 1102 1095 1184 gravissimae
1127 1125 1196 1168 enm

150 1204 282 1268 Herode
319 1201 501 1270 inimicitiae
538 1203 797 1277 intercesserant,
846 1225 958 1284 parum
995 1216 1097 1268 tamen
1135 1205 1197 1270 sibi

148 1313 316 1377 constane,
345 1309 415 1365 oum
436 1309 531 1367 inodo
554 1305 713 1378 Atticum,
741 1308 838 1372 modo
859 1303 1037 1368 Cirtensem
1058 1306 1184 1388 fingit.“

213 1405 339 1468 Fronto
365 1408 404 1467 ad
427 1405 629 1474 ,Antoninum
654 1409 807 1488 [ruperat.
832 1407 854 1467 Ι.
886 1409 916 1468 2.
949 1409 978 1470 8.
1032 1410 1190 1471 Adiunxi

146 1528 212 1590 ego
228 1507 420 1573 orationem
441 1531 508 1592 pro
529 1513 775 1574 Demonstrato
797 1509 982 1586 Petiliana,
999 1511 1040 1572 de
1055 1532 1124 1594 quo.
1140 1511 1190 1572 itti

146 1607 284 1689 scripsi.
298 1609 469 1688 Adiunxi,
483 1611 837 1694 inmemor-attonem
854 1633 919 1692 pro
930 1615 1189 1684 Demonstrato,

145 1731 347 1794 quomrum
370 1713 524 1796 primum
537 1711 668 1802 fratri
686 1724 747 1776 tuo
769 1713 899 1800 obtuli,
927 1713 1031 1775 didici
1055 1737 1101 1778 ex
1128 1737 1190 1791 ec,

150 1813 447 1894 Asclepiodorum,
481 1817 539 1898 qui
562 1817 719 1882 oratione
741 1816 809 1880 ista
840 1819 1077 1896 compelletur,
1112 1837 1135 1884 a
1161 1829 1194 1882 le

147 1935 216 1977 non
242 1915 445 1995 improbari.
488 1920 590 1998 Quod
611 1919 669 1984 ubi
689 1918 842 2000 primum
875 1919 1045 2002 comperi,
1077 1917 1196 1986 curavi

146 2016 303 2098 equidem
332 2018 467 2102 abolere
494 2020 707 2090 orationem,
743 2019 804 2084 seri
834 2020 904 2084 iam
929 2031 1129 2099 pervaserat
1158 2019 1194 2082 in

145 2138 267 2182 ioannes
281 2119 434 2198 ptus-ium
453 2141 555 2202 cuam
578 2132 615 2184 ut
641 2119 772 2182 aboleri
788 2132 918 2202 posset.
946 2120 1043 2204 'Quid
1057 2120 1194 2202 igitur?

143 2219 227 2305 quid
245 2220 403 2302 inquam,
422 2221 491 2286 nisi
510 2221 809 2304 Asclepiodotum,
834 2243 911 2284 rum
926 2243 949 2284 a
967 2233 1000 2283 te
1010 2222 1189 2304 probetur,

142 2322 226 2389 milri
244 2345 376 2406 quoque
388 2321 479 2405 fieri
495 2324 756 2398 amicissimum,
772 2336 844 2386 tam
863 2325 998 2388 hercule
1017 2344 1119 2406 quom
1139 2334 1189 2384 eet

144 2411 301 2496 Herodes
315 2437 468 2493 summus
484 2446 690 2506 nunrmeus,
717 2447 925 2508 qrtnmqnam
939 2436 1033 2487 extet
1051 2425 1192 2489 oratio?

144 2529 269 2593 Fronto
287 2530 325 2592 ad
343 2530 466 2590 Verum
484 2527 631 2609 imperat.
653 2549 706 2607 ep.
730 2527 760 2594 9.
780 2530 887 2591 eadem
905 2529 1002 2591 verba
1021 2525 1163 2612 scripsit.

178 2653 333 2714 Quemquam
357 2660 426 2698 extet
449 2653 542 2714 oratio]
586 2667 731 2711 quamquam
762 2658 826 2701 extet
857 2667 908 2698 mea
935 2655 1049 2714 adserens
1068 2653 1190 2701 Heredem

212 2743 300 2802 oratio,
309 2743 462 2789 nihilominus.
474 2743 570 2788 iuterim
580 2741 699 2786 conciliati
713 2755 795 2784 sununs
806 2746 829 2784 et
843 2742 923 2784 amici.
932 2741 1010 2783 Maius
1021 2754 1045 2794 p.
1054 2737 1188 2788 xxvlttt.

211 2829 273 2873 hunc
297 2829 375 2874 locum
394 2830 455 2873 falso
475 2831 647 2883 interpretatur
667 2830 726 2888 „hac
748 2830 873 2880 oratione,
902 2829 993 2884 inquit,
1025 2842 1051 2871 ee
1070 2827 1189 2872 Herodem

214 2917 312 2960 laesisse
332 2922 414 2960 narrat
432 2918 482 2972 ipse
501 2911 621 2960 Frontof‘
650 2940 678 2950 -
706 2917 751 2960 Sed
772 2917 863 2960 Fronto
883 2916 1003 2959 Herodem
1027 2915 1187 2967 resurretione,

212 3007 239 3048 de
259 3017 303 3060 qna
323 3003 530 3057 supradiximus,
551 3003 663 3057 laeserat,
694 3018 740 3048 non
772 3009 891 3055 orattone,
925 3014 994 3058 qnam
1023 3015 1066 3056 pro
1085 3001 1187 3045 Demon-

212 3095 286 3135 strato
306 3091 402 3136 habuit:
423 3105 451 3136 ea
470 3093 533 3136 enim
553 3093 631 3146 potins
652 3091 836 3144 Asclepiodotus
855 3091 1029 3134 offendebatur.

343 3209 388 3266 10.
431 3207 586 3266 Orationes
608 3226 661 3280 pro
685 3208 771 3264 Senio
798 3209 982 3280 Pompeiano.
1038 3225 1039 3232 ¹

205 3314 331 3380 Fronto
354 3315 395 3378 ad
417 3313 469 3376 Μ.
494 3311 664 3377 Caesarem
691 3312 713 3372 Ι.
748 3313 786 3388 5,
818 3313 870 3374 34.
916 3312 1063 3380 Saenius
1085 3314 1185 3379 Pom·

137 3418 283 3497 peioraue
302 3415 340 3482 tn
364 3414 524 3496 plrtrimin
545 3414 660 3484 causis
682 3435 704 3474 a
725 3437 778 3475 me
793 3412 981 3502 defensus,
1003 3425 1187 3499 rmstquam

137 3518 310 3597 publicum
332 3515 482 3606 Ast-uae
506 3515 667 3587 redemit,
698 3516 859 3597 plurimis
889 3516 1003 3578 caucis
1026 3536 1100 3577 rem
1120 3511 1185 3600 fo·

140 3620 311 3681 miliorem
338 3629 495 3679 nostram
521 3619 672 3697 adiurat.

382 3728 427 3789 11.
471 3727 569 3786 Oratio
589 3745 642 3798 pro
663 3727 938 3788 Ptolemaeensibns.

202 3830 377 3894 Ptolemais
401 3854 518 3895 nomen
548 3831 714 3893 multarum
739 3829 882 3892 urbinma
918 3830 981 3890 hor
1006 3827 1081 3888 loco
1107 3827 1184 3887 nrbs

138 3932 315 4013 Cyrenaica
334 3932 553 4015 intelligenda.
602 3955 629 3998 v.
649 3935 802 3995 Mannert
821 3929 935 3994 Africa
955 3930 998 3990 Τ.
1021 3930 1052 3989 2.
1074 3949 1107 4007 p.
1128 3927 1182 3988 84.

139 4032 303 4097 Charisius
333 4057 365 4116 p.
400 4037 450 4100 79.
499 4037 625 4098 Fronto
656 4057 722 4117 pro
753 4029 1080 4101 Ptolemaeensibus;
1118 4031 1182 4091 Po-

139 4150 274 4200 rentum
287 4151 440 4200 tuorum.

469 4221 515 4278 12.
537 4219 637 4277 Oratio
658 4222 687 4276 in
708 4221 854 4291 Pelopem.

200 4325 296 4388 Hunc
321 4321 476 4404 Pelopem
501 4323 655 4396 medicum
684 4323 770 4389 illum
797 4317 1080 4388 cssoaerediderim
1104 4316 1179 4380 satis
