2976 4844
1150 365 1207 427 161

161 530 194 581 ut
218 526 248 581 et
270 513 425 579 Metellus
448 512 681 580 Macedonicus
703 525 734 578 et
756 513 907 577 Metellus
923 514 1112 582 Numidicus
1134 543 1208 585 een-

160 641 251 684 sores
276 615 412 681 diversis
434 615 634 700 temporibus
661 614 756 680 simili
782 619 820 681 de
843 639 878 680 re
901 617 1052 702 egissent.
1098 624 1140 685 Et
1161 624 1209 687 sic

160 723 312 786 Dukerus
335 741 465 806 quoque
487 719 641 782 iudicavit
667 722 708 782 ad
733 718 824 782 Livii
848 720 936 803 Epit.
957 723 1010 786 59.
1057 724 1119 788 Sed
1142 749 1208 790 nte·

163 825 214 908 gis
240 836 287 888 est
308 845 388 887 vero
416 822 536 898 simile,
562 820 700 884 Gellium
724 824 855 884 eandem
879 821 1059 910 intelligere
1084 828 1209 894 oratio·

161 949 242 1000 nem,
262 925 432 990 oscitantia
454 946 533 990 vero
554 925 722 988 Metellum
744 923 947 988 Numidicum
967 949 1029 1010 pro
1051 930 1209 996 Macedo·

160 1029 235 1094 nico
258 1027 491 1103 nominavisse,
524 1038 556 1089 nt
579 1026 726 1090 Clintoni
747 1027 852 1109 placet
875 1027 906 1090 io
933 1029 1039 1093 Fastis
1062 1044 1086 1096 t.
1111 1035 1142 1096 3.
1172 1058 1206 1118 p.

163 1133 237 1196 450.
283 1130 416 1194 Livium
444 1129 525 1192 enim
553 1129 585 1192 in
612 1151 647 1192 ea
676 1151 711 1192 re
738 1151 883 1208 errasse,
911 1131 1012 1195 minus
1038 1137 1209 1216 probabile

162 1255 230 1298 esse
258 1233 348 1296 dicit.
394 1231 495 1297 Conl.
521 1233 630 1296 Oratt.
652 1232 787 1296 Metelli
804 1233 994 1301 Numidici.

226 1336 349 1401 Gellius
371 1339 407 1414 1,
432 1339 464 1398 6.
509 1335 706 1417 Legebatur
728 1335 845 1398 oratio
863 1338 998 1400 Metelli
1014 1341 1206 1418 Numidici,

160 1441 280 1525 gravis
299 1461 339 1502 ac
359 1438 483 1502 diserti
504 1437 583 1512 viri,
608 1457 713 1522 quam
734 1437 770 1499 in
795 1459 943 1501 censura
965 1441 1059 1504 dixit
1082 1445 1130 1505 ad
1144 1467 1207 1527 po·

157 1546 281 1626 pulum
305 1544 346 1605 de
369 1541 535 1605 ducendis
559 1540 742 1614 uxoribus,
770 1562 848 1602 eum
869 1562 946 1603 eum
965 1543 1013 1604 ad
1030 1546 1208 1610 matrimo-

162 1646 223 1708 nia
241 1645 454 1728 capessenda
472 1647 690 1708 hortaretur.
727 1646 769 1708 In
793 1665 836 1706 ea
853 1644 1011 1709 oratione
1030 1647 1081 1710 ita
1099 1650 1208 1733 serip-

161 1760 234 1811 tum
245 1739 349 1839 fuit:

226 1853 257 1914 l.
282 1851 321 1915 Si
342 1851 416 1914 sine
438 1871 552 1914 uxore
572 1871 767 1933 possemus,
789 1849 955 1933 Quirites,
979 1874 1064 1930 esse,
1088 1875 1207 1920 omnes
1225 1900 1260 1924 m

162 1975 205 2016 ea
224 1954 382 2018 molestia
399 1973 618 2016 careremus:
641 1953 703 2015 sed
724 1953 887 2037 quoniam
912 1955 963 2017 ita
984 1969 1114 2019 natura
1134 1971 1226 2022 tra·x

161 2056 262 2132 didit,
290 2069 329 2119 ut
352 2078 515 2119 neceam
541 2056 610 2119 illis
635 2054 722 2119 satis
741 2056 930 2132 commode,
958 2078 1018 2119 nec
1041 2059 1114 2123 sine
1138 2062 1207 2125 illis

161 2163 232 2222 ullo
259 2159 361 2223 modo
388 2160 453 2222 vivi
475 2159 599 2241 possit,
625 2158 732 2221 saluti
752 2172 941 2242 perpetuae
961 2161 1082 2243 potius
1104 2184 1208 2247 quam

160 2263 253 2324 brevi
274 2263 444 2345 voluptati
467 2263 728 2324 consulendum.

225 2367 258 2428 2.
296 2365 344 2428 Di
377 2365 591 2428 immortales
618 2365 810 2447 plurimum
841 2379 1009 2447 possunt,
1045 2368 1106 2430 sed
1139 2387 1207 2431 non

159 2471 239 2551 plus
265 2471 346 2531 velle
372 2468 493 2530 debent
523 2467 620 2530 nobis
653 2488 757 2551 quam
778 2480 955 2549 parentes.
1010 2472 1058 2532 At
1079 2490 1207 2550 paren-

162 2583 235 2646 tes,
272 2572 304 2634 si
334 2582 488 2654 pergunt
520 2571 620 2634 liberi
659 2592 802 2644 errare,
842 2571 940 2633 bonis
979 2571 1205 2634 exheredant.

161 2674 255 2757 Quid
276 2696 362 2758 ergo
386 2695 450 2736 nos
478 2695 501 2735 a
531 2673 598 2735 diis
627 2672 879 2736 immortalibus
908 2672 1039 2736 diutius
1067 2694 1209 2756 exspec-

160 2789 291 2854 temus,
317 2777 385 2840 nisi
412 2778 513 2840 malis
538 2776 733 2839 rationibus
752 2776 866 2852 finem
880 2773 1099 2866 jaciamus?
1142 2778 1208 2841 His

160 2878 298 2941 demum
320 2881 402 2942 deos
423 2880 598 2964 propitios
622 2901 694 2942 esse
721 2901 869 2964 aequum
892 2890 956 2953 est,
983 2880 1042 2962 qui
1060 2879 1127 2941 sibi
1146 2882 1208 2942 ad·

161 2981 309 3044 versarii
333 3002 403 3045 non
433 2994 526 3045 sunt.
572 2981 621 3046 Di
647 2981 863 3044 immortales
890 2981 1051 3044 virtutem
1080 3003 1208 3066 appro-

160 3083 254 3162 bare,
282 3105 350 3148 non
376 3085 536 3148 adhibere
562 3085 694 3146 debent.

197 3246 243 3292 sed
259 3261 309 3292 non
325 3249 384 3306 plus
403 3247 475 3308 velle]
514 3251 620 3307 qumnvis
649 3250 681 3293 dli
710 3251 789 3293 omnin
819 3250 927 3306 possint,
960 3262 1006 3293 non
1034 3253 1113 3293 tamen
1138 3251 1208 3293 aliter

232 3349 290 3394 erga
311 3338 420 3382 homines
442 3351 515 3396 egere
541 3338 629 3382 dehent
648 3351 718 3395 quem
740 3341 861 3394 parentes,
887 3339 926 3394 qul
950 3337 1034 3382 liberis
1056 3337 1115 3382 nihil
1137 3338 1208 3391 dent,

232 3437 279 3479 quo
302 3425 366 3482 digni
389 3438 435 3468 non
458 3430 523 3479 sunt,
546 3429 616 3481 etque
639 3426 700 3468 adeo
720 3439 763 3469 eos
783 3426 938 3480 exheredant,
962 3426 982 3470 si
1004 3439 1017 3468 e
1040 3425 1143 3480 peccatis
1162 3439 1209 3470 non

233 3511 359 3556 desistunt.
398 3513 437 3556 stc
459 3513 490 3556 dii
514 3513 635 3556 haurirem
654 3526 700 3556 non
723 3515 752 3556 ad
774 3514 886 3558 virtutem
908 3518 1010 3570 cogunt,
1036 3515 1091 3567 sed,
1115 3514 1136 3558 si
1162 3515 1210 3557 vir-

242 3604 316 3644 tutem
339 3606 420 3658 annet,
452 3601 546 3644 beatum
576 3615 631 3645 eum
656 3601 765 3648 reddunt.
813 3601 965 3644 Freinsheim
988 3601 1011 3644 in
1034 3601 1158 3655 supplem.
1181 3602 1210 3645 cd

234 3687 287 3732 tm.
314 3685 355 3743 68,
383 3684 413 3734 39
438 3690 630 3744 interpretetur:
665 3685 734 3731 Deos
760 3686 858 3746 quidem
880 3688 1036 3732 immortales
1054 3701 1131 3745 pom
1154 3702 1210 3732 om-

232 3775 285 3830 nia,
306 3775 353 3821 red
371 3774 515 3820 hominibus
534 3777 630 3820 nullam
653 3789 709 3820 esse
728 3787 834 3820 caueam
855 3774 987 3832 opinandi,
1007 3773 1208 3835 indulgentiores

238 3865 290 3912 etot
305 3863 377 3926 sore,
402 3877 477 3923 quam
497 3865 550 3909 rint
574 3865 601 3908 in
620 3864 715 3909 liberor
736 3864 794 3908 boni
817 3865 993 3922 sapientesque
1009 3869 1109 3920 patres.

195 4011 257 4056 velle
276 4010 364 4056 debent
384 4009 469 4068 nodie]
520 4010 582 4053 aelle
604 4008 676 4054 nobis
698 4007 789 4053 debent
816 4011 870 4056 cod.
896 4021 947 4066 reg.
995 4019 1044 4050 non
1067 4005 1125 4060 plus
1148 4001 1214 4045 velle

233 4099 307 4146 nobie
327 4098 417 4144 debent
445 4101 464 4148 i,
488 4114 510 4144 e.
536 4113 581 4142 non
603 4099 680 4156 magis
704 4097 813 4142 benevoli
833 4096 903 4140 nobis
924 4108 977 4138 esse
1005 4091 1102 4136 debent.

196 4241 258 4304 quid
277 4268 306 4279 -
326 4241 434 4303 diutius]
472 4244 527 4302 qnid
549 4239 675 4298 emplius?
714 4255 717 4262 ’

211 4423 286 4466 Maiori
297 4425 418 4465 Oretliom.
430 4424 508 4475 ll'mgm.
525 4421 556 4460 cd.
564 4418 584 4460 2.
