2958 4840
263 294 327 359 568

263 451 383 536 gratia
411 464 445 516 et
467 451 619 516 manime
646 451 684 514 in
701 449 892 534 prooemiis
922 463 960 514 ut
979 473 1047 535 pro
1069 451 1254 516 Domflilla
1278 487 1323 500 -

267 566 303 619 et
319 575 403 637 pro
426 553 600 619 Laelia:
624 551 688 620 Eie
709 552 862 637 utrisque
882 555 978 638 apud
999 565 1032 616 te
1054 551 1201 618 iudicem
1221 557 1320 640 peri·

272 655 415 719 clitatur
447 655 580 720 Laelia.
612 656 701 718 adeo
723 653 861 746 refugit
893 668 1047 718 teneram
1069 656 1320 742 delicatamque

269 757 471 824 modulandi
491 760 711 840 voluptatem,
730 770 768 820 ut
789 759 1006 822 currentiam
1017 781 1083 840 per
1099 780 1136 822 ee
1149 763 1317 838 numeria,

265 862 358 946 quod
379 881 442 924 eoe
460 860 639 936 inhiberet,
663 859 837 924 obiiceret.

299 1004 400 1066 Laelia]
434 1007 492 1051 baec
511 1017 558 1049 tax
576 1005 600 1050 la
618 1006 725 1050 cleeecle
744 1019 868 1050 numerum
888 1009 1006 1052 craticule
1025 1007 1124 1052 dirimit.

300 1095 339 1140 eie
358 1091 483 1154 utrinque]
519 1093 615 1138 Etteett
642 1095 670 1137 ed
698 1091 751 1138 Cic.
782 1095 811 1138 de
830 1092 901 1140 Oret.
932 1089 962 1147 3,
989 1091 1014 1138 6.
1040 1108 1065 1150 p.
1090 1091 1149 1140 ³⁶⁰.
1175 1094 1212 1140 hie
1233 1096 1318 1142 verbis

334 1183 432 1228 Domitii
451 1182 503 1228 nni
523 1186 688 1228 tetrametrum
706 1181 854 1228 trocheicum
872 1183 950 1228 iaetu
969 1181 1062 1226 scribit.

302 1287 370 1347 opud
383 1287 417 1343 tel
457 1287 600 1334 Cmeeretn.

422 1441 451 1498 6.
477 1437 577 1498 Oratio
596 1442 698 1496 contre
717 1439 851 1498 libertum
871 1439 984 1498 Claudii
1005 1439 1151 1498 Caesaris.

329 1568 466 1652 Quintil.
491 1571 522 1646 (r,
545 1570 576 1645 3,
598 1569 651 1632 ssl.
676 1571 863 1634 Contraria
884 1583 935 1633 eet
957 1573 1099 1653 neganti
1122 1570 1317 1663 confeeeio-

264 1674 318 1736 nie
340 1674 527 1746 eimulatio‚
552 1673 613 1735 eed
634 1673 712 1755 ipsa
733 1693 865 1755 quoque
888 1673 1032 1736 multum
1055 1675 1155 1736 habet
1171 1675 1317 1736 urbani-

263 1776 359 1839 tatie.
407 1777 463 1840 Sic
486 1778 519 1839 A
515 1772 556 1864 f
559 1797 576 1836 e
585 1796 615 1848 r,
640 1794 718 1836 cum
738 1786 859 1854 ageret
881 1787 1004 1836 contra
1031 1773 1190 1838 libertum
1214 1779 1316 1840 Glau-

230 1955 234 1960 ἱ
264 1877 315 1940 dii
338 1877 509 1949 Caesaris,
533 1888 566 1939 et
587 1897 634 1938 ex
655 1875 792 1938 dicereo
819 1875 960 1958 quidam
988 1877 1195 1942 conditionie
1226 1879 1317 1940 ciue·

265 1981 354 2052 dem,
380 1979 478 2042 cuine
499 1989 575 2040 erat
597 1977 766 2060 litigator,
790 1981 1032 2053 exclamasset,
1057 1984 1241 2043 Praeterea
1276 1994 1319 2044 tu

265 2104 400 2164 semper
422 2082 457 2144 in
479 2081 620 2146 libertae
642 2079 803 2145 Gaeearie
825 2081 928 2144 auu:
949 2103 1010 2144 nec
1033 2083 1238 2157 mehercule,
1263 2083 1317 2146 in·

264 2185 352 2270 quit,
373 2185 562 2269 quidquam
579 2205 648 2266 pro
681 2183 747 2246 cio.

300 2327 474 2392 nec-proficio]
511 2333 594 2374 notam
612 2331 658 2382 eet,
679 2323 790 2384 quantem
811 2329 891 2372 liberti
910 2331 1006 2386 quidem
1029 2332 1088 2385 apud
1108 2329 1232 2375 Claudium
1251 2331 1316 2375 Gee-

337 2432 414 2463 terem
434 2419 562 2464 vetuerint.

486 2576 516 2632 7.
538 2572 637 2632 Oratio
657 2577 758 2630 contra
778 2574 905 2644 Longum
926 2574 1096 2646 Sulpicium.
1191 2624 1194 2635 .

327 2701 464 2783 Quintil.
489 2705 519 2778 6,
544 2703 577 2780 3,
600 2704 654 2767 32.
700 2705 793 2766 Solet
823 2703 962 2766 interim
988 2704 1161 2776 accidere,
1193 2717 1232 2766 ut
1264 2706 1313 2778 id,

263 2807 355 2892 quod
375 2809 412 2868 in
434 2805 673 2868 adversarium
695 2803 854 2879 dicimue,
876 2817 937 2866 aut
960 2805 995 2865 in
1016 2805 1166 2867 iudicem
1196 2827 1316 2868 conoe·

263 2910 349 2984 niat,
372 2921 435 2972 aut
456 2909 492 2971 in
514 2919 671 2972 nostrum
692 2927 826 2990 quoque
847 2906 1078 2988 litigatorem,
1103 2927 1315 2990 quamquam

261 3012 370 3094 aliqui
392 3010 623 3092 reperiuntur,
648 3008 707 3093 qui
729 3029 770 3070 ne
791 3008 829 3071 id
849 3008 1005 3090 quidem,
1034 3009 1127 3092 qnod
1162 3009 1199 3071 in
1220 3011 1317 3092 ipeoe
1410 3085 1412 3093 Ι

265 3114 417 3176 recidere
434 3112 560 3194 poeeit,
584 3111 726 3174 evitent:
747 3111 840 3194 quod
860 3109 947 3192 fecit
960 3113 1103 3192 Longae
1126 3113 1312 3194 Sulpiciae,

262 3214 333 3298 qui,
357 3235 435 3276 cum
457 3213 529 3294 ipee
550 3211 778 3294 foedieeimue
799 3223 897 3283 creet,
914 3214 1065 3290 aueum,
1080 3225 1315 3298 contraquam

263 3314 392 3378 iudicio
413 3314 548 3376 liberali
568 3314 702 3389 aderat,
727 3334 769 3376 ne
786 3311 929 3405 faciem
951 3315 1088 3397 quidem
1116 3317 1241 3378 hebere
1272 3315 1316 3376 li·

263 3416 338 3480 beri
357 3414 525 3486 hominie,·
546 3415 602 3476 cui
624 3416 833 3498 respondens
858 3415 1078 3478 Domitiae
1102 3420 1134 3480 A
1130 3414 1235 3503 fer:
1253 3419 1316 3480 Ex

262 3519 334 3594 tui,
358 3517 479 3602 inquit,
503 3517 612 3580 animi
632 3519 812 3590 eententia,
838 3522 974 3600 Longe,
1008 3518 1067 3602 qui
1096 3522 1222 3582 malam
1241 3515 1323 3608 sa-=

266 3624 351 3686 ciem
374 3622 486 3697 habet,
510 3621 595 3685 liber
617 3640 686 3683 non
707 3620 784 3683 eet?
851 3692 854 3698 ,

297 3786 393 3833 iudicio
410 3783 523 3843 liberali]
561 3787 578 3834 i,
599 3799 621 3830 e.
643 3785 682 3840 lie,
706 3787 728 3830 in
748 3799 793 3844 que
813 3788 841 3830 te
861 3786 971 3830 libertate
991 3785 1094 3830 hominie
1112 3785 1208 3844 egitur,
1229 3798 1315 3830 sertae

334 3890 363 3918 aa
385 3875 506 3936 ttbeefflsit.

507 4010 538 4080 8.
559 4007 660 4066 Oratio
680 4011 780 4064 contra
799 4007 930 4065 Mettium
950 4009 1063 4066 Suram.

329 4139 464 4221 Quintil.
487 4139 526 4215 6,
558 4139 587 4208 3.
609 4139 662 4201 tt.
708 4139 911 4220 Metalepeie
932 4150 1004 4200 tam
1028 4135 1181 4228 frigida
1211 4159 1316 4223 quarn

261 4256 313 4304 eet
336 4243 513 4304 nominum
529 4241 648 4318 fictio.
674 4274 713 4284 -
737 4240 804 4304 Sed
825 4241 906 4303 ltaec
928 4240 1046 4303 eadem
1068 4261 1199 4324 genera
1221 4262 1313 4320 corn·
