2984 4842
600 574 743 632 Lxxxll.
786 575 818 630 L.
840 571 979 630 Lucceius.

329 711 544 794 Magistratus
562 718 657 792 atque
681 708 824 770 honores
852 705 942 768 buius
970 703 1032 766 viri
1056 725 1071 765 a
1098 703 1313 785 scriptoribus

263 838 326 880 non
347 812 550 878 referuntur:
576 821 701 873 constat
723 821 835 882 autem,
857 806 1007 889 petivisse
1024 828 1094 870 cum
1113 809 1312 870 consulatum

264 941 294 981 1.
322 917 383 981 693
408 917 495 992 (61),
524 916 580 975 sed
604 913 762 993 repulsam
790 910 910 974 tulisse.
940 908 1013 974 Cic.
1048 912 1086 972 ad
1111 908 1255 972 Atticum
1285 914 1313 982 1,

265 1022 388 1095 1111.
417 1020 505 1088 Suet,
531 1014 627 1079 Caes.
658 1014 708 1077 19.
740 1015 904 1078 Drusuauu
932 1024 956 1075 t.
984 1013 1016 1076 3.
1041 1034 1074 1095 p.
1104 1013 1178 1077 190.
1207 1011 1314 1096 Igitur

265 1143 347 1186 anno
369 1121 430 1183 650
452 1121 541 1195 (101)
566 1117 696 1180 01111111
719 1127 808 1180 uatus
832 1137 900 1179 csse
927 1115 1062 1184 videtur.
1095 1114 1314 1178 Historiarum

265 1225 408 1306 scriptor
433 1219 721 1302 praestantissimus
743 1231 775 1281 et
809 1219 858 1281 vir
881 1218 913 1281 in
936 1216 1122 1301 republica
1149 1217 1315 1299 inprimis

268 1329 435 1409 probatus.
462 1324 534 1389 Cio.
557 1325 597 1386 ad
620 1321 732 1394 Famil.
756 1324 786 1397 5,
812 1323 864 1383 12.
894 1323 1054 1384 Drumanu
1076 1333 1099 1384 1.
1125 1322 1157 1382 lt.
1181 1342 1215 1402 p.
1238 1320 1312 1382 553.

268 1428 390 1494 Cicero
419 1427 451 1490 iu
486 1428 588 1490 Bruto
623 1447 686 1489 nou
719 1423 797 1487 lecit
834 1423 1023 1488 mentionem
1058 1423 1208 1497 Lucceii,
1244 1445 1315 1485 cum

267 1541 414 1595 oratores
440 1529 532 1593 rivos
555 1539 683 1610 praeter
707 1526 877 1590 Caesarem
903 1526 1022 1590 nullum
1050 1537 1251 1590 memoraret.

437 1705 591 1762 Orationes
611 1706 750 1760 advorsus
770 1705 803 1760 L.
826 1704 957 1774 Sergiam
979 1703 1145 1760 Catilinam.

332 1839 398 1900 Eae
420 1847 490 1899 sunt
511 1834 637 1897 habitae
657 1857 686 1896 a.
712 1833 773 1896 690
789 1835 871 1914 (bl).
894 1835 976 1899 Cum
993 1835 1113 1900 Caesar
1129 1848 1270 1919 cuperet,
1285 1847 1317 1897 ut

269 1940 377 2002 Sullae
391 1937 490 2014 socii,
503 1937 558 2022 qui
574 1937 777 2018 proscriptos
793 1935 1042 2013 trucidaverant,
1059 1961 1180 2020 poenas
1195 1941 1316 2011 darent,

269 2042 392 2116 effecit,
424 2053 472 2114 ut,
509 2061 578 2102 oum
613 2038 711 2101 iudex
742 2039 937 2122 quaestionis
971 2052 1053 2104 esset
1081 2062 1112 2104 1.
1148 2043 1210 2106 690
1235 2042 1316 2120 (61),

268 2145 377 2227 plures
406 2143 526 2206 Sullani
555 2144 639 2224 apud
667 2163 701 2204 se
728 2156 962 2206 accusarentur.
999 2141 1149 2206 Eiusdem
1178 2143 1319 2207 criminis

269 2246 372 2310 affinis
387 2246 448 2310 fuit
468 2245 623 2320 Catilina,
641 2265 774 2329 eumque
793 2245 951 2308 Lucceius
972 2268 1060 2310 reum
1077 2245 1171 2322 fecit,
1188 2249 1243 2310 sed
1260 2249 1317 2308 ab·

270 2353 389 2414 solutus
416 2360 475 2412 est.
509 2347 608 2412 Conl.
642 2347 805 2411 Drumaun
827 2359 850 2408 t.
874 2348 904 2409 3.
934 2370 967 2430 p.
995 2351 1067 2412 1217.
1090 2359 1112 2410 t.
1136 2351 1166 2412 5.
1189 2371 1221 2431 p.
1243 2349 1316 2412 126.

336 2453 497 2517 Asconius
513 2452 545 2514 iu
562 2462 645 2515 0111.
665 2451 697 2512 in
720 2462 796 2532 toga
821 2452 952 2514 candida
976 2474 1010 2533 p.
1038 2453 1091 2514 st.
1118 2452 1315 2525 Catilinam,

271 2579 348 2620 cum
371 2558 408 2620 in
441 2556 594 2642 Syllanis
624 2555 783 2636 partibus
796 2550 957 2642 suisset,
984 2555 1168 2618 crudeliter
1179 2554 1319 2646 secisse

272 2671 390 2722 notum
422 2670 489 2722 est:
519 2651 724 2719 nominatim
751 2667 784 2718 11
809 2667 933 2738 postea
958 2656 1078 2722 Cicero
1107 2657 1210 2732 dicit,
1233 2677 1320 2741 quos

272 2761 454 2833 occiderit,
481 2765 526 2842 Q.
551 2758 756 2834 Caecilium,
785 2761 841 2823 M.
871 2759 1112 2833 Volumniam,
1136 2763 1178 2822 L.
1204 2764 1321 2824 Tanu-

272 2864 383 2937 sium,
411 2865 466 2928 M.
490 2861 649 2926 Marium
672 2861 934 2924 Gratidianum.

335 2965 452 3026 ibidem
480 2986 514 3044 p.
551 2965 603 3024 92.
658 2965 773 3027 Huius
804 2964 959 3026 criminis
990 2963 1200 3045 perieulum,
1228 2967 1322 3050 qaod

273 3067 389 3130 obiicit
420 3065 557 3141 Cicero,
589 3088 720 3148 paucos
751 3079 831 3150 post
865 3087 996 3132 menses
1021 3068 1171 3133 Catilina
1203 3068 1318 3131 subiit.

272 3172 354 3232 Post
374 3165 512 3257 effecta
550 3171 640 3232 enim
678 3170 819 3232 comitia
863 3171 1064 3234 consularia
1089 3184 1122 3234 et
1153 3171 1321 3235 Catilinae

273 3274 447 3351 repulsam
469 3269 568 3361 fecit
603 3295 681 3335 essm
710 3293 807 3334 reum
847 3273 938 3335 inter
969 3272 1113 3335 sicarios
1154 3277 1194 3334 L.
1234 3277 1323 3334 Luc-

272 3372 364 3434 ceius
395 3386 539 3456 paratus
574 3372 815 3456 Ι111111111110111,
856 3375 915 3456 qui
946 3385 1069 3454 postea
1103 3375 1323 3436 consulatum

272 3496 406 3558 quoque
424 3477 539 3558 petiit.

338 3573 460 3640 Ibidem
479 3601 511 3659 p.
531 3577 582 3639 93.
629 3576 722 3640 Dicit
747 3573 931 3638 Catilinam
953 3575 1165 3639 adulterium
1180 3579 1320 3642 commi·

272 3680 533 3750 111111001111,
558 3699 647 3761 puae
676 3679 708 3739 ei
734 3687 857 3759 postea
882 3699 1004 3740 socrus
1017 3677 1123 3768 fuit,
1148 3691 1181 3742 et
1210 3703 1257 3743 101
1282 3705 1323 3744 10

272 3793 394 3863 stupro
422 3780 565 3841 auxisse
595 3800 761 3853 1101011111,
790 3801 867 3840 cum
893 3779 982 3857 filia
1005 3782 1081 3844 eius
1107 3795 1209 3846 esset.
1247 3787 1322 3848 Hoc

271 3871 438 3946 Lucceius
453 3901 586 3962 quoque
610 3881 778 3945 Catilinae
800 3881 916 3946 0611111
937 3884 973 3946 in
989 3883 1219 3962 orationibus,
1236 3908 1323 3970 quas

271 3984 307 4045 in
331 4004 408 4044 enm
432 3980 585 4064 scripsit.

337 4083 466 4148 Kordcs
491 4087 529 4147 sd
552 4085 668 4149 librum
697 4088 879 4151 Eberhardi
905 4091 1067 4154 Zastand
1088 4092 1150 4153 der
1175 4094 1323 4154 1111011111

278 4188 384 4250 Wiss.
411 4188 464 4250 bei
490 4189 553 4251 den
582 4193 733 4255 Rb'mern
757 4213 790 4273 p.
821 4191 880 4254 165
909 4189 1103 4269 arbitratur,
1130 4193 1322 4258 Ciceronem

274 4306 403 4366 quoque
450 4293 487 4351 ad
531 4294 586 4354 has
628 4293 793 4357 orationes
839 4307 951 4357 contra
996 4293 1165 4358 Catilinam
1198 4295 1323 4358 habitas
