2976 4844
245 377 305 440 196

244 537 354 601 Nonio
376 536 604 618 proferuntur,
632 554 815 619 novumque
839 533 958 597 addidit
982 531 1155 614 Perlkamp
1178 531 1220 594 in·
1235 531 1292 595 Bi-

244 639 406 704 bliotheca
434 637 519 704 Crit.
544 639 639 700 Nova
667 639 709 699 T.
732 638 764 698 1.
790 656 823 719 p.
849 638 924 699 tlt.

309 742 441 806 Servius
463 729 496 805 in
522 741 621 824 Virg.
649 741 774 823 Georg.
798 743 828 802 1.
859 742 912 802 16.
957 743 1044 805 Cato
1070 739 1106 801 in
1132 741 1291 803 oratione

244 848 291 909 ad
308 846 457 924 silium:
483 844 548 910 Vir
571 845 681 907 bonus
707 855 777 916 eet,
806 847 861 908 M.
883 843 960 920 seli,
986 843 1120 906 colendi
1137 843 1287 925 peritur,

244 951 343 1013 cuius
357 948 590 1041 ferramenta
613 947 804 1028 splendent.

280 1117 307 1159 in
325 1113 453 1171 oratione]
491 1116 508 1157 i.
529 1127 551 1158 e.
574 1113 597 1156 in
621 1112 755 1167 praeceptis
774 1113 801 1155 de
821 1125 847 1154 re
870 1113 976 1163 rustice,
1000 1113 1046 1154 nisi
1071 1114 1195 1170 corrigere
1219 1113 1292 1156 merie

316 1205 343 1246 in
362 1201 489 1246 Oratore:
516 1201 602 1244 librum
622 1202 686 1243 enim
703 1197 735 1244 de
754 1197 862 1244 Oratore
884 1213 897 1242 a
917 1199 1008 1244 Catone
1031 1200 1146 1254 scriptum
1169 1212 1240 1252 esse,
1263 1200 1291 1241 ud

318 1291 494 1348 Quintilianum
516 1284 547 1341 3,
569 1287 601 1342 1,
631 1285 672 1333 19.
693 1289 805 1332 diximus.
843 1288 888 1332 Sed
912 1289 934 1331 id
957 1289 1034 1342 ipsum
1057 1287 1216 1346 fragmentum
1238 1287 1292 1330 huie

316 1381 468 1424 coniecturae
492 1379 629 1434 repugnet,
653 1376 674 1419 si
697 1377 791 1433 quidem
814 1389 859 1420 non
883 1378 911 1419 ed
935 1375 1023 1420 librum
1048 1377 1076 1420 de
1102 1380 1153 1420 erte
1180 1376 1290 1428 (licendi,

314 1481 398 1512 rernm
418 1468 496 1522 polim
515 1469 543 1508 ad
566 1469 692 1518 praecepte
712 1466 741 1508 de
759 1479 786 1508 re
805 1467 895 1514 rustica
920 1465 1040 1520 pertinere
1063 1466 1177 1509 videnlur.

568 1715 616 1771 ⁸10.
648 1712 748 1771 Oratio
759 1713 795 1770 de
815 1730 845 1770 re
858 1714 963 1771 Floria.

310 1867 442 1950 Duplex
464 1878 511 1929 est
538 1863 719 1947 inscriptio,
748 1866 789 1927 de
815 1887 852 1927 re
875 1865 993 1928 Floria
1018 1879 1072 1927 aut
1093 1867 1134 1928 de
1157 1887 1195 1928 re
1217 1868 1293 1928 rto-

247 1972 362 2034 riano.

311 2075 403 2137 Hace
430 2086 501 2135 sunt
525 2071 727 2154 fragmenta:

314 2181 345 2239 1.
371 2175 494 2240 Gellius
517 2174 540 2238 l.
565 2176 595 2250 9,
619 2175 670 2237 19.
715 2177 769 2239 De
792 2175 984 2256 suspicioso
1007 2176 1090 2257 apud
1116 2178 1172 2238 Μ.
1191 2179 1293 2240 Cato-

248 2301 326 2344 nem
353 2280 395 2342 de
421 2300 458 2342 re
484 2279 603 2342 Floria
629 2277 671 2340 ita
697 2261 870 2359 scripturn:
905 2279 972 2342 Sed
999 2278 1068 2341 uici
1093 2280 1153 2360 qui
1177 2281 1294 2358 palam

248 2405 394 2465 corpore
414 2381 597 2464 pecuniam
619 2393 811 2465 quaereret,
831 2392 893 2442 aut
912 2403 949 2442 ce
970 2381 1084 2444 lenoni
1099 2381 1291 2453 locavisset,

246 2497 281 2548 et
308 2484 339 2547 ei
356 2482 553 2574 fabulosus
582 2496 615 2547 et
644 2483 857 2566 suspiciosus
872 2481 1034 2573 fuisset,
1062 2485 1132 2546 vim
1156 2483 1191 2546 in
1217 2504 1292 2545 cor·

244 2609 312 2672 pue
334 2589 478 2651 liberum
505 2609 574 2649 non
598 2603 746 2670 aequuum
763 2607 925 2648 censuere
948 2584 1103 2672 adferri.
1148 2585 1293 2668 Suspi-

245 2691 410 2756 ciocum
440 2691 531 2753 enim
558 2693 645 2754 Cato
673 2692 736 2751 hoc
765 2689 801 2752 in
825 2691 900 2753 Ioco
928 2701 1126 2772 suspectum
1150 2688 1293 2772 signise-

245 2805 314 2869 cut,
338 2813 407 2856 non
432 2793 675 2874 suspicantem.

275 2935 424 3000 fabulosus]
461 2940 629 2998 corrigendum
651 2951 680 2984 ex
699 2937 778 2984 Nouio
793 2934 924 2996 fumosus.

313 3078 345 3140 9.
380 3076 503 3140 Gellius
528 3077 633 3154 1.10‚
659 3077 711 3140 13.
766 3077 899 3141 Partim
928 3075 1106 3140 hominnm
1131 3089 1321 3141 venerunt.

249 3180 435 3264 plerumque
462 3179 599 3255 dicitur,
628 3182 716 3266 quod
740 3179 902 3264 significat
926 3201 1015 3262 parc
1038 3178 1214 3242 hominum
1241 3201 1294 3240 ve-

247 3283 318 3358 nit,
354 3282 387 3346 id
417 3294 482 3358 est,
512 3282 644 3368 qnidam
682 3283 841 3347 homines.
886 3283 969 3346 Nam
1006 3281 1124 3365 partim
1163 3284 1227 3346 hoc
1261 3281 1322 3343 in

247 3386 322 3450 loco
344 3385 530 3454 adverbium
553 3397 611 3460 est,
639 3407 698 3448 nec
721 3385 752 3446 in
777 3407 867 3448 casus
888 3385 1078 3462 declinatur,
1101 3384 1195 3448 sicuti
1216 3406 1293 3448 cum

243 3488 376 3571 partim
404 3489 582 3552 hominum
608 3487 672 3557 dici
698 3500 829 3570 potest,
855 3488 887 3550 id
913 3499 979 3565 est,
1009 3509 1079 3549 cum
1104 3486 1290 3570 quibusdam

247 3588 443 3653 hominibus.
488 3595 544 3655 M.
569 3595 672 3656 Cato
699 3591 739 3654 in
767 3590 967 3654 oratione
997 3590 1044 3650 de
1072 3612 1117 3651 re
1144 3588 1295 3652 Floria

246 3692 298 3754 ita
321 3693 479 3775 scripsit:
506 3695 557 3758 Ibi
580 3716 648 3777 pro
675 3705 791 3757 scorto
802 3692 900 3783 suit,
928 3692 965 3755 in
994 3690 1186 3754 cubiculum
1216 3710 1295 3753 cur·

247 3795 417 3858 rectitavit
442 3818 460 3857 e
489 3796 655 3870 convivio,
689 3819 769 3858 eum
791 3796 925 3879 partim
952 3796 1093 3858 illorum
1120 3793 1190 3855 iam
1219 3814 1294 3854 eae-

242 3919 288 3980 pe
310 3898 357 3960 ud
378 3898 522 3961 eundem
545 3899 683 3961 modum
707 3910 795 3960 erat.
841 3896 1065 3978 Imperitiores
1084 3906 1188 3958 autem
1215 3917 1294 3958 cum

241 4001 340 4084 porti
369 4001 502 4084 legunt,
538 4012 696 4084 tamquam
732 3999 921 4064 declinatum
957 3997 998 4062 eit
1028 3997 1120 4081 quasi
1151 3999 1292 4064 vocobu-

246 4102 323 4182 lum,
348 4124 412 4171 non
442 4103 560 4178 dictum
586 4101 678 4188 quasi
700 4103 900 4174 adverbium,

280 4265 346 4326 erat]
383 4265 499 4312 Duebuer
520 4269 644 4326 legendum
664 4271 729 4324 putet
751 4272 832 4312 erunt.
854 4290 884 4300 —
906 4266 958 4311 Non
979 4258 1120 4310 assentior:
1143 4263 1205 4306 idem
1227 4261 1291 4304 enim

317 4354 459 4412 intelligitur
475 4357 503 4398 ad
520 4369 543 4400 v.
560 4351 625 4414 suit,
645 4356 828 4410 eurrectitarit,
849 4360 914 4403 orat.
