2970 4836
292 359 332 422 st

359 517 505 580 Zonaras
532 514 601 586 IX,
634 513 703 575 17.ι
741 512 1016 596 Κοομιίοθωοοιν
1039 499 1098 580 οὖν
1126 518 1161 579 ai
1189 521 1340 601 γυναῖκες

288 615 370 704 μήτε
390 615 521 706 χρυσῷ,
541 611 623 700 μήτε
646 617 760 691 λίθοις
783 611 804 694 ἤ
825 637 913 680 τισιν
935 618 1102 705 ἀνθηροῖς
1124 622 1180 684 καὶ
1202 614 1340 708 ἀμοργί·

289 743 359 797 νοις
381 712 591 801 ἐσθήμασιιι,
614 712 702 781 ἀλλὰ
725 711 941 810 σωφροσύνῃ,
964 720 1163 809 φιλανδρίᾳ,
1186 724 1337 812 priorsu-

288 823 359 911 οἰμ,
382 823 516 898 πειθοῖ,
541 814 742 906 μετριότητι,
767 822 835 895 τοῖς
856 813 971 903 νόμοις
991 826 1059 897 τοῖς
1081 825 1247 907 κειμένοις,
1270 829 1337 901 τοῖς

289 915 404 998 ὅπλοις
429 925 499 996 τοῖς
521 915 702 1010 ἡμετέροις,
724 929 797 997 ταῖς
816 921 936 1001 νίκαις,
956 930 1025 999 τοῖς
1050 925 1235 1013 τροπαίοις.

324 1061 572 1128 Κοσμείσῖἳωσαν]
604 1067 647 1110 llic
672 1063 739 1111 locus
762 1080 774 1109 a
798 1067 894 1110 Zonara
917 1081 946 1112 ex
964 1065 1034 1112 libris
1054 1068 1133 1114 Cassii
1152 1071 1237 1114 Dionis
1259 1076 1336 1115 trans·

362 1157 446 1207 latus,
467 1160 492 1197 ut
512 1154 643 1198 Duebne'ro
662 1155 740 1208 placet
758 1155 780 1198 in
800 1155 860 1198 Jahn
881 1153 948 1200 Neue
968 1156 1118 1202 Jahrbitcber
1139 1154 1215 1203 1834.
1237 1159 1284 1203 Xl.
1311 1157 1333 1204 3.

362 1256 385 1296 p.
409 1236 480 1294 280„
502 1245 526 1286 et
546 1241 698 1285 Lachmanno
719 1242 856 1286 Commeat.
880 1244 908 1286 de
934 1244 1039 1290 lontibus
1060 1245 1122 1289 Livii
1148 1249 1224 1291 altera
1246 1261 1268 1301 p.
1295 1243 1333 1292 18.

357 1330 457 1377 Bothuis
476 1334 556 1374 autem
576 1331 600 1373 in
617 1331 821 1375 commentatione
841 1333 869 1375 ds
889 1333 925 1378 Μ.
949 1333 1040 1378 Catone
1064 1347 1087 1388 p.
1105 1329 1163 1378 15⁶.
1187 1347 1216 1379 ex
1237 1348 1336 1389 perora·

358 1419 423 1460 tione
447 1417 504 1464 trec
523 1423 600 1460 sumta
622 1419 743 1473 opinatur,
766 1424 790 1462 et
808 1433 865 1464 vera
884 1419 1016 1464 Catoniana
1038 1427 1112 1477 putat.
1136 1422 1189 1480 Ego
1206 1423 1335 1468 Dusbnero

357 1506 488 1560 assentior,
508 1506 548 1562 qui
572 1506 650 1550 Cassii
668 1506 753 1548 Dionis
771 1519 824 1550 esse
844 1509 974 1551 existimat.

399 1678 428 1733 1.
461 1677 572 1748 Oratio,
597 1693 682 1748 quam
703 1679 774 1734 dixit
799 1679 970 1736 Numantiae
994 1683 1070 1752 apud
1091 1683 1213 1752 equites.

352 1826 447 1890 Dicta
476 1837 523 1889 ost
554 1825 585 1889 in
620 1829 784 1890 consulatu
818 1849 848 1890 a.
877 1828 937 1892 559
959 1831 1076 1910 (195).
1119 1831 1208 1893 Idem
1238 1833 1335 1896 sentit

288 1930 464 1994 Maiensius
488 1953 522 2011 p.
548 1931 599 1992 13.

353 2032 513 2106 Constat,
549 2033 706 2097 Catonem
738 2033 899 2096 consulem
930 2034 1130 2116 provinciam
1159 2038 1333 2102 obtinuisse

288 2134 475 2216 Hispaniam
500 2135 693 2212 citeriorem,
719 2147 749 2198 et
765 2137 799 2199 iu
821 2134 956 2218 regione
979 2137 1227 2215 Celtiberorum,
1251 2162 1333 2225 quo-

287 2261 356 2301 rum
397 2251 492 2318 caput
528 2250 575 2300 est
610 2237 800 2313 Numantia,
835 2238 928 2301 multa
961 2240 1085 2321 proelia
1125 2243 1331 2306 commisisse.

287 2341 379 2404 Unde
402 2339 574 2402 verisimile
594 2352 657 2415 est,
686 2344 767 2403 hanc
785 2342 963 2406 orationem
984 2342 1041 2406 illo
1063 2365 1145 2408 anno
1167 2346 1227 2408 559
1243 2345 1333 2424 (195)

288 2441 420 2504 dixisse.
458 2444 527 2504 Nec
551 2455 654 2505 tamen
679 2456 825 2506 accurate
849 2444 975 2506 deliniri
998 2459 1115 2526 potest,
1140 2469 1205 2530 quo
1228 2468 1333 2510 mense

286 2545 340 2608 vel
364 2544 414 2607 die
442 2549 525 2626 apud
555 2545 757 2608 Numantiam
785 2549 857 2610 data
879 2546 1049 2612 occasione
1079 2561 1149 2612 ante
1175 2549 1332 2631 proelium

286 2646 409 2731 equites
435 2668 511 2710 suos
535 2647 632 2710 fucrit
660 2648 827 2711 allocutus.
867 2649 906 2710 Id
930 2649 1022 2710 silent
1044 2650 1183 2726 annales,
1206 2651 1263 2736 qui
1279 2675 1333 2715 su-

285 2761 429 2831 persunt.
483 2751 545 2811 Sed
582 2749 787 2810 nihilominus
816 2749 848 2810 in
882 2749 968 2810 illum
1006 2771 1120 2811 annum
1152 2753 1331 2816 orationem

286 2853 368 2912 hanc
397 2854 512 2913 cadere
539 2849 702 2924 arbitror,
732 2872 800 2910 cum
829 2848 913 2912 Cato
942 2871 1012 2938 non⁸
1034 2851 1096 2914 alio
1124 2864 1270 2933 tempore
1300 2855 1332 2918 in

285 2953 441 3033 Hispania
467 2950 592 3014 fuisset.
632 2951 750 3014 Similis
777 2954 815 3013 ad
842 2950 963 3035 equites
993 2952 1208 3031 allocutionis,
1238 2955 1331 3021 initio

286 3055 424 3118 eiusdem
453 3053 529 3116 belli
556 3053 675 3129 dictae,
709 3053 827 3117 mentio
857 3054 893 3115 fit
924 3058 1006 3136 apud
1037 3055 1166 3118 Livium
1195 3058 1329 3134 31,13.

286 3157 350 3220 Ubi
379 3157 466 3219 satis
494 3157 682 3218 admodum
717 3169 751 3219 et
777 3177 922 3220 suorum
953 3169 987 3219 et
1017 3159 1168 3221 hostium
1196 3161 1332 3224 animos

285 3271 336 3321 est
365 3270 553 3340 expertus,
598 3259 779 3322 convocari
808 3260 966 3322 tribunos
995 3260 1265 3352 praefectosque
1298 3276 1332 3326 et

285 3362 452 3444 equites
477 3383 620 3424 omnes
646 3373 679 3424 et
702 3363 919 3424 centuriones
942 3362 1043 3427 iussit
1065 3365 1195 3448 (Cato).
1231 3369 1333 3428 Tem-

281 3485 368 3545 pus,
397 3464 524 3547 inquit,
563 3465 655 3548 quod
679 3485 780 3546 saepe
810 3465 972 3546 optastis,
1008 3468 1113 3542 venit,
1145 3487 1212 3548 quo
1237 3466 1331 3528 vobis

281 3577 438 3647 potestas
453 3567 566 3643 fleret
590 3568 751 3630 uirtutem
774 3579 924 3630 vestram
949 3568 1151 3630 ostendendi
1167 3579 1231 3628 etc.

348 3666 416 3730 Atii
438 3669 629 3751 interpretes
652 3669 714 3732 alio
741 3680 886 3751 tempore
911 3671 992 3730 hanc
1015 3667 1193 3731 orationem
1214 3667 1329 3732 dictam

284 3781 408 3851 putant.
451 3772 575 3853 Popma
605 3772 637 3834 in
667 3784 836 3856 quaestura
866 3791 933 3832 eam
964 3768 1103 3830 habitam
1132 3789 1199 3832 csse
1229 3769 1327 3846 dicit,

284 3895 355 3934 cum
385 3873 416 3936 in
443 3874 556 3936 Africa
586 3887 738 3959 quaestor
771 3883 853 3934 esset
886 3872 927 3932 P.
957 3868 1101 3949 Scipioni
1134 3872 1257 3936 consuli
1290 3877 1330 3936 ad

284 3976 399 4037 bellum
436 3975 591 4039 Punicum
617 3977 683 4046 ΙΙ.,
718 3974 812 4056 idque
845 3969 997 4032 accidisse
1028 3974 1087 4034 sub
1121 3994 1235 4037 annum
1267 3975 1328 4038 519

283 4079 374 4155 (550)
400 4077 561 4140 Tuditano
589 4091 619 4138 ct
648 4076 795 4156 Cethego
823 4093 909 4136 coss.
956 4073 1018 4135 Sed
1045 4097 1154 4140 errare
1178 4073 1326 4153 videtur,

283 4183 369 4260 qnod
396 4177 480 4242 Cato
508 4187 659 4262 quaestor
688 4175 719 4237 in
748 4173 858 4239 Sicilia
888 4186 919 4239 et
952 4175 1063 4240 Africa
1094 4177 1251 4261 stipendia
1279 4178 1328 4241 se·

284 4291 382 4354 cerat,
408 4300 472 4342 non
497 4279 529 4340 in
554 4276 720 4357 Hispania.
