2970 4836
243 355 284 418 58

244 513 362 596 qttenti
384 515 485 578 Gallo
508 513 661 595 primum
692 527 796 596 caput
824 515 1048 595 percussisse,
1077 515 1200 579 deinde
1215 515 1288 606 fu·

243 616 353 698 gienti
380 615 563 701 fidemque
598 619 719 700 populi
754 620 891 682 romani
928 630 1031 702 atque
1069 641 1190 682 eorum
1230 621 1290 704 qui

244 720 390 782 aderant
410 720 611 800 imploranti
633 723 725 783 latus
747 719 996 810 transfodisse.
1038 722 1199 785 Valerius
1218 726 1290 786 An-

245 823 325 896 tias,
350 834 389 884 ut
413 822 473 905 qui
495 841 555 884 nec
579 824 721 886 Catonis
742 825 936 886 orationem
961 824 1102 906 legisset
1123 835 1157 886 et
1171 822 1289 914 fabu-

244 927 299 988 lae
331 937 467 988 tantum
501 926 575 988 sine
611 938 754 988 aucun-e
786 927 898 988 editae
933 926 1157 1002 credidisset,
1192 927 1291 988 alind

244 1039 503 1110 argumentum,
532 1028 643 1090 simile
667 1040 782 1090 tamen
808 1041 842 1091 et
866 1028 1005 1096 libidine
1029 1041 1063 1092 et
1087 1030 1290 1092 crudelitate

240 1129 394 1212 peragit.
418 1165 457 1178 -
505 1133 545 1194 ln
577 1142 736 1192 extrema
771 1132 930 1194 oratione
964 1133 1106 1197 Catonis
1137 1134 1290 1196 conditio

243 1233 387 1315 Quintio
401 1231 545 1322 fertur,
576 1245 627 1307 ut,
655 1233 687 1296 si
713 1233 750 1295 id
762 1232 912 1322 factum
938 1246 1083 1318 negaret
1109 1248 1290 1321 ceteraque

243 1357 330 1419 quae
361 1335 556 1408 obiecisset,
588 1336 772 1417 sponsione
805 1335 1008 1426 defenderet
1033 1360 1126 1401 sese:
1151 1339 1205 1402 sin
1216 1338 1289 1429 fa-

243 1451 394 1514 teretur,
423 1439 661 1523 ignominiane
682 1460 748 1503 sua
769 1461 975 1524 quemquam
1001 1441 1191 1504 doliturum
1211 1463 1288 1504 een-

243 1555 346 1618 seret‚
370 1543 543 1624 cumipse
568 1543 648 1604 vino
670 1553 703 1604 et
732 1546 865 1607 Venere
890 1564 1010 1606 amens
1036 1544 1207 1627 sanguine
1230 1547 1291 1608 lto·

243 1646 346 1708 minis
369 1645 406 1706 in
431 1643 586 1707 convivio
609 1642 774 1708 lusisset?

278 1790 415 1848 sponsione
431 1785 576 1848 defenderet
593 1785 659 1847 sese]
685 1803 710 1833 v.
733 1789 762 1838 ll.
784 1789 814 1835 1..
836 1789 920 1835 Keller
941 1791 1073 1837 Sernestris
1094 1791 1137 1841 lib.
1160 1793 1183 1836 1.
1204 1805 1228 1848 p.
1244 1789 1286 1838 ll.

307 1913 427 1973 Eadem
449 1930 502 1972 res
525 1923 672 1972 narratur
696 1930 713 1970 a
738 1907 900 1973 Cicerone
926 1913 963 1974 de
991 1911 1159 1976 Senectute
1186 1935 1215 1974 c.
1236 1913 1286 1975 tt.

242 2011 394 2078 Valerius
418 2013 514 2074 Max.
538 2013 592 2087 II,
612 2011 640 2088 9,
661 2013 693 2077 3.
719 2011 789 2087 IV,
807 2014 837 2088 5,
861 2015 890 2077 1.
937 2013 1106 2078 Plutarch.
1132 2014 1206 2080 Cat.
1235 2017 1287 2078 17.

242 2115 382 2182 Flamin.
412 2115 462 2178 18.
508 2115 629 2178 Seneca
651 2115 868 2180 Controvers.
892 2117 955 2193 IV,
977 2119 1029 2182 25.

305 2221 350 2283 L.
369 2218 517 2300 Quintius
544 2216 739 2282 Flamininus
763 2242 828 2283 non
853 2231 918 2284 tam
945 2242 1004 2284 suo
1029 2219 1166 2298 merito,
1193 2243 1286 2307 quam

243 2323 347 2410 gratia
368 2321 438 2385 Titi
459 2321 570 2384 fratris
592 2326 631 2384 ad
651 2344 788 2385 summos
809 2324 949 2386 honores
971 2335 1175 2404 pervenerat.
1200 2320 1288 2386 Con·

242 2425 292 2489 sul
320 2448 403 2490 anno
431 2425 492 2488 562
515 2425 604 2503 (192)
633 2435 778 2502 creatus,
809 2422 842 2486 in
873 2424 960 2509 agris
986 2425 1143 2489 Boiorum
1171 2425 1287 2488 bellum

242 2529 354 2616 gessit.
399 2529 487 2596 Plut.
520 2530 563 2591 T.
591 2525 760 2591 Flaminini
788 2550 819 2591 c.
844 2531 896 2590 ts.
944 2523 1120 2654 Ἀὃελονὸς
1134 2515 1173 2610 ἦν
1202 2529 1288 2620 Τίτῳ

242 2629 385 2709 Λεύκιος
410 2635 635 2717 Φλαμινῖνος,
661 2627 736 2696 οὕτε
762 2627 868 2696 ralla
889 2627 1085 2721 προςεοικώς
1104 2629 1211 2722 ἐκείνῳ
1231 2628 1289 2712 τὴν

242 2731 345 2830 φύσιν
367 2735 436 2800 irre
461 2742 535 2810 ταῖς
558 2729 692 2813 ἡδοναῖς
714 2729 935 2822 ἀνελεύθερος
957 2733 1068 2809 δεινῶς
1090 2739 1146 2798 καὶ
1171 2729 1288 2818 ὀλιγω-

242 2833 386 2928 ρότατος
410 2835 470 2900 τοῦ
491 2839 684 2921 πρέποντος.
732 2834 832 2899 Conf.
860 2833 1017 2898 Liviusl.
1043 2835 1164 2909 35,10.
1205 2835 1287 2900 Cum

241 2941 341 3026 igitur
368 2935 451 3002 Cato
474 2935 635 3000 libidinem
662 2936 728 3000 eius
754 2938 1010 3023 voluptatemque
1036 2940 1204 3034 notandam
1226 2960 1287 3021 pu·

241 3054 337 3120 taret,
364 3040 457 3103 eiecit
478 3062 546 3103 eum
570 3061 587 3103 e
612 3052 733 3104 senatu.

305 3146 427 3206 Extare
451 3142 580 3205 videtur
602 3141 759 3207 orationis
782 3142 1009 3228 fragmentum.

304 3245 451 3309 Isidorus
473 3243 504 3306 in
530 3243 615 3309 libro
640 3248 677 3308 de
700 3245 902 3310 Differentiis
928 3269 962 3329 p.
988 3250 1061 3312 711.
1093 3251 1146 3311 ed.
1169 3246 1286 3313 Jacobi

242 3351 283 3412 du
303 3348 403 3413 Breul
422 3347 572 3412 ...16012
595 3351 692 3413 Inter
710 3370 865 3413 amorem
883 3362 916 3413 et
940 3351 1147 3434 cupidinem.
1178 3351 1288 3414 Aliud

240 3464 304 3528 est,
328 3451 440 3538 inquit
465 3455 570 3528 Cato,
596 3451 770 3534 Philippo,
799 3474 899 3516 amor
920 3455 1021 3535 longe
1044 3453 1206 3534 aliudque
1228 3474 1286 3513 eu-

237 3555 336 3636 pido.
380 3555 535 3620 Accessit
557 3553 649 3617 illico
676 3556 784 3630 alter,
812 3555 871 3617 ubi
892 3557 982 3616 alter
1009 3553 1149 3615 recessit
1155 3575 1167 3624 ;
1196 3557 1286 3617 alter

240 3657 363 3732 bonus,
388 3660 478 3719 alter
500 3657 625 3720 malus.

274 3799 347 3846 aliud
366 3798 414 3858 est]
447 3801 474 3846 ln
495 3800 587 3844 Berthii
612 3801 766 3844 Adversas-its
788 3795 835 3854 ³9,
857 3794 879 3848 6.
903 3799 1009 3857 legitur:
1046 3797 1115 3842 Inter
1132 3813 1244 3845 amorem
1261 3808 1286 3848 et

309 3886 453 3946 cupidinem
473 3885 547 3930 aliud
569 3892 626 3944 est,
650 3887 732 3945 inquit
755 3884 824 3936 Cato.
862 3885 983 3944 Pttttppt.
1020 3885 1096 3931 Amor
1117 3888 1192 3949 longe
1213 3889 1286 3936 aliud

307 3983 348 4022 est
366 3973 466 4034 cupido.
504 3974 614 4017 accessit
635 3973 704 4018 illico
722 3975 797 4020 alter.
834 3974 870 4018 ibi
887 3975 953 4019 alter
972 3976 1088 4020 recessit.
1125 3979 1210 4022 Varist
1227 3993 1283 4034 pau-

310 4069 358 4110 lum
383 4065 457 4108 codex
479 4063 626 4108 Bssileensis
648 4063 684 4106 De
706 4063 856 4107 Differentiis
881 4063 986 4119 Isidori,
1000 4064 1042 4108 'sb
1065 4064 1158 4111 Orellio
1181 4071 1283 4126 nostro,

308 4155 340 4198 V.
365 4153 393 4202 G.
411 4166 504 4197 mecum
524 4151 712 4196 communicatus
720 4163 728 4209 3
751 4151 784 4195 ibi
805 4153 868 4196 enim
890 4153 1010 4211 legimus:
1034 4150 1112 4198 Aliud
1127 4159 1182 4208 est,
1202 4152 1284 4211 inquit

307 4237 393 4296 Catio,
414 4238 533 4300 pitttppt,
554 4251 626 4284 amor
646 4241 722 4301 longe
744 4239 817 4286 aliud
835 4248 874 4286 est
893 4240 995 4300 cupido.
1029 4241 1140 4287 accessit
1155 4239 1225 4284 illico
1245 4240 1282 4284 al-

306 4337 345 4378 tsr
363 4329 400 4374 ilii
419 4330 484 4376 altu·
506 4329 624 4385 recessit,
645 4331 711 4376 alter
731 4329 820 4387 bonus,
844 4331 909 4376 nltsr
930 4331 1023 4392 malus.
1062 4330 1127 4376 Unde
1151 4329 1233 4374 nescio
1253 4343 1282 4372 sn
