2966 4842
1159 361 1220 424 503

167 515 280 582 litium
303 518 537 602 quaestionem
559 528 648 580 recte
671 517 903 602 requirentur,
926 529 966 580 ut
987 529 1110 580 contra
1125 517 1219 582 Cice·

167 619 265 685 ronis
287 621 463 684 orationes
485 620 680 682 Tuberonis
709 621 745 682 in
774 621 955 703 Ligarium
986 633 1019 684 et
1040 620 1218 684 Hortensii

166 743 234 808 pro
260 727 381 789 Verre.

231 860 367 942 Quintil.
386 861 456 938 XI,
487 865 516 937 1,
543 862 595 925 78.
642 864 756 925 Potest
778 861 923 937 evenire,
949 871 983 925 ut
1009 862 1041 924 in
1072 859 1140 924 aliis
1167 882 1218 925 re-

165 967 391 1046 prehendenda
409 963 482 1038 sint,
501 985 582 1049 quae
603 962 665 1045 ipsi
688 964 878 1040 fecerimus,
907 975 938 1025 ut
955 963 1068 1027 obiicit
1081 965 1215 1027 Tubero

166 1066 319 1150 Ligario,
350 1070 437 1150 quod
465 1065 496 1130 in
522 1065 635 1129 Africa
663 1065 773 1128 fucrit.
820 1065 857 1128 td
878 1068 1041 1150 quomodo
1066 1069 1217 1128 decenter

164 1159 236 1232 lieri
251 1167 364 1249 possit,
385 1167 528 1253 equidem
551 1190 613 1231 non
638 1167 789 1245 invenio,
812 1167 871 1231 nisi
896 1167 1016 1252 aliquid
1042 1167 1213 1248 reperitur,

165 1274 251 1356 quod
271 1269 408 1343 intersit,
434 1292 572 1352 persona
589 1283 679 1342 ,aetas
701 1283 824 1352 tempus
846 1292 939 1333 causa
966 1271 1057 1334 locus
1081 1268 1215 1333 animus.

165 1374 303 1436 Tubero
336 1373 489 1435 invenem
517 1396 553 1435 se
592 1374 687 1456 patri
715 1373 884 1448 haesisse,
921 1375 1018 1434 illum
1046 1395 1069 1435 a
1095 1384 1216 1438 senatu
1252 1401 1282 1420 ··

163 1476 308 1538 'missum
321 1497 388 1536 non
406 1476 453 1536 ad
465 1476 600 1550 bellum,
618 1475 680 1536 secl
696 1475 743 1536 ad
751 1473 980 1564 frumentum
995 1475 1215 1538 coemendum

164 1578 225 1652 ait,
244 1591 281 1639 ut
304 1578 457 1660 primum
481 1578 633 1651 licuerit,
663 1579 861 1660 apartibus
884 1579 1081 1652 recessisse,
1110 1579 1215 1660 Liga-

164 1680 256 1744 rium
280 1693 313 1742 et
333 1702 583 1762 perseuerasse,
609 1693 641 1742 et
665 1702 732 1742 non
753 1702 819 1762 pro
842 1683 904 1744 Cn.
930 1681 1101 1762 Pompeio,
1123 1679 1213 1742 inter

163 1805 262 1866 quem
290 1795 322 1844 et
354 1786 537 1848 Caesarem
566 1783 748 1863 dignitatis
768 1779 893 1872 fuerit
923 1784 1112 1855 contentio,
1136 1803 1214 1843 cum

163 1887 293 1947 salvam
315 1897 457 1970 uterque
479 1908 552 1947 rem
574 1885 745 1966 publicam
768 1887 874 1962 uellet,
900 1885 961 1946 sed
980 1907 1046 1966 pro
1061 1885 1148 1948 Iuba
1162 1897 1214 1948 at-

109 1988 116 1998 “
163 2011 227 2072 que
247 1985 355 2078 Afris
379 1988 626 2050 inimicissimis
643 1992 774 2069 populo
797 2008 942 2051 romano
968 1971 1135 2052 stetisse.¹

199 2131 357 2191 Tubero-ait]
394 2133 416 2176 in
437 2135 546 2178 oratione
565 2148 607 2178 suu
628 2139 710 2178 eontra
730 2134 863 2191 Ligarium.

228 2213 364 2296 Quintil.
387 2214 417 2288 b,
441 2214 490 2288 13,
513 2215 564 2284 20.
608 2218 803 2280 Inhumana
826 2220 909 2296 (erat
936 2214 1114 2294 accusatio)
1141 2220 1211 2278 Tu·

162 2318 299 2380 beronis
312 2317 494 2400 Ligarium
515 2321 653 2380 exulem
675 2320 870 2381 accusantis
887 2330 990 2402 atque
1013 2317 1049 2379 iel
1063 2319 1210 2400 agentis,

162 2441 204 2482 ne
226 2420 258 2482 ei
280 2423 410 2482 Caesar
431 2419 601 2501 ignoscat.

225 2559 427 2641 Pomponius
451 2563 489 2622 de
516 2559 643 2642 origine
666 2561 750 2623 luris
774 2584 803 2624 c.
825 2561 854 2635 3,
877 2563 930 2622 46.
976 2564 1057 2624 Post
1083 2562 1210 2623 Treba-

161 2662 248 2726 tium
261 2664 400 2727 Tubero
409 2661 505 2753 fuit,
522 2665 581 2748 qui
590 2663 701 2740 Ofilio
723 2685 865 2746 operam
880 2663 984 2737 dedit,
992 2660 1078 2753 fuit
1094 2676 1210 2726 autem

156 2765 347 2848 patrimus,
371 2777 404 2828 et
430 2767 569 2828 transiit
596 2789 618 2828 a
640 2767 754 2829 causis
780 2767 926 2849 agendis
950 2767 996 2828 ad
1019 2767 1074 2828 ius
1100 2766 1208 2839 civile,

160 2869 313 2932 maxime
332 2881 518 2952 postquam
535 2874 577 2950 Q.
598 2869 778 2950 Ligarium
797 2871 970 2932 accusavit
990 2891 1049 2932 nec
1062 2869 1209 2932 obtinuit

157 2973 254 3053 apud
268 2975 307 3036 C·
321 2975 517 3036 Caesarem.
541 2975 577 3035 Is
595 2983 646 3032 est
662 2976 704 3052 Q.
726 2971 903 3051 Ligarius,
926 2973 996 3054 qui,
1015 2993 1091 3034 eum
1105 2968 1209 3060 Afri-

159 3094 219 3134 cae
234 3094 333 3135 oram
352 3085 491 3147 teneret,
512 3074 546 3134 in
567 3095 695 3136 ermum
714 3073 929 3135 Tuberonem
950 3073 1125 3155 applicare
1141 3094 1209 3136 non

155 3175 316 3256 permisit
341 3196 401 3236 nec
422 3197 549 3258 aqscam
575 3176 731 3238 haurire:
755 3196 823 3258 quo
845 3176 982 3237 nomine
1006 3197 1085 3238 eum
1109 3197 1209 3238 accu-

157 3277 247 3339 savit
267 3289 300 3339 et
317 3278 436 3341 Gicero
452 3277 625 3368 siffenclit.
647 3282 788 3342 Extat
810 3278 904 3340 eius
926 3279 1069 3341 oratio
1093 3279 1210 3340 satis

156 3381 461 3462 pulcherrima
493 3404 581 3466 quae
603 3382 804 3446 inscribitur
833 3404 920 3464 pro
942 3386 984 3464 Q.
1009 3383 1206 3466 Ligario.

158 3483 297 3546 Tubero
326 3483 546 3548 doctissimus
576 3486 714 3568 quidem
735 3485 872 3548 habitus
893 3497 945 3546 est
968 3485 1057 3546 iuris
1082 3484 1209 3564 publici

156 3593 190 3644 et
210 3584 356 3663 priuati,
388 3596 421 3644 et
443 3590 636 3666 complures
659 3587 837 3666 utriusque
860 3587 975 3666 operis
1001 3587 1107 3648 libros
1130 3587 1209 3648 reli-

157 3683 244 3763 quit,
269 3702 426 3743 sermone
448 3687 552 3748 etiam
575 3686 718 3767 antiquo
740 3705 824 3746 usus
845 3685 1022 3772 affectavit
1045 3687 1205 3759 scribere,

157 3795 190 3844 et
212 3782 290 3843 ideo
309 3803 437 3862 parum
459 3787 538 3848 libri
563 3785 636 3846 eius
659 3786 755 3867 grati
776 3787 957 3848 habentur.

384 3970 457 4029 CVI.
479 3976 520 4033 M.
546 3977 670 4036 Valerius
688 3980 810 4038 Messala
831 3980 973 4038 Corvinus.

220 4144 321 4204 Natus
348 4151 393 4200 est
412 4140 451 4215 (si
474 4142 677 4222 Hieronymo
702 4150 833 4209 credere
858 4143 944 4219 licet)
967 4166 996 4206 a.
1016 4167 1046 4204 u.
1065 4141 1125 4204 695
1139 4144 1206 4218 (59)

157 4247 196 4317 C.
219 4245 302 4308 lulio
320 4241 459 4306 Caesare
484 4257 514 4307 et
529 4243 644 4307 Bibulo
669 4247 864 4309 consulibus.
888 4243 1106 4323 Hieronymus
1125 4245 1205 4308 enim
