2992 4840
593 555 653 616 lu:
681 555 780 614 Oratio
800 556 829 612 ln
851 555 1003 614 Plautium.

343 709 473 774 Ellendt
502 731 537 792 p.
564 708 700 774 XLIII.
734 706 972 771 amphusium
998 708 1184 788 Hypsaeum
1212 730 1328 774 consu-

278 812 338 874 lem
359 833 390 874 a.
415 812 477 874 629
500 811 590 891 (125)
612 809 778 894 intelligit.

343 931 495 995 Valerius
521 931 661 996 Maxim.
690 929 729 1007 9,
757 932 788 993 5.
821 929 899 993 Ext.
929 933 959 992 ll.
1004 932 1213 995 Insolentiae
1238 933 1330 995 inter

281 1035 603 1117 Carthaginiensem
619 1046 651 1098 et
678 1037 893 1115 Campanum
915 1047 1072 1095 senatum
1093 1034 1193 1118 quasi
1209 1056 1327 1098 aemu-

280 1138 366 1202 latio
379 1136 478 1228 fuit.
523 1140 586 1203 Ille
608 1138 697 1199 euim
730 1147 893 1217 separato
922 1155 944 1197 a
972 1137 1067 1217 plebe
1097 1137 1217 1200 balneo
1238 1141 1331 1199 luva-

278 1243 404 1315 batur,
444 1239 499 1302 hie
531 1239 669 1302 diuerso
692 1235 791 1327 foro
825 1239 999 1324 utebatur.
1051 1242 1162 1322 Quem
1196 1261 1329 1302 morem

278 1347 418 1426 Capuae
454 1342 667 1426 aliquamdiu
702 1353 894 1417 retentum,
933 1345 971 1406 C.
1007 1363 1140 1426 quaque
1182 1343 1330 1406 Gracchi

279 1445 436 1510 oratioue
460 1443 496 1507 in
522 1443 700 1509 Plautium
726 1445 856 1528 scripta
877 1453 987 1526 patet.

474 1695 521 1752 lo.
562 1693 662 1752 Oratio
683 1695 712 1750 in
733 1695 903 1766 Pompilium
922 1699 951 1751 ct
971 1700 1127 1752 matronas.

342 1847 437 1909 Hanc
470 1844 579 1927 recepi
618 1841 858 1925 inscriptionem
902 1867 942 1908 ex
982 1845 1172 1910 auctoritate
1207 1844 1249 1910 C.
1282 1847 1326 1910 0.

281 1944 431 2014 Mulieri.

248 2083 308 2136 s
342 2070 458 2133 Festus
484 2091 518 2150 p.
543 2069 616 2132 lto.
660 2069 762 2133 Malo
787 2090 887 2130 cruce
913 2068 1089 2133 masculino
1114 2090 1230 2153 genere
1256 2091 1327 2132 cum

280 2170 360 2235 dixit
381 2173 558 2235 Gracchus
576 2172 613 2234 in
635 2170 810 2247 oratione,
834 2191 921 2254 quae
943 2183 996 2236 est
1017 2171 1053 2234 iu
1072 2175 1112 2238 Ρ.
1128 2173 1325 2256 Popillium,

274 2273 490 2358 posteriore,
514 2285 577 2336 tam
600 2273 853 2355 repraesentavit
883 2272 1046 2360 antiquam
1068 2273 1327 2338 consuetudinem

280 2399 373 2462 quam
395 2379 478 2440 hunc
498 2375 637 2440 frontem
656 2388 749 2460 atque
769 2375 852 2438 hunc
873 2374 1004 2458 stirpem
1025 2374 1145 2460 antiqui
1168 2375 1327 2450 dixerunt,

279 2489 310 2542 et
332 2501 443 2541 rursus
464 2480 545 2542 hanc
565 2479 690 2560 lupum,
715 2477 797 2540 hanc
822 2487 949 2540 metum.
994 2479 1075 2540 Item
1101 2500 1170 2540 cum
1193 2477 1275 2541 idem
1295 2476 1328 2540 in

279 2581 541 2664 Pompilium
563 2591 603 2643 et
625 2592 850 2643 matronas
873 2580 936 2644 ait:
963 2583 1017 2644 Eo
1041 2585 1201 2664 exemplo
1223 2581 1327 2644 insti·

278 2693 356 2747 tuto
381 2683 509 2767 dignus
519 2681 624 2772 fuit,
648 2682 707 2766 qui
731 2687 822 2746 malo
848 2705 948 2746 cruce
967 2683 1110 2766 periret.

345 2801 387 2867 C.
405 2803 449 2867 Ο.
465 2803 589 2867 Milller
609 2803 789 2868 adnotavit:
816 2807 933 2886 „Quod
951 2802 1135 2886 Scaligerus
1160 2805 1259 2866 verba
1282 2803 1329 2867 sic

280 2928 353 2970 ase
379 2905 490 2969 relicta
520 2909 606 2970 Item
631 2906 823 2970 cumidem
847 2906 881 2967 in
898 2907 1067 2988 populum
1089 2917 1121 2966 et
1146 2919 1329 2970 matronas

278 3009 329 3072 ait
363 3031 425 3091 pro
458 3019 549 3092 parte
586 3008 740 3073 orationis
775 3005 916 3072 Gracchi
950 3009 1066 3082 habet,
1105 3028 1166 3070 non
1207 3007 1327 3090 placet.

281 3109 400 3191 Quidni
422 3110 505 3173 inter
531 3114 579 3174 tot
605 3110 781 3186 orationes,
806 3133 938 3196 quarum
963 3109 1055 3172 etiam
1080 3109 1249 3194 inscriptio
1270 3132 1327 3193 pe-

279 3211 357 3290 riit,
392 3215 545 3297 quaedam
580 3234 648 3277 esse
678 3224 808 3296 poterat
838 3211 871 3274 in
906 3223 1121 3276 matronarum
1152 3211 1327 3288 luxuriem,

280 3313 369 3377 cuius
397 3313 506 3379 nescio
536 3315 607 3401 quis
632 3315 814 3398 Pompilius
842 3314 894 3378 vel
922 3313 1068 3380 similiter
1096 3314 1197 3377 dictus
1228 3317 1327 3378 homo

279 3428 433 3502 patronus
456 3416 655 3482 extiterat?“
686 3451 724 3464 -
1187 3409 1192 3417 ¹

739 3670 864 3727 Incerta.

253 3856 286 3894 ,A
345 3821 374 3888 l.
396 3815 556 3881 Priscian.
580 3828 608 3880 t.
634 3821 662 3884 l.
685 3841 721 3901 p.
737 3819 812 3881 372.
858 3822 894 3884 0.
916 3819 1114 3884 Gracchus:
1139 3818 1328 3883 Aerarium

278 3919 468 4003 dilargitur
493 3939 640 3983 romano
658 3923 789 4003 populo
811 3955 852 3967 -
878 3921 1070 4006 dilargitur
1098 3920 1225 4004 passive
1246 3940 1327 4002 pro-

278 4020 363 4084 tulit.

315 4154 457 4216 aerarium]
495 4155 598 4200 orationi
618 4155 898 4204 adversus'l'uberansm
919 4159 1003 4205 tribuit
1016 4159 1122 4206 Ellendt.
1156 4161 1202 4206 Sed
1222 4161 1244 4204 in
1265 4159 1327 4202 rnul-

349 4244 380 4287 tis
399 4244 453 4287 utils
474 4256 568 4301 qnoque
586 4241 644 4288 haee
661 4241 733 4288 rerba
756 4246 834 4296 locum
853 4246 941 4292 habere
963 4247 1093 4292 verisimile
1113 4235 1168 4304 cst,¹
1184 4248 1328 4303 praesertim

349 4342 402 4374 cum
424 4329 546 4374 Gracchus
574 4341 644 4384 saepe
671 4329 825 4387 oblectaret,
852 4336 979 4390 optimates
1000 4333 1121 4378 ell‘uadsrs
1143 4336 1264 4380 aerarium
1285 4347 1328 4389 po·
