2992 4844
263 319 330 382 eso

297 481 442 540 Memmius]
478 485 500 526 in
526 483 687 536 carminibus,
708 484 810 539 opinor,
839 496 940 540 quorum
970 481 1061 528 Plinius
1089 496 1181 540 quoque
1202 486 1308 528 rrurrniuit

334 572 357 614 in
376 571 492 626 Epistotts
514 569 576 622 l..5‚
602 563 626 626 3,
651 565 675 617 5.

299 654 403 716 Caesar]
442 659 494 700 tutti
515 657 648 729 tragoedias
666 655 795 715 significet.

501 793 559 850 tv.
599 793 632 850 t.
658 794 751 850 Aetius
774 794 960 850 Praeconinus
984 794 1065 851 sotto.

329 909 438 991 Eques
466 927 632 979 romanus,
662 906 864 980 Lanuvinus,
895 907 1049 993 doctrina(
1067 916 1098 969 et
1125 906 1306 972 eruditione

266 1009 367 1092 magis
396 1009 501 1070 clarus
537 1031 630 1093 quam
666 1009 856 1094 eloquentia.
898 1010 972 1090 lpse
1009 1009 1212 1094 magistratus
1243 1032 1307 1074 non

263 1111 381 1185 tenuit,
404 1133 462 1176 nec
480 1110 556 1176 foro
579 1133 708 1192 operam
730 1110 832 1185 dedit,
856 1114 911 1174 sed
929 1133 998 1172 cum
1011 1113 1130 1174 rhetor
1154 1123 1254 1187 esset,
1277 1123 1308 1176 et

265 1215 352 1276 multi
375 1215 591 1278 adolescentes
621 1235 690 1276 eum
720 1216 757 1276 dc
787 1225 853 1276 arte
883 1213 1025 1277 oratoria
1062 1213 1307 1296 praecipientem

264 1317 374 1378 audire
393 1318 543 1390 solerent,
556 1316 624 1378 aliis
642 1315 804 1380 orationes
828 1316 968 1398 scripsit.
994 1317 1101 1400 Atque
1117 1316 1169 1378 diu
1191 1315 1308 1378 vixisse

250 1418 411 1497 uidetur:
436 1419 619 1481 adolescens
643 1418 724 1481 enim
750 1421 792 1480 L.
818 1418 932 1483 Coelio
949 1418 1133 1500 :Antipatro
1156 1430 1187 1481 et
1209 1419 1308 1481 Luci·

266 1519 310 1585 110
327 1520 508 1595 familiaris,
531 1521 587 1606 qu
613 1543 642 1583 a.
672 1522 730 1584 651
756 1522 845 1598 (103)
874 1505 1089 1594 osuu‘senex
1117 1541 1194 1582 vero
1213 1520 1308 1583 arset-

266 1624 360 1704 pulos
378 1623 485 1684 habuit
503 1626 686 1686 Varronem
713 1634 745 1686 et
771 1621 975 1685 Ciceronem.
1002 1621 1071 1691 Cic,
1096 1624 1188 1682 Brut.
1209 1645 1235 1686 c.
1255 1624 1307 1692 56.

267 1726 310 1788 A.
336 1725 397 1788 659
420 1728 518 1804 (100).
545 1748 608 1788 nats
636 1729 759 1790 Romae
786 1723 889 1804 degit,
914 1727 969 1785 sed
994 1726 1146 1802 Smyrnae
1169 1739 1307 1788 moratus

266 1839 332 1902 est,
359 1850 428 1890 cum
457 1828 500 1906 Q.
531 1827 654 1891 Caecil.
684 1825 849 1888 Metellum
886 1824 1086 1886 Numidicum
1115 1827 1145 1886 in
1176 1827 1305 1890 exilium

267 1929 433 1992 comitatus
454 1942 550 2003 esset,
574 1933 654 1990 unde
677 1949 706 1988 a.
732 1927 792 1987 655
820 1927 887 2002 (99)
911 1947 1060 1988 reversus
1084 1939 1143 1989 est.
1175 1927 1178 1934 ⁴

328 2031 498 2095 Suetonius
537 2032 586 2094 De
626 2029 745 2091 Illustr.
785 2028 929 2089 Gramm.
968 2030 999 2089 2.
1057 2033 1307 2096 Instruererunt

265 2145 506 2217 auxeruntque
523 2132 566 2199 ab
588 2131 682 2194 omni
704 2141 803 2211 parte
831 2131 1098 2211 grammaticam
1120 2136 1162 2195 L.
1187 2135 1308 2198 Aelius

266 2221 466 2300 Lanuuinus
496 2254 667 2316 generque
693 2231 785 2295 stetit
810 2233 949 2296 Servius
973 2235 1135 2309 Clodius,
1165 2247 1307 2320 uterque

265 2359 367 2420 eques
388 2356 569 2407 romanus,
602 2334 764 2416 multique
791 2354 832 2394 ac
863 2335 951 2396 uarii
978 2337 1068 2397 etin
1092 2338 1250 2399 doctrina
1274 2353 1307 2400 et

266 2439 301 2500 tn
321 2439 494 2519 republica
519 2456 615 2496 usus.
641 2439 681 2496 L.
704 2435 822 2497 Aelius
841 2437 1043 2516 cognomine
1064 2439 1193 2520 duplici
1202 2438 1307 2529 fuit:

267 2561 347 2601 nam
366 2551 399 2601 et
418 2536 668 2609 Praeconinus,
689 2537 786 2619 'quod
801 2549 904 2618 pater
921 2539 995 2600 eius
1009 2542 1231 2620 praeconium
1238 2539 1306 2630 fe-

264 2653 371 2717 cerat,
389 2640 587 2713 vocabatur,
611 2651 644 2702 et
665 2641 763 2712 Stilo,
783 2639 876 2722 quod
898 2641 1074 2704 orationes
1095 2644 1307 2706 nobilissimo

265 2745 385 2824 cuique
410 2741 556 2803 scribere
588 2743 729 2804 solebat.
761 2742 896 2804 Tantus
925 2745 1144 2824 optimatium
1163 2743 1304 2831 fautor,

266 2855 303 2905 ut
318 2848 360 2927 Q.
384 2846 564 2906 Met-ellum
586 2844 811 2908 Numidicum
832 2845 866 2905 in
888 2845 1034 2907 exilium
1052 2847 1234 2934 comitatus
1249 2847 1304 2911 sit.

331 2944 449 3008 Cicero
478 2947 572 3008 Brut.
601 2967 629 3008 c.
659 2946 711 3008 56.
767 2948 809 3008 L.
842 2948 959 3010 Aelius
977 2946 1064 3038 suit
1093 2949 1232 3011 omnino
1254 2949 1307 3010 uir

265 3038 430 3130 egregius
465 3061 497 3110 et
532 3070 633 3131 eques
672 3069 837 3110 romanus
877 3071 955 3110 cum
988 3051 1113 3130 primis
1144 3052 1307 3114 honestus
1394 3057 1395 3060 ’

266 3150 422 3232 idemque
449 3151 704 3212 eruditissimus
736 3163 769 3212 et
804 3151 941 3232 graecis
975 3153 1084 3214 literis
1113 3165 1145 3213 et
1176 3153 1305 3226 latinis,

266 3252 549 3336 antiquitatisque
569 3265 706 3315 nostrae
730 3265 762 3315 et
791 3253 826 3313 in
849 3253 989 3316 inventis
1013 3255 1114 3315 rebus
1137 3266 1169 3314 et
1192 3255 1226 3315 in
1251 3275 1306 3314 ac·

267 3354 323 3428 tis,
346 3351 625 3438 scriptorumque
635 3367 784 3418 ueterum
803 3355 938 3416 literate
954 3354 1102 3434 peritus.
1127 3355 1194 3416 Sed
1216 3355 1322 3416 idem¹

268 3457 387 3519 Aelius
409 3457 544 3520 Stoicus
568 3477 639 3518 esse
665 3457 786 3529 coiecit,
813 3467 934 3517 orator
955 3466 1070 3516 autem
1092 3473 1151 3516 neo
1173 3457 1308 3518 studuit

267 3580 429 3642 umquam
452 3579 511 3620 nec
524 3557 629 3649 fuit,·
659 3558 825 3622 scribebat
855 3567 968 3618 tamen
997 3555 1191 3632 orationes,
1220 3579 1307 3640 quas

266 3661 329 3722 atii
347 3661 509 3724 dicerent.

331 3762 416 3825 ibid.
434 3787 464 3825 c.
488 3765 540 3826 46.
571 3769 611 3827 L.
629 3764 750 3829 Aelius
768 3760 973 3842 scriptitavit
988 3762 1160 3827 arationes
1176 3763 1304 3838 multis,

267 3877 387 3928 orator
410 3866 483 3947 ipse
505 3887 691 3949 numquam
701 3863 798 3954 ficit.

295 4033 322 4087 1.
363 4032 462 4090 Oratio
482 4049 534 4104 pro
556 4031 591 4099 Q.
614 4032 739 4089 Caecilio
763 4031 880 4088 Metello
900 4031 1026 4103 Nepote,
1048 4033 1192 4090 Balearici
1208 4034 1279 4090 tilio.

331 4145 379 4204 Ea
403 4165 495 4206 eausa
523 4156 569 4206 est
591 4155 659 4206 acta
686 4164 712 4209 a.
738 4144 797 4206 657
825 4145 905 4222 (97).
931 4143 971 4208 C.
992 4143 1179 4208 Scribonius
1204 4143 1307 4209 Curio

267 4252 360 4320 pater
382 4245 549 4308 Metellum
573 4245 746 4308 accusarit.
770 4246 855 4309 Vide
878 4257 969 4309 orat.
991 4247 1164 4310 Curionis.
