2958 4840
1146 417 1206 478 627

159 577 323 638 Falsterus
347 577 385 636 de
407 575 470 635 hoc
494 584 625 635 oratore
650 571 682 634 in
716 571 887 634 Memoriis
912 572 1059 636 obscuris
1087 573 1205 660 aliquid

161 677 334 741 memoriae
357 673 501 757 prodidit
523 697 555 756 p.
581 677 632 736 ts.

221 779 430 860 Symmachus
452 776 560 858 Epist.
585 775 607 836 1.
631 779 662 851 l,
688 777 737 840 89.
762 777 842 840 Non
866 776 1043 859 incognito
1065 777 1202 861 quidem

156 880 255 945 nobis
285 881 411 965 eloquii
439 877 616 960 splendore
646 878 798 952 nituisti,
842 879 901 939 sed
933 878 1070 962 magnis
1103 881 1204 942 rebus

158 983 419 1046 accommodata
452 992 485 1042 et
518 969 695 1042 maiestate
725 980 847 1061 scripti
880 991 1000 1062 aptata
1034 982 1202 1063 gloriam,

154 1107 258 1170 quam
281 1084 485 1168 magisterio
508 1093 587 1143 ante
606 1082 790 1166 quaesisti,
817 1101 935 1144 recens
952 1083 1055 1145 auxit
1075 1085 1201 1148 oratio.

154 1191 249 1253 Nam
275 1197 415 1268 praeter
448 1185 607 1267 loquendi
634 1187 814 1266 phaleras,
854 1184 976 1267 quibus
1013 1198 1045 1248 te
1076 1199 1203 1248 natura

155 1289 294 1360 ditavit,
326 1288 437 1349 simile
455 1287 619 1370 quiddam
638 1288 805 1367 planeque
827 1286 1030 1348 conveniens
1059 1287 1204 1350 auribus

157 1394 318 1464 Petrum,
354 1389 527 1472 grauitate
561 1409 739 1460 sensuum,
778 1387 957 1450 uerborum
991 1390 1205 1471 proprietate

156 1492 316 1555 sonuisti.
340 1490 496 1572 Denique
506 1489 609 1551 etiam
625 1490 677 1562 lsi,
695 1511 842 1572 quorum
852 1491 1012 1553 Minerua
1026 1493 1203 1554 rancidior

156 1605 224 1669 est,
248 1614 316 1655 non
336 1606 463 1676 negant
469 1590 686 1682 facundiam
710 1604 807 1652 tuam.
825 1593 943 1654 curiae
966 1594 1078 1674 magis
1100 1616 1203 1676 quam

156 1717 277 1757 caueae
311 1695 503 1756 conuenire.
563 1695 609 1756 At
640 1693 705 1764 illi,
751 1714 837 1776 quos
872 1697 1060 1756 cothurnus
1095 1696 1199 1772 altior

155 1798 244 1860 vehit
266 1809 299 1858 et
318 1808 574 1858 structurarum
595 1808 761 1878 pegmata
783 1795 968 1870 delectant,
1002 1818 1108 1881 neque
1135 1798 1198 1858 tri·

157 1911 244 1962 stem
262 1899 471 1961 soliditatem
495 1919 556 1959 nec
571 1899 734 1959 lasciuum
756 1902 908 1982 leporem
925 1921 1076 1962 consona
1101 1901 1202 1962 laude

63 2024 67 2030 ’
157 2003 384 2063 celebrarunt.
448 2003 542 2064 Haec
574 2012 655 2061 sient
688 2001 779 2062 enim
811 2001 1029 2066 condimenta
1062 2002 1135 2064 oris
1169 2015 1202 2064 et

156 2104 305 2185 pectoris
321 2103 383 2178 tui,
405 2103 497 2185 quod
519 2123 578 2164 nee
601 2101 772 2186 grauitate
795 2105 916 2164 horres
939 2124 999 2164 nec
1029 2115 1204 2166 venustate

158 2205 333 2274 luxurias,
355 2205 416 2267 sed
438 2205 572 2265 ratione
587 2203 697 2279 fixus
719 2225 759 2263 ae
782 2204 914 2265 stabilis
933 2226 1133 2288 germanas¹
1146 2227 1202 2268 ao·

158 2309 249 2370 lores
281 2307 382 2368 rebus
406 2306 559 2368 obducis.
605 2309 698 2370 Nolo
724 2306 834 2390 igitur
856 2319 1015 2387 expectes
1037 2307 1205 2374 iudicium

159 2431 289 2482 meum,
332 2431 374 2471 ne
403 2431 521 2472 amore
549 2409 757 2492 delinquam.
816 2409 909 2490 Quid
938 2409 1034 2470 varia
1064 2410 1205 2492 ingenia

159 2511 347 2586 senserint,
372 2535 426 2574 res
450 2512 631 2573 intimavit.
674 2511 750 2573 Fuit
773 2510 920 2572 enimin
943 2509 1003 2572 itta
1025 2513 1201 2585 oratione,

159 2613 252 2698 quod
280 2615 513 2698 unusquisque
541 2613 700 2696 diligeret
730 2625 762 2674 et
787 2635 856 2696 pro
878 2612 1009 2698 ingenii
1038 2614 1094 2676 sui
1121 2637 1205 2698 qua-

159 2715 255 2777 litate
282 2715 452 2778 laudaret.
497 2720 613 2798 Quare
642 2737 782 2798 sequere
815 2729 936 2798 coepta
951 2714 1086 2805 felicia
1116 2729 1149 2778 et
1174 2730 1206 2778 te
1235 2749 1237 2754 ·

163 2820 198 2880 in
229 2819 386 2880 omnibus
413 2820 601 2880 aemulare.
653 2818 764 2881 Nobis
793 2818 840 2878 ad
866 2819 1100 2880 testimonium
1129 2820 1206 2880 reli·

161 2921 278 3002 gionis
309 2921 395 2982 satis
424 2907 475 2982 est
505 2942 572 2983 non
603 2919 741 2982 siluisse
769 2921 973 2981 sententiam
1002 2932 1208 2984 ceterorum.

167 3026 201 3088 V
198 3026 264 3084 ale.

196 3163 270 3208 quam
290 3148 392 3210 caveae]
429 3153 445 3195 i.
471 3164 494 3198 s.
515 3151 617 3194 theatro.
656 3151 756 3194 Videtur
775 3151 891 3194 Auianius
910 3155 979 3194 satra
1004 3150 1141 3193 coruoediss
1169 3151 1207 3192 rel

234 3240 369 3296 tragoedias
386 3239 522 3291 scripsisse.

403 3357 529 3420 CLVlll,
573 3355 608 3424 Q.
630 3355 757 3412 Aurelius
778 3355 968 3428 Spmmooius.

227 3472 327 3532 Extat
361 3473 399 3530 de
429 3471 491 3531 hoc
524 3469 595 3531 viro
625 3469 793 3548 inscriptio
828 3469 859 3529 in
880 3469 999 3548 Opere
1024 3468 1140 3530 Orellii
1165 3472 1207 3531 N.

167 3573 268 3634 1187.-
311 3576 354 3654 Q.
379 3572 522 3635 Aurelio
546 3573 754 3655 Symmacho
776 3571 851 3631 viro
873 3570 1084 3642 clarissimo,
1110 3592 1212 3651 quae·

163 3675 267 3746 stari,
289 3674 467 3756 praetori,
490 3673 653 3753 pontifici
672 3672 813 3745 maiori,
835 3673 1024 3732 correctori
1038 3673 1210 3733 Lucaniae

163 3789 196 3838 et
207 3777 425 3850 Brittiorum,
443 3775 561 3838 comiti
573 3775 705 3836 ordinis
719 3774 825 3845 tertii,
837 3773 1039 3854 proconsuli
1049 3771 1209 3860 Africae,

160 3877 347 3969 praefecto
369 3879 482 3952 urbis,
514 3877 646 3938 consuli
669 3875 868 3950 ordinario,
897 3875 1032 3936 oratori
1058 3875 1212 3937 disertis·

164 3981 265 4044 simo.
289 3985 331 4063 Q.
346 3981 470 4044 Fabius
483 3978 670 4042 Memmius
684 3980 913 4061 Symmachus
930 3976 981 4037 vir
999 3977 1212 4040 clarissimus

166 4083 262 4166 patri
284 4084 428 4165 optimo.

198 4229 254 4272 uiro
272 4226 429 4284 clarissimo]
467 4229 512 4272 viri
531 4227 660 4271 clarissimi
679 4231 734 4270 sunt
753 4230 888 4270 senatores.
916 4225 1072 4270 Csssubonus
1092 4228 1120 4268 ed
1141 4227 1208 4269 Flsr.

235 4315 335 4372 Vopisci
355 4316 513 4362 Aurelianum
533 4330 554 4360 e.
579 4313 618 4360 18.
643 4315 674 4358 Τ.
695 4312 719 4358 2.
741 4327 763 4368 p.
783 4309 842 4358 t59.

200 4411 340 4473 quaestori]
376 4414 532 4467 Symrurrhus
551 4412 629 4469 Epist.
652 4415 668 4456 Ι.
691 4411 703 4456 9
716 4443 722 4466 ,
745 4409 803 4455 119.
