2976 4844
1153 383 1213 450 117

155 531 423 616 Ἐπανελθόντες
448 563 482 606 τε
508 534 554 618 είς
577 533 720 626 Ῥώμην,
751 539 914 633 ἔφραζον,
940 536 979 608 οῦ
1005 537 1104 624 ζήλου
1127 543 1213 630 μάλ·

160 645 219 706 λον
250 636 272 722 ἢ
299 635 412 732 φόβου
440 644 549 729 γέμειν
580 637 695 722 αὐτοῖς
725 639 769 710 τά
799 645 1054 735 Καρχηδονίων,
1087 637 1213 725 πόλεως

160 745 343 830 δυσμενοῦς
368 745 509 824 τοσῆςδε
535 750 591 812 καί
624 746 779 831 γείτονος,
812 742 949 836 εὐχερῶς
980 738 1086 826 citas
1110 743 1212 830 αὐξα-

160 848 307 932 νομένης.
351 841 462 912 Καὶὸ
491 842 615 916 Κάτων
645 844 795 936 μάλιστα
821 849 944 936 ἔλεγεν,
971 847 1012 918 οῦ
1034 875 1113 918 ποτε
1132 847 1212 918 Ῥω-

160 949 273 1037 μαίοις
301 950 442 1033 βέβαιον
468 946 544 1018 οὐδὲ
569 948 630 1033 τὴν
658 951 854 1043 ἐλευθερίαν
880 952 1041 1033 ἔσεσθαι,
1066 957 1143 1045 πρίν
1164 953 1212 1035 ἐξ·

161 1056 243 1118 ελεῖν
274 1048 488 1141 Καρχηδόνα.
531 1043 594 1122 Ὧν
620 1050 640 1136 ἡ
673 1052 780 1140 βουλὴ
813 1058 1070 1143 πυνθανομένη,
1108 1056 1211 1146 ἔκρινε

160 1163 221 1244 μὲν
245 1158 408 1240 πολεμεῖν,
436 1155 484 1223 ἔτι
510 1152 543 1223 δ’
559 1156 670 1248 ἔχρῃζε
698 1153 916 1248 προφάσεων,
941 1163 998 1226 καὶ
1022 1155 1082 1240 τὴν
1104 1162 1212 1248 κρίσιν

161 1253 353 1348 ἆπόρρητον
383 1247 488 1346 εἶχον,
521 1254 669 1327 Κάτωνα
698 1255 731 1326 δ’
749 1259 782 1341 ἐξ
816 1261 937 1328 ἐκείνου
967 1265 1073 1353 φασὶν
1106 1263 1140 1329 ἐν
1172 1263 1212 1356 τῇ

161 1362 266 1455 βουλῇ
303 1363 420 1449 συνεχῆ
456 1357 587 1451 γνώμην
624 1365 750 1447 λέγειν,
789 1358 993 1453 Καρχηδόνα
1029 1360 1076 1450 μὴ
1116 1354 1211 1432 εἶναι.

161 1463 337 1531 Σκιπίωνα
368 1467 403 1531 δέ
435 1461 494 1532 τὸν
519 1465 674 1532 Νασικᾶν
699 1461 743 1532 τά
763 1465 894 1532 ἐναντία
920 1461 1050 1548 ἀξιοῦν,
1076 1470 1212 1555 Καρχη-

162 1564 245 1633 δόνα
271 1568 338 1656 ε’ᾆν,
361 1568 394 1646 ἐς
419 1561 529 1660 φόβον
553 1564 621 1658 όίρα
642 1572 699 1636 καὶ
724 1561 818 1637 τόνδε
836 1563 1016 1656 Ῥωμαίων,
1042 1571 1210 1638 ἐκδιαιτω-

160 1673 265 1757 μένων
291 1667 364 1750 ἤδη.

226 1772 316 1837 Plut.
346 1771 430 1838 Cato
461 1795 491 1836 c.
515 1773 569 1838 26.
598 1769 764 1864 ’Έσχατον
788 1775 853 1842 τῶν
877 1771 1126 1863 πολιτευμάτων
1152 1771 1212 1843 αῦ-

162 1875 222 1942 τοῦ
245 1870 303 1956 τὴν
326 1871 548 1966 Καρχηδόνος
568 1871 753 1946 άνάστασιν
774 1879 903 1945 οἴονται
927 1882 1210 1965 γεγονέναι-,-

163 1971 285 2044 Κάτων
309 1977 471 2073 ἐπέμφθη
495 1977 578 2071 πρὸς
599 1981 853 2073 Καρχηδονίους
878 1985 934 2048 καί
953 1975 1212 2064 Μασσανάσσην

163 2077 221 2147 τὸν
248 2075 394 2168 Νομάδα
417 2085 644 2168 πολεμοῦντας
675 2079 831 2166 ἀλληλοις
860 2079 1118 2178 ἐπισκεψόμενος
1152 2082 1213 2163 τάς

162 2185 221 2265 τῆς
243 2185 411 2276 διαφοράς
434 2181 620 2276 προφάσεις
644 2231 653 2250 .
679 2231 689 2251 .
715 2231 725 2251 .
750 2229 760 2251 .
811 2189 943 2274 Ταχέως
968 2175 1027 2256 σῦν
1051 2184 1212 2278 ῦποστρέ·

162 2306 236 2380 φας
265 2288 413 2354 ἐδίδασκε
445 2285 505 2370 τὴν
536 2285 676 2376 βουλὴν,
710 2283 753 2366 ῶς
782 2293 817 2356 αἱ
846 2281 1007 2380 πρότερον
1029 2279 1127 2372 ἧτται
1155 2295 1211 2357 καὶ

163 2394 336 2480 συμφοραί
356 2392 594 2480 Καρχηδονίων
615 2387 653 2459 οῦ
677 2392 839 2460 τοσοῦτον
863 2393 921 2474 τῆς
942 2387 1110 2480 δυνάμεως
1132 2384 1212 2459 ὅσον

163 2493 222 2574 τῆς
239 2487 365 2571 άνοίας
393 2489 611 2584 ἀπαρύσασαι
640 2490 885 2562 κινδυνεύουσιν
911 2490 1032 2572 αὐτοὺς
1060 2491 1120 2559 οὐκ
1152 2490 1212 2559 ἀσ-

162 2599 398 2682 θενεστέρους,
423 2597 671 2688 ἐμπειροτέρους
693 2600 729 2664 δὲ
752 2600 903 2685 πολέμων
928 2590 1194 2688 ἀπεργάσασθαι
1201 2647 1210 2680 ,

161 2696 225 2782 ἤδη
250 2701 284 2765 δὲ
306 2705 363 2766 καί
386 2705 692 2787 προανακινεῖσθαι
715 2705 785 2780 τοῖς
806 2701 1015 2787 Νομαδικοῖς
1033 2695 1110 2778 τοῦς
1127 2696 1213 2787 πρὸς

157 2798 343 2890 Ῥωμαίους
366 2798 514 2889 ἀγῶνας,
542 2800 672 2896 εἰρήνην
700 2806 736 2872 δὲ
765 2808 821 2870 καλ
848 2799 994 2881 σπονδάς
1022 2799 1129 2891 όνομα
1153 2803 1214 2872 τοῦ

161 2909 309 2994 πολέμου
339 2907 377 3002 τῇ
404 2903 556 2994 μελλήσει
585 2912 726 2975 κεῖσθαι
755 2903 874 2995 καιρὸν
898 2910 1137 2997 περιμένοντος.
1182 2929 1213 2986 c.

162 3009 217 3072 27.
261 3007 357 3100 Πρὸς
385 3004 516 3088 τούτοις
546 3015 632 3102 φασὶ
664 3008 722 3078 τὸν
758 3006 905 3077 Κάτωνα
938 3014 993 3077 καί
1027 3009 1112 3077 σῦκα
1148 3010 1212 3077 τῶν

161 3113 319 3198 Λιβυκῶν
349 3113 493 3196 ἐπίτηδες
527 3113 677 3202 ἐκβαλεῖν
707 3115 740 3180 ἐν
768 3113 808 3208 τῇ
837 3112 942 3208 βουλῇ
970 3108 1029 3194 τὴν
1057 3107 1213 3199 τήβεννον

163 3210 432 3304 ἀναβαλόμενον,
465 3205 536 3283 εἶτα
567 3211 822 3304 θαυμασάντων
850 3213 888 3283 τὸ
915 3217 1062 3304 μέγεθος
1091 3212 1212 3282 καὶτὸ

162 3313 284 3397 κάλλος
315 3314 433 3400 εἰπεῖν,
461 3314 504 3400 ῶς
533 3315 553 3402 ἡ
579 3321 687 3387 ταῦτα
712 3323 865 3413 φέρουσα
885 3313 979 3410 χώρα
1006 3319 1106 3411 τριῶν
1134 3313 1212 3406 ἡμε-

162 3421 229 3509 ρῶν
250 3424 354 3490 πλοῦν
375 3418 488 3511 άπίχει
513 3422 572 3504 τῆς
589 3416 726 3510 Ῥώμης.
763 3419 889 3490 Ἐκεῖνο
911 3418 943 3489 δ’
957 3419 1020 3504 ἤδη
1043 3425 1100 3489 καὶ
1119 3423 1211 3508 βιαι-

163 3517 299 3613 ότερον,
330 3521 368 3591 τὸ
394 3530 467 3617 περὶ
490 3521 615 3604 παντὸς
639 3515 679 3592 οῦ
708 3520 829 3607 δήποτε
853 3519 1050 3616 πράγματος
1080 3521 1212 3612 γνώμην

163 3621 433 3718 ἀποφαινόμενον
451 3631 708 3722 προςεπιφωνεῖν
738 3619 861 3706 οῦτως·
902 3631 1003 3696 Δοκεῖ
1020 3629 1057 3694 δέ
1076 3652 1134 3717 μοι
1155 3633 1212 3694 καὶ

162 3725 368 3820 Καρχηδόνα
390 3728 436 3818 μὴ
460 3723 554 3799 εἶναι.
1189 3749 1194 3756 “

227 3831 352 3900 Plinius
376 3833 464 3899 Hist.
492 3835 569 3898 Nat.
592 3832 651 3897 lib.
678 3833 728 3912 15,
753 3833 805 3914 18,
830 3835 882 3900 20.
919 3837 1005 3900 Cato
1027 3834 1211 3918 perniciali

162 3935 244 3998 odio
277 3937 503 4021 Carthaginis
531 3913 712 4031 flagrans
749 3951 980 4022 nepotumque
1013 3936 1211 4000 securitatis

162 4038 306 4114 anxias,
319 4047 410 4103 ‘cum
433 4041 599 4103 clamaret
622 4041 717 4104 omni
740 4052 863 4103 senata
886 4039 1131 4121 Carthaginem
1153 4038 1210 4098 de·

162 4140 319 4219 tendam,
355 4143 473 4206 attulit
502 4142 652 4227 quodam
685 4137 757 4204 die‘
773 4141 809 4204 in
843 4141 978 4203 cariam
1007 4159 1212 4222 praecocem

162 4265 210 4304 ex
235 4265 279 4306 ea
301 4244 486 4327 provincia
503 4245 638 4322 ficum,
667 4245 914 4326 ostendensque
941 4240 1101 4324 patribus
1127 4245 1210 4314 „In-

163 4355 308 4431 terrogo
331 4367 405 4424 υσε,
418 4347 433 4377 “
449 4347 572 4432 inquit,
600 4345 764 4431 „quando
787 4347 874 4406 hanc
894 4363 1038 4426 pomam
1061 4341 1211 4408 demtam
