2984 4842
444 581 488 638 11.
530 579 683 636 Orationes
704 579 780 650 apud
801 577 907 634 milites
926 578 956 632 tn
976 575 1129 646 Hispania.

326 707 417 768 Duae
447 701 610 766 orationes
639 699 787 786 Caesaris
816 701 898 780 apud
921 700 1075 762 Mundam
1099 696 1130 760 in
1154 696 1312 779 Hispania

264 829 291 871 a.
316 806 376 869 709
400 807 469 884 (15)
499 803 624 866 habitae
652 802 858 865 serebantur:
892 813 1005 864 neutra
1034 799 1134 881 ipsius
1163 800 1313 865 Caesaris

265 920 352 983 erat,
383 910 439 970 sed
469 908 577 968 ambae
612 927 629 968 a
659 903 845 968 rhetoribus
873 904 978 971 lictae.
1015 901 1115 967 Cous.
1146 904 1313 966 Drumaun

265 1024 288 1076 t.
312 1011 344 1073 3.
368 1033 402 1092 p.
428 1010 501 1071 637.
528 1009 600 1072 752.

331 1114 419 1174 Suet.
445 1110 540 1175 Caes.
566 1112 618 1173 55.
666 1111 791 1192 Apud
814 1109 980 1171 milites
1003 1130 1135 1192 quoque
1158 1107 1198 1171 in
1220 1108 1315 1172 His·

265 1216 402 1298 pania
436 1213 526 1276 idem
568 1217 747 1295 Augustus
780 1211 973 1274 orationem
1007 1233 1081 1272 esse
1114 1209 1174 1274 vire
1206 1210 1317 1294 ipsius

263 1329 387 1400 putat:
409 1338 496 1400 quae
519 1328 634 1378 tamen
657 1315 789 1397 duplex
806 1313 956 1403 fertur,
981 1334 1053 1374 una
1074 1314 1174 1396 quasi
1196 1312 1317 1395 priore

268 1419 385 1482 habita
403 1417 553 1501 proelio,
582 1420 695 1479 altera
712 1417 927 1498 posteriore,
952 1437 1020 1500 quo
1047 1415 1191 1480 Asinius
1208 1416 1319 1478 Pollio

270 1544 312 1585 ne
340 1534 476 1603 tempus
509 1519 646 1603 quidem
679 1518 905 1582 concionandi
935 1519 1094 1582 habuisse
1127 1540 1205 1581 eum
1235 1517 1319 1580 dicit

270 1624 385 1687 subita
410 1623 561 1686 hostium
587 1621 793 1684 incursione.

304 1767 409 1812 Asinius
422 1764 512 1824 Pollio]
549 1769 588 1824 qui
608 1768 631 1810 in
650 1767 757 1810 exercitu
772 1767 885 1810 Caesaris
906 1767 1026 1818 interfuit,
1048 1773 1072 1810 et
1090 1771 1172 1822 postea
1192 1767 1318 1811 historiam

341 1856 460 1898 bellorum
479 1855 585 1898 civilium
605 1855 710 1909 scripsit.
732 1853 804 1898 Conf.
828 1853 951 1898 Drumruu
972 1861 988 1897 t.
1011 1853 1036 1898 2.
1055 1869 1079 1910 p.
1101 1850 1125 1901 5.

335 1975 411 2035 Huc
441 1973 578 2036 fortasse
608 1971 764 2055 pertinet,
796 1976 884 2056 quod
913 1975 998 2056 apud
1026 1974 1213 2038 Diomedem
1237 1974 1261 2036 l.
1287 1978 1319 2035 1.

273 2098 310 2160 p.
335 2075 409 2138 395.
434 2073 588 2156 legimus:
995 2070 1000 2078 ’

338 2183 483 2241 l'rustro
505 2178 600 2261 apud
625 2191 773 2252 veteres,
805 2190 844 2241 ut
867 2181 904 2244 0.
929 2182 1059 2245 Caesar
1080 2179 1174 2261 apud
1195 2179 1321 2242 milites

274 2280 315 2343 de
337 2282 526 2345 commodis
548 2301 687 2344 eorum:
710 2283 792 2346 Non
809 2280 997 2369 frustrabo
1019 2304 1089 2356 vos,
1115 2281 1252 2345 milites.

538 2447 584 2506 12.
625 2447 725 2504 Oratio
745 2465 797 2520 pro
817 2449 905 2505 Decio
926 2449 1066 2506 Samnite.

341 2562 370 2624 T
374 2582 482 2642 empus
498 2559 666 2638 incertum,
689 2574 909 2644 argumentum
932 2584 996 2625 uon
1019 2562 1119 2624 minus
1140 2563 1323 2627 obscurum.

279 2665 342 2727 Sed
372 2684 441 2725 cum
472 2662 593 2727 Caesar
624 2662 655 2724 iu
692 2663 858 2741 omnibus,
890 2686 968 2749 quas
999 2675 1127 2746 egerat,
1159 2663 1261 2726 causis
1290 2661 1324 2724 id

278 2787 372 2828 unum
388 2775 565 2846 spectaret,
590 2775 623 2827 ut
646 2765 817 2847 optimates
841 2777 973 2829 vexaret
995 2778 1089 2850 atque
1112 2765 1322 2847 opprimeret,

277 2866 421 2930 homines
443 2888 522 2930 vero
545 2867 718 2949 populares
741 2868 915 2946 adiuvaret,
939 2870 1145 2932 confirmaret
1160 2887 1324 2950 novasque

278 2968 364 3032 vires
386 2969 424 3032 iis
448 2972 599 3032 adderet:
630 2969 802 3033 verisimile
832 2984 897 3049 est,
928 2971 959 3035 iu
990 2975 1048 3034 hac
1078 2991 1206 3056 quoque
1230 2988 1324 3032 eausa

279 3071 375 3133 simili
411 3094 480 3134 eum
514 3095 602 3135 usum
639 3074 788 3139 consilio.
828 3073 963 3138 Constat
999 3071 1100 3149 enim,
1143 3074 1259 3135 Sullam
1293 3070 1324 3132 in

279 3171 453 3247 Samnites,
479 3173 588 3257 quiin
612 3175 697 3239 bello
721 3176 807 3239 civili
830 3178 972 3239 Marium
995 3177 1095 3238 secuti
1119 3187 1226 3248 erant,
1252 3196 1325 3235 cru·

280 3273 437 3336 delissime
473 3275 638 3350 saeviisse,
677 3277 780 3363 iisque
811 3280 897 3340 bona
931 3277 1038 3339 omnia
1073 3289 1181 3356 erepta
1214 3275 1325 3337 fuisse.

282 3374 366 3439 Cum
391 3373 505 3438 deinde
528 3390 602 3459 post
625 3391 757 3442 mortem
782 3378 887 3441 Sullae
911 3376 1143 3439 restitutionem
1166 3379 1326 3438 bonorum

196 3493 198 3500 ’
286 3477 432 3541 obtinere
455 3492 620 3561 cuperent,
638 3482 756 3545 Caesar
779 3480 894 3562 aliique
916 3478 999 3540 idem
1016 3475 1186 3540 sentientes
1202 3499 1327 3539 causam

285 3600 394 3642 eorum
418 3595 643 3663 susceperuut,
675 3580 774 3643 veluti
797 3581 917 3644 Caesar
945 3599 1007 3659 pro
1038 3581 1141 3644 Decio
1173 3579 1325 3653 Samnite,

285 3694 316 3743 ut
339 3680 394 3766 qui
415 3705 474 3764 per
497 3684 614 3745 Sullam
637 3685 722 3744 bona
745 3703 800 3743 sua
821 3681 987 3760 amisisset,
1013 3705 1121 3747 orasse
1144 3681 1283 3745 videtur.

349 3785 455 3847 Tacit.
484 3784 571 3846 Dial.
601 3786 639 3845 de
670 3783 866 3848 Oratoribus
890 3787 943 3848 21.
989 3786 1223 3851 Concedamus
1245 3805 1327 3846 sune

285 3887 375 3951 Gaio
390 3886 549 3961 Caesari,
570 3897 608 3947 ut
626 3899 772 3968 propter
789 3889 1061 3971 magnitudinem
1078 3889 1328 3972 cogitationum

285 4000 318 4051 et
341 3987 580 4068 occupationes
603 4009 721 4051 rerum
749 3991 864 4055 minus
894 3991 1145 4076 ineloquentia
1172 3988 1328 4078 effeoemt

285 4109 389 4173 quom
415 4089 568 4152 diuinum
582 4091 663 4154 eius
694 4091 871 4175 ingenium
891 4096 1102 4176 postulabat,
1126 4105 1199 4156 tam
1217 4092 1328 4154 hercle

285 4211 389 4271 quam
416 4195 563 4254 Brutum
591 4193 829 4277 philosophiae
858 4218 942 4259 suae
975 4198 1223 4281 relinquamus.
1248 4212 1328 4253 nam

286 4289 323 4348 in
344 4292 560 4358 orationibus
582 4297 750 4360 minorem
775 4320 849 4362 esse
859 4297 974 4389 foma
998 4320 1064 4362 suu
1086 4297 1191 4361 etiam
1215 4293 1328 4358 admi·
