2966 4842
232 351 310 438 ‘sto

249 531 441 600 hendendo,
474 549 560 614 quae
588 542 702 592 tenere
732 528 887 604 debebat,
922 543 955 592 et
985 533 1033 592 ad
1061 534 1300 611 custodienda,

249 635 337 698 odeo
360 644 398 696 ut
420 651 537 696 omnes
555 629 820 694 declamationes
841 653 932 710 suas,
951 654 1184 719 quascumque
1200 635 1302 700 diue-

251 749 319 812 rat,
342 747 484 800 teneret.
508 736 578 798 iam
598 735 713 820 itaque
728 754 959 816 supervacuos
973 737 1039 799 sibi
1049 735 1191 824 fecerat
1207 740 1303 801 codi-

250 859 320 902 ces:
341 839 454 902 aiebat
473 859 510 902 ss
532 837 680 901 scribere
696 837 732 899 in
757 837 887 900 animo.
911 839 1004 903 Illud
1019 860 1124 902 unum
1143 861 1209 903 non
1227 839 1303 930 dif-

247 939 386 1030 feram,
399 938 545 1031 falsam
560 939 757 1022 opinionem
774 938 816 1001 de
840 940 899 1002 illo
921 941 956 1002 in
976 941 1102 1004 animis
1123 944 1302 1006 hominum

248 1043 471 1108 conualuisse.
492 1052 616 1124 putant
637 1041 739 1112 enim,
745 1038 904 1130 fortiter
927 1043 1075 1126 quidem,
1100 1044 1161 1106 sed
1171 1065 1300 1126 parum

250 1145 421 1210 subtiliter
442 1165 520 1207 eum
540 1144 684 1220 dixisse,
710 1165 788 1205 cum
809 1145 844 1205 in
859 1145 929 1220 illo,
952 1147 986 1206 si
1009 1166 1077 1229 qua
1099 1148 1170 1208 alia
1189 1147 1300 1209 virtus

237 1247 335 1340 ficit,
362 1248 466 1311 etiam
490 1246 663 1310 subtilitas
677 1243 814 1335 fuerit.
859 1246 912 1322 ld,
938 1249 1031 1332 quod
1052 1268 1141 1309 nunc
1159 1269 1182 1311 a
1202 1253 1297 1312 nullo

239 1351 332 1428 fieri
359 1349 613 1426 animaduerto,
643 1369 779 1430 semper
796 1347 908 1438 secit.
958 1354 1155 1434 Antequam
1186 1351 1299 1415 dicere

247 1453 423 1536 inciperet,
437 1452 559 1516 sedens
573 1452 790 1537 quaestiones
810 1451 895 1528 eius,
915 1473 1019 1536 quam
1031 1453 1187 1516 dicturus
1206 1465 1295 1530 crat,

245 1555 504 1620 controversiae
517 1553 751 1637 proponebat,
778 1555 870 1637 quod
884 1575 1039 1617 summae
1055 1554 1215 1632 fiduciae
1230 1567 1294 1621 est.

248 1662 331 1743 lpsa
356 1659 446 1721 enim
468 1657 559 1720 actio
577 1660 704 1719 multas
724 1657 873 1719 latebras
895 1656 1005 1733 habet,
1033 1679 1094 1720 nec
1115 1654 1224 1743 facilc
1235 1679 1298 1741 po-

248 1773 325 1837 test,
355 1761 386 1822 si
410 1781 479 1843 quo
507 1762 582 1822 loco
607 1758 779 1821 subtilitas
806 1756 982 1846 defuerit,
1005 1781 1193 1843 apparere,
1220 1782 1299 1822 cum

248 1862 417 1926 orationis
442 1881 565 1923 cursus
595 1860 761 1923 iudicium
781 1862 955 1925 audientis
978 1863 1158 1944 impediat,
1182 1862 1297 1925 dicen-

248 1966 292 2030 tis
314 1963 509 2027 abscondat.
554 1962 648 2046 Quid
669 1964 779 2045 ergo.9
800 1964 890 2027 unde
915 1967 997 2028 haec
1023 1967 1065 2028 de
1091 1965 1150 2028 illo
1159 1962 1298 2054 fama?

246 2067 332 2130 nibil
356 2077 408 2130 est
433 2065 584 2149 iniquius
607 2065 679 2142 bis,
705 2067 764 2149 qui
785 2088 955 2150 nusquam
974 2077 1101 2149 putant
1124 2089 1197 2131 esse
1220 2069 1299 2130 sub-

246 2169 420 2244 tilitatem,
443 2168 511 2232 nisi
536 2169 594 2232 ubi
617 2168 703 2232 nibil
722 2181 774 2232 est
791 2183 933 2252 praeter
953 2171 1188 2246 subtilitatem,
1201 2184 1235 2234 et
1259 2173 1297 2234 in

245 2272 305 2336 illo
326 2294 405 2336 cum
427 2291 545 2335 omnes
565 2271 742 2336 oratoriae
766 2271 909 2336 virtutes
929 2285 1053 2350 essent,
1072 2276 1136 2338 hoc
1145 2271 1290 2364 funda·

249 2385 401 2438 mentum
412 2385 464 2438 tot
485 2386 519 2438 et
537 2373 642 2438 tantis
653 2374 900 2456 superstructis
913 2375 1058 2440 molibus
1072 2377 1294 2452 obruebatur,

247 2497 307 2541 nec
328 2478 446 2541 deerat
476 2479 513 2540 in
533 2477 612 2554 illo,
643 2476 703 2542 sed
729 2497 798 2540 non
819 2478 1004 2554 eminebat,
1040 2489 1072 2542 et
1101 2479 1216 2542 nescio
1245 2500 1293 2542 an

247 2581 441 2644 maximum
462 2580 582 2644 uitium
604 2578 804 2642 subtilitatis
826 2580 888 2658 sit,
912 2581 1014 2644 nimis
1043 2603 1079 2645 se
1101 2581 1294 2647 ostendere.

249 2686 331 2748 Non
350 2683 507 2766 placebat
528 2681 580 2745 illi
601 2681 794 2745 orationem
823 2681 1003 2774 iryicctere
1036 2705 1096 2748 nec
1129 2705 1295 2768 umquam

247 2797 343 2848 recta
363 2785 420 2848 via
440 2783 631 2859 discedere,
655 2783 723 2846 nisi
744 2805 823 2848 cum
842 2788 905 2848 hoc
926 2797 989 2848 aut
1012 2786 1198 2850 necessitas
1219 2809 1296 2850 coe-

245 2887 365 2970 gisset,
388 2899 450 2950 aut
473 2901 602 2969 magna
621 2885 789 2951 suasisset
810 2888 952 2951 utilitas.

306 2990 388 3053 ibid.
411 3013 446 3073 p.
473 2990 546 3056 310.
570 3009 630 3052 nec
652 2990 741 3053 enim
763 2990 815 3053 illi
837 3012 911 3053 mos
932 3003 1027 3067 erat,
1050 3011 1296 3076 quemcumque

245 3092 367 3154 audire
390 3092 646 3156 declamantem.
671 3094 882 3156 declamabat
903 3093 977 3176 ipse
998 3106 1145 3170 tantum,
1169 3106 1201 3158 st
1223 3094 1294 3158 aie·

246 3193 302 3256 bat
325 3215 361 3256 se
387 3215 454 3256 non
477 3216 550 3258 esse
573 3195 791 3278 magistrum,
815 3196 877 3258 scd
897 3199 1105 3279 exemplum.

308 3294 389 3357 ibid.
413 3317 447 3377 p.
473 3296 544 3358 llll.
579 3295 708 3362 Cassius
731 3297 869 3359 Severus
902 3296 996 3362 dicit:
1029 3297 1309 3382 diligentissime*

244 3399 309 3462 tibi
336 3419 388 3460 me
416 3420 638 3477 excusarem,
667 3411 843 3483 tamquam
870 3400 949 3462 huic
981 3401 1033 3464 rei
1054 3401 1293 3483 (declamatio-

247 3502 360 3578 nibus)
389 3521 457 3565 non
493 3525 601 3565 essem
637 3513 763 3574 natus,
795 3501 863 3566 nisi
892 3502 1016 3566 scirem
1044 3515 1077 3566 et
1106 3503 1295 3566 Pollionem

249 3604 410 3670 Asinium
431 3616 465 3666 et
486 3607 678 3668 Messalam
700 3603 903 3678 Coruinum,
934 3618 966 3668 et
988 3606 1208 3680 Passienum,
1234 3605 1295 3689 qui

244 3726 334 3770 nunc
347 3705 462 3788 primo
476 3708 551 3770 loco
566 3717 649 3782 stat,
669 3706 784 3770 minus
805 3705 887 3770 bene
902 3707 1011 3772 videri
1031 3707 1294 3792 quamb'estium

246 3819 310 3872 aut
331 3811 572 3876 Latronem.

306 3909 387 3973 ibid.
412 3935 443 3993 p.
467 3911 541 3974 291.
566 3911 740 3973 Montanus
757 3909 915 3974 Votienus
939 3910 1036 3976 dicit:
1056 3915 1112 3975 Tu
1134 3912 1212 3986 scis,
1233 3912 1293 3974 de·

242 4013 464 4077 clamatoriae
485 4012 622 4076 virtutis
645 4016 831 4076 Latronem
840 4013 1002 4078 Porcium
1024 4014 1294 4076 unicumcscem-

238 4118 347 4198 plum,
372 4136 535 4198 cumpro
558 4135 618 4179 reo
640 4114 675 4177 in
698 4115 871 4198 Hispania
891 4115 1035 4180 Rustico
1057 4117 1181 4182 Porcio
1207 4138 1293 4201 pro-

238 4217 369 4301 pinquo
390 4239 455 4281 suo
476 4217 615 4294 diceret,
640 4239 746 4302 usque
768 4240 808 4281 eo
829 4239 904 4282 esse
925 4216 1125 4308 confusum,
1143 4230 1181 4282 ut
1196 4237 1219 4280 a
1233 4239 1291 4283 so·

240 4318 401 4396 loecismo
421 4318 605 4400 inciperet,
629 4341 689 4387 nec
710 4333 790 4386 ante
810 4321 963 4402 potuine
986 4318 1205 4400 confirmari,
1222 4331 1291 4384 tec·
