<?xml version="1.0" encoding="UTF-8"?>
<!DOCTYPE html PUBLIC "-//W3C//DTD XHTML 1.0 Transitional//EN"
    "http://www.w3.org/TR/xhtml1/DTD/xhtml1-transitional.dtd">
<html xmlns="http://www.w3.org/1999/xhtml" xml:lang="en" lang="en">
 <head>
  <title>
</title>
<meta http-equiv="Content-Type" content="text/html;charset=utf-8" />
  <meta name='ocr-system' content='tesseract 3.04.00' />
  <meta name='ocr-capabilities' content='ocr_page ocr_carea ocr_par ocr_line ocrx_word'/>
</head>
<body>
  <div class='ocr_page' id='page_1' title='image "./oratorumromanor02meyegoog_0074.png"; bbox 0 0 2970 4836; ppageno 0'>
   <div class='ocr_carea' id='block_1_1' title="bbox 557 603 1118 676">
    <p class='ocr_par' dir='ltr' id='par_1_1' title="bbox 557 603 1118 676">
     <span class='ocr_line' id='line_1_1' title="bbox 557 603 1118 676; baseline -0.004 -16"><span class='ocrx_word' id='word_1_1' title='bbox 557 604 605 660; x_wconf 71' lang='grc'><strong>92.</strong></span> <span class='ocrx_word' id='word_1_2' title='bbox 638 603 738 662; x_wconf 86' lang='lat' dir='ltr'><strong>Oratio</strong></span> <span class='ocrx_word' id='word_1_3' title='bbox 760 605 796 660; x_wconf 92' lang='lat' dir='ltr'><strong>de</strong></span> <span class='ocrx_word' id='word_1_4' title='bbox 819 603 1027 660; x_wconf 88' lang='lat' dir='ltr'><strong>coniuratione.</strong></span> <span class='ocrx_word' id='word_1_5' title='bbox 1117 673 1118 676; x_wconf 8' lang='grc' dir='ltr'><strong>Ἴ</strong></span> 
     </span>
    </p>
   </div>
   <div class='ocr_carea' id='block_1_2' title="bbox 274 751 1325 2374">
    <p class='ocr_par' dir='ltr' id='par_1_2' title="bbox 274 751 1325 1853">
     <span class='ocr_line' id='line_1_2' title="bbox 340 751 1323 837; baseline -0.003 -19"><span class='ocrx_word' id='word_1_6' title='bbox 340 756 420 818; x_wconf 87' lang='lat' dir='ltr'><strong>Eam</strong></span> <span class='ocrx_word' id='word_1_7' title='bbox 447 757 486 817; x_wconf 90' lang='lat' dir='ltr'><strong>ad</strong></span> <span class='ocrx_word' id='word_1_8' title='bbox 507 776 620 818; x_wconf 90' lang='lat' dir='ltr'><strong>annum</strong></span> <span class='ocrx_word' id='word_1_9' title='bbox 650 754 712 816; x_wconf 98' lang='grc'><strong>568</strong></span> <span class='ocrx_word' id='word_1_10' title='bbox 735 751 824 837; x_wconf 81' lang='grc'><strong>(186)</strong></span> <span class='ocrx_word' id='word_1_11' title='bbox 849 752 971 828; x_wconf 87' lang='lat' dir='ltr'><strong>refero,</strong></span> <span class='ocrx_word' id='word_1_12' title='bbox 994 775 1064 814; x_wconf 87' lang='lat' dir='ltr'><strong>cum</strong></span> <span class='ocrx_word' id='word_1_13' title='bbox 1091 756 1128 816; x_wconf 89' lang='lat' dir='ltr'><strong>de</strong></span> <span class='ocrx_word' id='word_1_14' title='bbox 1153 753 1323 816; x_wconf 87' lang='lat' dir='ltr'><strong>clandesti-</strong></span> 
     </span>
     <span class='ocr_line' id='line_1_3' title="bbox 277 854 1323 940; baseline -0.004 -18"><span class='ocrx_word' id='word_1_15' title='bbox 277 857 325 922; x_wconf 86' lang='lat' dir='ltr'><strong>nis</strong></span> <span class='ocrx_word' id='word_1_16' title='bbox 349 855 626 921; x_wconf 88' lang='lat' dir='ltr'><strong>coniurationibns</strong></span> <span class='ocrx_word' id='word_1_17' title='bbox 648 868 869 940; x_wconf 78' lang='lat' dir='ltr'><strong>quaereretur.</strong></span> <span class='ocrx_word' id='word_1_18' title='bbox 916 854 1087 920; x_wconf 89' lang='lat' dir='ltr'><strong>Coitiones</strong></span> <span class='ocrx_word' id='word_1_19' title='bbox 1106 854 1187 918; x_wconf 91' lang='lat' dir='ltr'><strong>enim</strong></span> <span class='ocrx_word' id='word_1_20' title='bbox 1207 855 1323 920; x_wconf 84' lang='lat' dir='ltr'><strong>foedae</strong></span> 
     </span>
     <span class='ocr_line' id='line_1_4' title="bbox 275 957 1323 1044; baseline -0.004 -21"><span class='ocrx_word' id='word_1_21' title='bbox 275 973 307 1023; x_wconf 89' lang='lat' dir='ltr'><strong>et</strong></span> <span class='ocrx_word' id='word_1_22' title='bbox 332 959 471 1022; x_wconf 89' lang='lat' dir='ltr'><strong>incestus</strong></span> <span class='ocrx_word' id='word_1_23' title='bbox 493 957 668 1039; x_wconf 83' lang='lat' dir='ltr'><strong>turpissimi</strong></span> <span class='ocrx_word' id='word_1_24' title='bbox 695 958 860 1044; x_wconf 87' lang='lat' dir='ltr'><strong>utriusque</strong></span> <span class='ocrx_word' id='word_1_25' title='bbox 885 981 979 1021; x_wconf 89' lang='lat' dir='ltr'><strong>sexus</strong></span> <span class='ocrx_word' id='word_1_26' title='bbox 1005 957 1178 1033; x_wconf 90' lang='lat' dir='ltr'><strong>hominum,</strong></span> <span class='ocrx_word' id='word_1_27' title='bbox 1200 979 1323 1020; x_wconf 86' lang='lat' dir='ltr'><strong>venena</strong></span> 
     </span>
     <span class='ocr_line' id='line_1_5' title="bbox 274 1059 1323 1146; baseline -0.003 -21"><span class='ocrx_word' id='word_1_28' title='bbox 274 1061 505 1146; x_wconf 79' lang='lat' dir='ltr'><strong>intestinaeque</strong></span> <span class='ocrx_word' id='word_1_29' title='bbox 526 1064 650 1137; x_wconf 89' lang='lat' dir='ltr'><strong>caedes,</strong></span> <span class='ocrx_word' id='word_1_30' title='bbox 677 1083 758 1145; x_wconf 92' lang='lat' dir='ltr'><strong>quae</strong></span> <span class='ocrx_word' id='word_1_31' title='bbox 786 1064 903 1125; x_wconf 90' lang='lat' dir='ltr'><strong>crebro</strong></span> <span class='ocrx_word' id='word_1_32' title='bbox 927 1061 958 1125; x_wconf 93' lang='lat' dir='ltr'><strong>in</strong></span> <span class='ocrx_word' id='word_1_33' title='bbox 980 1061 1115 1125; x_wconf 86' lang='lat' dir='ltr'><strong>occultis</strong></span> <span class='ocrx_word' id='word_1_34' title='bbox 1140 1059 1323 1124; x_wconf 87' lang='lat' dir='ltr'><strong>nocturnis-</strong></span> 
     </span>
     <span class='ocr_line' id='line_1_6' title="bbox 275 1163 1323 1250; baseline -0.001 -23"><span class='ocrx_word' id='word_1_35' title='bbox 275 1187 338 1250; x_wconf 89' lang='lat' dir='ltr'><strong>que</strong></span> <span class='ocrx_word' id='word_1_36' title='bbox 365 1163 614 1228; x_wconf 85' lang='lat' dir='ltr'><strong>Bacchanalium</strong></span> <span class='ocrx_word' id='word_1_37' title='bbox 641 1163 740 1228; x_wconf 89' lang='lat' dir='ltr'><strong>sacris</strong></span> <span class='ocrx_word' id='word_1_38' title='bbox 764 1165 902 1239; x_wconf 90' lang='lat' dir='ltr'><strong>fiebant,</strong></span> <span class='ocrx_word' id='word_1_39' title='bbox 933 1163 1071 1245; x_wconf 90' lang='lat' dir='ltr'><strong>primum</strong></span> <span class='ocrx_word' id='word_1_40' title='bbox 1097 1165 1240 1240; x_wconf 85' lang='lat' dir='ltr'><strong>Romae,</strong></span> <span class='ocrx_word' id='word_1_41' title='bbox 1269 1166 1323 1226; x_wconf 93' lang='lat' dir='ltr'><strong>de·</strong></span> 
     </span>
     <span class='ocr_line' id='line_1_7' title="bbox 275 1264 1323 1348; baseline -0.001 -19"><span class='ocrx_word' id='word_1_42' title='bbox 275 1267 349 1330; x_wconf 91' lang='lat' dir='ltr'><strong>inde</strong></span> <span class='ocrx_word' id='word_1_43' title='bbox 379 1264 497 1348; x_wconf 90' lang='lat' dir='ltr'><strong>passim</strong></span> <span class='ocrx_word' id='word_1_44' title='bbox 528 1287 586 1346; x_wconf 89' lang='lat' dir='ltr'><strong>per</strong></span> <span class='ocrx_word' id='word_1_45' title='bbox 620 1265 744 1329; x_wconf 88' lang='lat' dir='ltr'><strong>ltaliam</strong></span> <span class='ocrx_word' id='word_1_46' title='bbox 780 1289 854 1330; x_wconf 86' lang='lat' dir='ltr'><strong>casu</strong></span> <span class='ocrx_word' id='word_1_47' title='bbox 889 1269 1012 1329; x_wconf 89' lang='lat' dir='ltr'><strong>detecta</strong></span> <span class='ocrx_word' id='word_1_48' title='bbox 1044 1265 1182 1329; x_wconf 87' lang='lat' dir='ltr'><strong>fuerant.</strong></span> <span class='ocrx_word' id='word_1_49' title='bbox 1235 1265 1323 1330; x_wconf 86' lang='lat' dir='ltr'><strong>Falsi</strong></span> 
     </span>
     <span class='ocr_line' id='line_1_8' title="bbox 276 1367 1322 1456; baseline -0.001 -25"><span class='ocrx_word' id='word_1_50' title='bbox 276 1379 388 1444; x_wconf 86' lang='lat' dir='ltr'><strong>testes,</strong></span> <span class='ocrx_word' id='word_1_51' title='bbox 420 1368 499 1431; x_wconf 80' lang='lat' dir='ltr'><strong>salsa</strong></span> <span class='ocrx_word' id='word_1_52' title='bbox 529 1368 620 1454; x_wconf 91' lang='lat' dir='ltr'><strong>signa</strong></span> <span class='ocrx_word' id='word_1_53' title='bbox 647 1380 895 1456; x_wconf 87' lang='lat' dir='ltr'><strong>testamentaque</strong></span> <span class='ocrx_word' id='word_1_54' title='bbox 930 1381 961 1431; x_wconf 90' lang='lat' dir='ltr'><strong>ct</strong></span> <span class='ocrx_word' id='word_1_55' title='bbox 992 1367 1108 1430; x_wconf 90' lang='lat' dir='ltr'><strong>indicia</strong></span> <span class='ocrx_word' id='word_1_56' title='bbox 1143 1391 1184 1432; x_wconf 89' lang='lat' dir='ltr'><strong>ex</strong></span> <span class='ocrx_word' id='word_1_57' title='bbox 1214 1372 1322 1431; x_wconf 90' lang='lat' dir='ltr'><strong>eadem</strong></span> 
     </span>
     <span class='ocr_line' id='line_1_9' title="bbox 276 1469 1325 1555; baseline -0.003 -18"><span class='ocrx_word' id='word_1_58' title='bbox 276 1470 404 1536; x_wconf 88' lang='lat' dir='ltr'><strong>officina</strong></span> <span class='ocrx_word' id='word_1_59' title='bbox 430 1471 572 1534; x_wconf 87' lang='lat' dir='ltr'><strong>exibant.</strong></span> <span class='ocrx_word' id='word_1_60' title='bbox 617 1473 723 1534; x_wconf 88' lang='lat' dir='ltr'><strong>Multa</strong></span> <span class='ocrx_word' id='word_1_61' title='bbox 747 1474 841 1548; x_wconf 83' lang='lat' dir='ltr'><strong>dole,</strong></span> <span class='ocrx_word' id='word_1_62' title='bbox 871 1472 1024 1555; x_wconf 89' lang='lat' dir='ltr'><strong>pleraque</strong></span> <span class='ocrx_word' id='word_1_63' title='bbox 1055 1469 1201 1552; x_wconf 88' lang='lat' dir='ltr'><strong>pervim</strong></span> <span class='ocrx_word' id='word_1_64' title='bbox 1228 1475 1325 1534; x_wconf 91' lang='lat' dir='ltr'><strong>aude-</strong></span> 
     </span>
     <span class='ocr_line' id='line_1_10' title="bbox 274 1570 1324 1654; baseline 0 -18"><span class='ocrx_word' id='word_1_65' title='bbox 274 1577 403 1637; x_wconf 89' lang='lat' dir='ltr'><strong>bantur.</strong></span> <span class='ocrx_word' id='word_1_66' title='bbox 456 1572 653 1636; x_wconf 89' lang='lat' dir='ltr'><strong>Coninrasse</strong></span> <span class='ocrx_word' id='word_1_67' title='bbox 689 1595 784 1654; x_wconf 90' lang='lat' dir='ltr'><strong>supra</strong></span> <span class='ocrx_word' id='word_1_68' title='bbox 821 1583 943 1654; x_wconf 87' lang='lat' dir='ltr'><strong>septem</strong></span> <span class='ocrx_word' id='word_1_69' title='bbox 976 1570 1073 1634; x_wconf 89' lang='lat' dir='ltr'><strong>millia</strong></span> <span class='ocrx_word' id='word_1_70' title='bbox 1107 1571 1252 1636; x_wconf 89' lang='lat' dir='ltr'><strong>virorum</strong></span> <span class='ocrx_word' id='word_1_71' title='bbox 1286 1595 1324 1636; x_wconf 95' lang='lat' dir='ltr'><strong>ac</strong></span> 
     </span>
     <span class='ocr_line' id='line_1_11' title="bbox 277 1673 1323 1756; baseline -0.002 -16"><span class='ocrx_word' id='word_1_72' title='bbox 277 1675 443 1740; x_wconf 82' lang='lat' dir='ltr'><strong>mulierum</strong></span> <span class='ocrx_word' id='word_1_73' title='bbox 467 1675 666 1740; x_wconf 84' lang='lat' dir='ltr'><strong>dicebantur.</strong></span> <span class='ocrx_word' id='word_1_74' title='bbox 711 1678 793 1740; x_wconf 88' lang='lat' dir='ltr'><strong>Rem</strong></span> <span class='ocrx_word' id='word_1_75' title='bbox 822 1686 918 1739; x_wconf 90' lang='lat' dir='ltr'><strong>totam</strong></span> <span class='ocrx_word' id='word_1_76' title='bbox 947 1674 1080 1756; x_wconf 85' lang='lat' dir='ltr'><strong>copiose</strong></span> <span class='ocrx_word' id='word_1_77' title='bbox 1109 1673 1239 1738; x_wconf 83' lang='lat' dir='ltr'><strong>tradidit</strong></span> <span class='ocrx_word' id='word_1_78' title='bbox 1264 1675 1323 1738; x_wconf 93' lang='lat' dir='ltr'><strong>Li·</strong></span> 
     </span>
     <span class='ocr_line' id='line_1_12' title="bbox 277 1777 1133 1853; baseline -0.002 -11"><span class='ocrx_word' id='word_1_79' title='bbox 277 1779 348 1842; x_wconf 86' lang='lat' dir='ltr'><strong>vius</strong></span> <span class='ocrx_word' id='word_1_80' title='bbox 371 1777 430 1842; x_wconf 87' lang='lat' dir='ltr'><strong>lib.</strong></span> <span class='ocrx_word' id='word_1_81' title='bbox 456 1779 506 1853; x_wconf 82' lang='grc'><strong>39,</strong></span> <span class='ocrx_word' id='word_1_82' title='bbox 530 1780 657 1841; x_wconf 81' lang='grc'><strong>8-18.</strong></span> <span class='ocrx_word' id='word_1_83' title='bbox 1129 1781 1133 1790; x_wconf 85' lang='grc'><strong>’</strong></span> 
     </span>
    </p>

    <p class='ocr_par' dir='ltr' id='par_1_3' title="bbox 276 1879 1323 2275">
     <span class='ocr_line' id='line_1_13' title="bbox 342 1879 1323 1966; baseline 0.002 -24"><span class='ocrx_word' id='word_1_84' title='bbox 342 1880 498 1960; x_wconf 87' lang='lat' dir='ltr'><strong>Quaestio</strong></span> <span class='ocrx_word' id='word_1_85' title='bbox 519 1883 557 1943; x_wconf 91' lang='lat' dir='ltr'><strong>de</strong></span> <span class='ocrx_word' id='word_1_86' title='bbox 579 1879 833 1944; x_wconf 84' lang='lat' dir='ltr'><strong>Bacchanalibus</strong></span> <span class='ocrx_word' id='word_1_87' title='bbox 856 1879 1021 1966; x_wconf 81' lang='lat' dir='ltr'><strong>sacrisque</strong></span> <span class='ocrx_word' id='word_1_88' title='bbox 1043 1880 1209 1942; x_wconf 87' lang='lat' dir='ltr'><strong>nocturnis</strong></span> <span class='ocrx_word' id='word_1_89' title='bbox 1231 1892 1323 1944; x_wconf 87' lang='lat' dir='ltr'><strong>extra</strong></span> 
     </span>
     <span class='ocr_line' id='line_1_14' title="bbox 277 1982 1323 2066; baseline -0.002 -18"><span class='ocrx_word' id='word_1_90' title='bbox 277 1983 422 2048; x_wconf 88' lang='lat' dir='ltr'><strong>ordinem</strong></span> <span class='ocrx_word' id='word_1_91' title='bbox 446 1983 631 2047; x_wconf 88' lang='lat' dir='ltr'><strong>consulibus</strong></span> <span class='ocrx_word' id='word_1_92' title='bbox 653 1986 796 2047; x_wconf 89' lang='lat' dir='ltr'><strong>mandata</strong></span> <span class='ocrx_word' id='word_1_93' title='bbox 822 1994 881 2060; x_wconf 91' lang='lat' dir='ltr'><strong>est,</strong></span> <span class='ocrx_word' id='word_1_94' title='bbox 911 1982 1058 2046; x_wconf 89' lang='lat' dir='ltr'><strong>omnibus</strong></span> <span class='ocrx_word' id='word_1_95' title='bbox 1086 1982 1323 2066; x_wconf 86' lang='lat' dir='ltr'><strong>magistratibus</strong></span> 
     </span>
     <span class='ocr_line' id='line_1_15' title="bbox 276 2072 1323 2171; baseline 0.002 -23"><span class='ocrx_word' id='word_1_96' title='bbox 276 2072 371 2171; x_wconf 86' lang='lat' dir='ltr'><strong>atque</strong></span> <span class='ocrx_word' id='word_1_97' title='bbox 398 2084 519 2148; x_wconf 87' lang='lat' dir='ltr'><strong>senatui</strong></span> <span class='ocrx_word' id='word_1_98' title='bbox 544 2107 596 2149; x_wconf 91' lang='lat' dir='ltr'><strong>res</strong></span> <span class='ocrx_word' id='word_1_99' title='bbox 625 2108 720 2149; x_wconf 91' lang='lat' dir='ltr'><strong>curae</strong></span> <span class='ocrx_word' id='word_1_100' title='bbox 744 2086 819 2149; x_wconf 85' lang='lat' dir='ltr'><strong>luit.</strong></span> <span class='ocrx_word' id='word_1_101' title='bbox 864 2085 1051 2150; x_wconf 88' lang='lat' dir='ltr'><strong>Verisimile</strong></span> <span class='ocrx_word' id='word_1_102' title='bbox 1077 2098 1135 2161; x_wconf 89' lang='lat' dir='ltr'><strong>est,</strong></span> <span class='ocrx_word' id='word_1_103' title='bbox 1168 2085 1323 2150; x_wconf 87' lang='lat' dir='ltr'><strong>Catonem</strong></span> 
     </span>
     <span class='ocr_line' id='line_1_16' title="bbox 279 2187 1322 2275; baseline -0.001 -22"><span class='ocrx_word' id='word_1_104' title='bbox 279 2210 409 2275; x_wconf 90' lang='lat' dir='ltr'><strong>quoqne</strong></span> <span class='ocrx_word' id='word_1_105' title='bbox 433 2187 649 2252; x_wconf 90' lang='lat' dir='ltr'><strong>coniurationi</strong></span> <span class='ocrx_word' id='word_1_106' title='bbox 676 2191 869 2274; x_wconf 86' lang='lat' dir='ltr'><strong>detegendae</strong></span> <span class='ocrx_word' id='word_1_107' title='bbox 888 2188 1015 2251; x_wconf 90' lang='lat' dir='ltr'><strong>multam</strong></span> <span class='ocrx_word' id='word_1_108' title='bbox 1038 2188 1160 2252; x_wconf 85' lang='lat' dir='ltr'><strong>dedisse</strong></span> <span class='ocrx_word' id='word_1_109' title='bbox 1177 2211 1322 2271; x_wconf 88' lang='lat' dir='ltr'><strong>operam.</strong></span> 
     </span>
    </p>

    <p class='ocr_par' dir='ltr' id='par_1_4' title="bbox 341 2289 1324 2374">
     <span class='ocr_line' id='line_1_17' title="bbox 341 2289 1324 2374; baseline 0 -20"><span class='ocrx_word' id='word_1_110' title='bbox 341 2289 521 2354; x_wconf 86' lang='lat' dir='ltr'><strong>Maiansins</strong></span> <span class='ocrx_word' id='word_1_111' title='bbox 546 2313 581 2374; x_wconf 92' lang='lat' dir='ltr'><strong>p.</strong></span> <span class='ocrx_word' id='word_1_112' title='bbox 606 2292 659 2354; x_wconf 75' lang='grc'><strong>69.</strong></span> <span class='ocrx_word' id='word_1_113' title='bbox 685 2291 815 2355; x_wconf 87' lang='lat' dir='ltr'><strong>scribit:</strong></span> <span class='ocrx_word' id='word_1_114' title='bbox 840 2291 955 2356; x_wconf 90' lang='lat' dir='ltr'><strong>Livius</strong></span> <span class='ocrx_word' id='word_1_115' title='bbox 978 2294 1002 2355; x_wconf 93' lang='lat' dir='ltr'><strong>l.</strong></span> <span class='ocrx_word' id='word_1_116' title='bbox 1022 2292 1075 2369; x_wconf 78' lang='lat'><strong>32,</strong></span> <span class='ocrx_word' id='word_1_117' title='bbox 1100 2291 1153 2354; x_wconf 79' lang='lat'><strong>26.</strong></span> <span class='ocrx_word' id='word_1_118' title='bbox 1178 2290 1324 2355; x_wconf 90' lang='lat' dir='ltr'><strong>scribens</strong></span> 
     </span>
    </p>
   </div>
   <div class='ocr_carea' id='block_1_3' title="bbox 276 2392 1414 2478">
    <p class='ocr_par' dir='ltr' id='par_1_5' title="bbox 276 2392 1414 2478">
     <span class='ocr_line' id='line_1_18' title="bbox 276 2392 1414 2478; baseline -0.003 -20"><span class='ocrx_word' id='word_1_119' title='bbox 276 2397 316 2458; x_wconf 88' lang='lat' dir='ltr'><strong>de</strong></span> <span class='ocrx_word' id='word_1_120' title='bbox 336 2397 444 2469; x_wconf 88' lang='lat' dir='ltr'><strong>rebus,</strong></span> <span class='ocrx_word' id='word_1_121' title='bbox 465 2415 547 2478; x_wconf 88' lang='lat' dir='ltr'><strong>qnae</strong></span> <span class='ocrx_word' id='word_1_122' title='bbox 569 2392 775 2477; x_wconf 88' lang='lat' dir='ltr'><strong>contigerunt</strong></span> <span class='ocrx_word' id='word_1_123' title='bbox 797 2416 828 2458; x_wconf 91' lang='lat' dir='ltr'><strong>a.</strong></span> <span class='ocrx_word' id='word_1_124' title='bbox 846 2395 906 2460; x_wconf 88' lang='grc'><strong>556</strong></span> <span class='ocrx_word' id='word_1_125' title='bbox 924 2396 1025 2476; x_wconf 82' lang='grc'><strong>(198),</strong></span> <span class='ocrx_word' id='word_1_126' title='bbox 1042 2395 1104 2460; x_wconf 90' lang='lat' dir='ltr'><strong>late</strong></span> <span class='ocrx_word' id='word_1_127' title='bbox 1122 2393 1224 2458; x_wconf 84' lang='lat' dir='ltr'><strong>refert</strong></span> <span class='ocrx_word' id='word_1_128' title='bbox 1243 2415 1324 2457; x_wconf 91' lang='lat' dir='ltr'><strong>con·</strong></span> <span class='ocrx_word' id='word_1_129' title='bbox 1407 2427 1414 2444; x_wconf 66' lang='grc' dir='ltr'>ι</span> 
     </span>
    </p>
   </div>
   <div class='ocr_carea' id='block_1_4' title="bbox 208 2495 1325 3809">
    <p class='ocr_par' dir='ltr' id='par_1_6' title="bbox 208 2495 1325 3484">
     <span class='ocr_line' id='line_1_19' title="bbox 275 2495 1324 2582; baseline -0.001 -22"><span class='ocrx_word' id='word_1_130' title='bbox 275 2496 479 2572; x_wconf 90' lang='lat' dir='ltr'><strong>iurationem,</strong></span> <span class='ocrx_word' id='word_1_131' title='bbox 509 2517 603 2581; x_wconf 89' lang='lat' dir='ltr'><strong>quam</strong></span> <span class='ocrx_word' id='word_1_132' title='bbox 631 2496 760 2559; x_wconf 91' lang='lat' dir='ltr'><strong>obsides</strong></span> <span class='ocrx_word' id='word_1_133' title='bbox 784 2495 1110 2580; x_wconf 80' lang='lat' dir='ltr'><strong>Carthaginiensium,</strong></span> <span class='ocrx_word' id='word_1_134' title='bbox 1135 2497 1191 2582; x_wconf 92' lang='lat' dir='ltr'><strong>qni</strong></span> <span class='ocrx_word' id='word_1_135' title='bbox 1217 2495 1324 2560; x_wconf 81' lang='lat' dir='ltr'><strong>Setiae</strong></span> 
     </span>
     <span class='ocr_line' id='line_1_20' title="bbox 275 2597 1323 2674; baseline -0.001 -12"><span class='ocrx_word' id='word_1_136' title='bbox 275 2599 549 2674; x_wconf 84' lang='lat' dir='ltr'><strong>custodiebantur,</strong></span> <span class='ocrx_word' id='word_1_137' title='bbox 576 2598 769 2663; x_wconf 85' lang='lat' dir='ltr'><strong>excitarunt.</strong></span> <span class='ocrx_word' id='word_1_138' title='bbox 815 2603 869 2664; x_wconf 91' lang='lat' dir='ltr'><strong>De</strong></span> <span class='ocrx_word' id='word_1_139' title='bbox 890 2603 953 2662; x_wconf 87' lang='lat' dir='ltr'><strong>hac</strong></span> <span class='ocrx_word' id='word_1_140' title='bbox 974 2601 1213 2664; x_wconf 83' lang='lat' dir='ltr'><strong>coniuratione</strong></span> <span class='ocrx_word' id='word_1_141' title='bbox 1231 2597 1323 2662; x_wconf 86' lang='lat' dir='ltr'><strong>vide·</strong></span> 
     </span>
     <span class='ocr_line' id='line_1_21' title="bbox 272 2700 1322 2781; baseline -0.002 -17"><span class='ocrx_word' id='word_1_142' title='bbox 272 2713 328 2764; x_wconf 91' lang='lat' dir='ltr'><strong>tur</strong></span> <span class='ocrx_word' id='word_1_143' title='bbox 353 2700 430 2763; x_wconf 89' lang='lat' dir='ltr'><strong>mihi</strong></span> <span class='ocrx_word' id='word_1_144' title='bbox 450 2706 537 2766; x_wconf 83' lang='lat' dir='ltr'><strong>Coto</strong></span> <span class='ocrx_word' id='word_1_145' title='bbox 560 2702 738 2765; x_wconf 87' lang='lat' dir='ltr'><strong>orationem</strong></span> <span class='ocrx_word' id='word_1_146' title='bbox 758 2701 906 2764; x_wconf 89' lang='lat' dir='ltr'><strong>habuisse</strong></span> <span class='ocrx_word' id='word_1_147' title='bbox 930 2722 994 2764; x_wconf 93' lang='lat' dir='ltr'><strong>non</strong></span> <span class='ocrx_word' id='word_1_148' title='bbox 1014 2701 1117 2764; x_wconf 93' lang='lat' dir='ltr'><strong>solum</strong></span> <span class='ocrx_word' id='word_1_149' title='bbox 1139 2712 1322 2781; x_wconf 90' lang='lat' dir='ltr'><strong>propterea,</strong></span> 
     </span>
     <span class='ocr_line' id='line_1_22' title="bbox 275 2800 1322 2888; baseline 0 -24"><span class='ocrx_word' id='word_1_150' title='bbox 275 2807 365 2888; x_wconf 93' lang='lat' dir='ltr'><strong>quod</strong></span> <span class='ocrx_word' id='word_1_151' title='bbox 388 2806 502 2866; x_wconf 89' lang='lat' dir='ltr'><strong>Festus</strong></span> <span class='ocrx_word' id='word_1_152' title='bbox 526 2801 558 2866; x_wconf 93' lang='lat' dir='ltr'><strong>in</strong></span> <span class='ocrx_word' id='word_1_153' title='bbox 582 2825 615 2866; x_wconf 90' lang='lat' dir='ltr'><strong>v.</strong></span> <span class='ocrx_word' id='word_1_154' title='bbox 638 2807 802 2868; x_wconf 84' lang='lat' dir='ltr'><strong>Praecem</strong></span> <span class='ocrx_word' id='word_1_155' title='bbox 825 2803 869 2866; x_wconf 89' lang='lat' dir='ltr'><strong>ita</strong></span> <span class='ocrx_word' id='word_1_156' title='bbox 893 2800 1041 2883; x_wconf 84' lang='lat' dir='ltr'><strong>scripsit:</strong></span> <span class='ocrx_word' id='word_1_157' title='bbox 1069 2805 1231 2864; x_wconf 83' lang='lat' dir='ltr'><strong>Praecem</strong></span> <span class='ocrx_word' id='word_1_158' title='bbox 1251 2803 1322 2864; x_wconf 85' lang='lat' dir='ltr'><strong>sin-</strong></span> 
     </span>
     <span class='ocr_line' id='line_1_23' title="bbox 208 2902 1324 2992; baseline -0.001 -24"><span class='ocrx_word' id='word_1_159' title='bbox 208 2947 213 2954; x_wconf 80' lang='lat'>·</span> <span class='ocrx_word' id='word_1_160' title='bbox 275 2907 450 2992; x_wconf 85' lang='lat' dir='ltr'><strong>gulnriter</strong></span> <span class='ocrx_word' id='word_1_161' title='bbox 473 2907 564 2968; x_wconf 83' lang='lat' dir='ltr'><strong>idem</strong></span> <span class='ocrx_word' id='word_1_162' title='bbox 589 2910 675 2970; x_wconf 83' lang='lat' dir='ltr'><strong>Cato</strong></span> <span class='ocrx_word' id='word_1_163' title='bbox 695 2908 731 2969; x_wconf 85' lang='lat' dir='ltr'><strong>in</strong></span> <span class='ocrx_word' id='word_1_164' title='bbox 752 2928 804 2982; x_wconf 88' lang='lat' dir='ltr'><strong>ea,</strong></span> <span class='ocrx_word' id='word_1_165' title='bbox 829 2925 916 2989; x_wconf 83' lang='lat' dir='ltr'><strong>quae</strong></span> <span class='ocrx_word' id='word_1_166' title='bbox 935 2915 987 2966; x_wconf 89' lang='lat' dir='ltr'><strong>est</strong></span> <span class='ocrx_word' id='word_1_167' title='bbox 1003 2903 1044 2964; x_wconf 84' lang='lat' dir='ltr'><strong>de</strong></span> <span class='ocrx_word' id='word_1_168' title='bbox 1064 2902 1324 2967; x_wconf 85' lang='lat' dir='ltr'><strong>coniuratione:</strong></span> 
     </span>
     <span class='ocr_line' id='line_1_24' title="bbox 275 3005 1324 3094; baseline -0.002 -22"><span class='ocrx_word' id='word_1_169' title='bbox 275 3012 331 3072; x_wconf 91' lang='lat' dir='ltr'><strong>sed</strong></span> <span class='ocrx_word' id='word_1_170' title='bbox 351 3009 439 3094; x_wconf 89' lang='lat' dir='ltr'><strong>qnia,</strong></span> <span class='ocrx_word' id='word_1_171' title='bbox 461 3009 487 3071; x_wconf 90' lang='lat' dir='ltr'><strong>si</strong></span> <span class='ocrx_word' id='word_1_172' title='bbox 510 3011 574 3072; x_wconf 92' lang='lat' dir='ltr'><strong>hoc</strong></span> <span class='ocrx_word' id='word_1_173' title='bbox 599 3009 811 3094; x_wconf 79' lang='lat' dir='ltr'><strong>fragmentum</strong></span> <span class='ocrx_word' id='word_1_174' title='bbox 837 3005 1051 3089; x_wconf 88' lang='lat' dir='ltr'><strong>coniungatur</strong></span> <span class='ocrx_word' id='word_1_175' title='bbox 1078 3025 1149 3066; x_wconf 91' lang='lat' dir='ltr'><strong>cnm</strong></span> <span class='ocrx_word' id='word_1_176' title='bbox 1171 3005 1278 3069; x_wconf 87' lang='lat' dir='ltr'><strong>altero</strong></span> <span class='ocrx_word' id='word_1_177' title='bbox 1305 3029 1324 3070; x_wconf 90' lang='lat' dir='ltr'><strong>a</strong></span> 
     </span>
     <span class='ocr_line' id='line_1_25' title="bbox 275 3106 1323 3196; baseline -0.004 -21"><span class='ocrx_word' id='word_1_178' title='bbox 275 3113 385 3176; x_wconf 87' lang='lat' dir='ltr'><strong>Nonio</strong></span> <span class='ocrx_word' id='word_1_179' title='bbox 400 3112 538 3196; x_wconf 87' lang='lat' dir='ltr'><strong>allegato</strong></span> <span class='ocrx_word' id='word_1_180' title='bbox 553 3111 585 3175; x_wconf 92' lang='lat' dir='ltr'><strong>in</strong></span> <span class='ocrx_word' id='word_1_181' title='bbox 601 3135 634 3174; x_wconf 83' lang='lat' dir='ltr'><strong>r.</strong></span> <span class='ocrx_word' id='word_1_182' title='bbox 649 3113 757 3174; x_wconf 84' lang='lat' dir='ltr'><strong>collus</strong></span> <span class='ocrx_word' id='word_1_183' title='bbox 772 3111 854 3172; x_wconf 92' lang='lat' dir='ltr'><strong>idem</strong></span> <span class='ocrx_word' id='word_1_184' title='bbox 873 3106 1056 3193; x_wconf 83' lang='lat' dir='ltr'><strong>colligitur:</strong></span> <span class='ocrx_word' id='word_1_185' title='bbox 1071 3130 1140 3170; x_wconf 92' lang='lat' dir='ltr'><strong>nam</strong></span> <span class='ocrx_word' id='word_1_186' title='bbox 1158 3107 1205 3170; x_wconf 88' lang='lat' dir='ltr'><strong>sic</strong></span> <span class='ocrx_word' id='word_1_187' title='bbox 1221 3130 1254 3171; x_wconf 91' lang='lat' dir='ltr'><strong>se</strong></span> <span class='ocrx_word' id='word_1_188' title='bbox 1266 3111 1323 3171; x_wconf 93' lang='lat' dir='ltr'><strong>ba·</strong></span> 
     </span>
     <span class='ocr_line' id='line_1_26' title="bbox 274 3211 1324 3295; baseline -0.003 -17"><span class='ocrx_word' id='word_1_189' title='bbox 274 3219 341 3278; x_wconf 88' lang='lat' dir='ltr'><strong>bet.</strong></span> <span class='ocrx_word' id='word_1_190' title='bbox 373 3220 459 3280; x_wconf 84' lang='lat' dir='ltr'><strong>Cato</strong></span> <span class='ocrx_word' id='word_1_191' title='bbox 471 3215 601 3279; x_wconf 85' lang='lat' dir='ltr'><strong>Sercia.</strong></span> <span class='ocrx_word' id='word_1_192' title='bbox 618 3213 783 3295; x_wconf 83' lang='lat' dir='ltr'><strong>Accipite,</strong></span> <span class='ocrx_word' id='word_1_193' title='bbox 797 3212 828 3274; x_wconf 87' lang='lat' dir='ltr'><strong>si</strong></span> <span class='ocrx_word' id='word_1_194' title='bbox 842 3212 956 3288; x_wconf 83' lang='lat' dir='ltr'><strong>vultis,</strong></span> <span class='ocrx_word' id='word_1_195' title='bbox 970 3213 1033 3276; x_wconf 89' lang='lat' dir='ltr'><strong>hoe</strong></span> <span class='ocrx_word' id='word_1_196' title='bbox 1043 3233 1132 3275; x_wconf 86' lang='lat' dir='ltr'><strong>onus</strong></span> <span class='ocrx_word' id='word_1_197' title='bbox 1142 3211 1179 3274; x_wconf 87' lang='lat' dir='ltr'><strong>in</strong></span> <span class='ocrx_word' id='word_1_198' title='bbox 1191 3223 1324 3284; x_wconf 78' lang='lat' dir='ltr'><strong>uestros</strong></span> 
     </span>
     <span class='ocr_line' id='line_1_27' title="bbox 275 3313 1325 3400; baseline -0.002 -20"><span class='ocrx_word' id='word_1_199' title='bbox 275 3321 392 3393; x_wconf 84' lang='lat' dir='ltr'><strong>collos,</strong></span> <span class='ocrx_word' id='word_1_200' title='bbox 424 3316 479 3380; x_wconf 89' lang='lat' dir='ltr'><strong>ubi</strong></span> <span class='ocrx_word' id='word_1_201' title='bbox 501 3338 564 3398; x_wconf 88' lang='lat' dir='ltr'><strong>pro</strong></span> <span class='ocrx_word' id='word_1_202' title='bbox 591 3316 711 3382; x_wconf 69' lang='lat' dir='ltr'><strong>serata</strong></span> <span class='ocrx_word' id='word_1_203' title='bbox 738 3315 814 3400; x_wconf 89' lang='lat' dir='ltr'><strong>lego</strong></span> <span class='ocrx_word' id='word_1_204' title='bbox 840 3316 953 3393; x_wconf 81' lang='lat' dir='ltr'><strong>Setia,</strong></span> <span class='ocrx_word' id='word_1_205' title='bbox 980 3315 1015 3378; x_wconf 82' lang='lat' dir='ltr'><strong>itl</strong></span> <span class='ocrx_word' id='word_1_206' title='bbox 1040 3325 1105 3391; x_wconf 88' lang='lat' dir='ltr'><strong>est,</strong></span> <span class='ocrx_word' id='word_1_207' title='bbox 1131 3315 1169 3378; x_wconf 83' lang='lat' dir='ltr'><strong>in</strong></span> <span class='ocrx_word' id='word_1_208' title='bbox 1193 3313 1325 3378; x_wconf 83' lang='lat' dir='ltr'><strong>oratio·</strong></span> 
     </span>
     <span class='ocr_line' id='line_1_28' title="bbox 278 3420 517 3484; baseline 0 -2"><span class='ocrx_word' id='word_1_209' title='bbox 278 3441 319 3484; x_wconf 87' lang='lat' dir='ltr'><strong>ne</strong></span> <span class='ocrx_word' id='word_1_210' title='bbox 344 3421 386 3482; x_wconf 88' lang='lat' dir='ltr'><strong>de</strong></span> <span class='ocrx_word' id='word_1_211' title='bbox 408 3420 517 3484; x_wconf 84' lang='lat' dir='ltr'><strong>Setia.</strong></span> 
     </span>
    </p>

    <p class='ocr_par' dir='ltr' id='par_1_7' title="bbox 277 3516 1322 3707">
     <span class='ocr_line' id='line_1_29' title="bbox 338 3516 1322 3603; baseline -0.004 -17"><span class='ocrx_word' id='word_1_212' title='bbox 338 3522 479 3586; x_wconf 80' lang='lat' dir='ltr'><strong>Difficile</strong></span> <span class='ocrx_word' id='word_1_213' title='bbox 499 3533 547 3584; x_wconf 91' lang='lat' dir='ltr'><strong>est</strong></span> <span class='ocrx_word' id='word_1_214' title='bbox 567 3519 765 3597; x_wconf 89' lang='lat' dir='ltr'><strong>diiudicare,</strong></span> <span class='ocrx_word' id='word_1_215' title='bbox 795 3534 866 3584; x_wconf 92' lang='lat' dir='ltr'><strong>utra</strong></span> <span class='ocrx_word' id='word_1_216' title='bbox 896 3521 1008 3603; x_wconf 89' lang='lat' dir='ltr'><strong>opinio</strong></span> <span class='ocrx_word' id='word_1_217' title='bbox 1031 3519 1073 3581; x_wconf 91' lang='lat' dir='ltr'><strong>sit</strong></span> <span class='ocrx_word' id='word_1_218' title='bbox 1096 3516 1322 3599; x_wconf 79' lang='lat' dir='ltr'><strong>praeferenda.</strong></span> 
     </span>
     <span class='ocr_line' id='line_1_30' title="bbox 277 3623 939 3707; baseline -0.005 -19"><span class='ocrx_word' id='word_1_219' title='bbox 277 3627 340 3688; x_wconf 91' lang='lat' dir='ltr'><strong>Sed</strong></span> <span class='ocrx_word' id='word_1_220' title='bbox 360 3624 453 3706; x_wconf 91' lang='lat' dir='ltr'><strong>prior</strong></span> <span class='ocrx_word' id='word_1_221' title='bbox 473 3623 679 3707; x_wconf 90' lang='lat' dir='ltr'><strong>probabilior</strong></span> <span class='ocrx_word' id='word_1_222' title='bbox 699 3623 779 3686; x_wconf 91' lang='lat' dir='ltr'><strong>mihi</strong></span> <span class='ocrx_word' id='word_1_223' title='bbox 799 3624 939 3686; x_wconf 81' lang='lat' dir='ltr'><strong>ridetur.</strong></span> 
     </span>
    </p>

    <p class='ocr_par' dir='ltr' id='par_1_8' title="bbox 340 3719 1322 3809">
     <span class='ocr_line' id='line_1_31' title="bbox 340 3719 1322 3809; baseline -0.004 -20"><span class='ocrx_word' id='word_1_224' title='bbox 340 3727 469 3790; x_wconf 85' lang='lat' dir='ltr'><strong>Festus.</strong></span> <span class='ocrx_word' id='word_1_225' title='bbox 492 3730 668 3791; x_wconf 87' lang='lat' dir='ltr'><strong>Praecem.</strong></span> <span class='ocrx_word' id='word_1_226' title='bbox 692 3751 726 3809; x_wconf 91' lang='lat' dir='ltr'><strong>p.</strong></span> <span class='ocrx_word' id='word_1_227' title='bbox 747 3727 823 3788; x_wconf 73' lang='lat'><strong>2212.</strong></span> <span class='ocrx_word' id='word_1_228' title='bbox 855 3727 1010 3788; x_wconf 90' lang='lat' dir='ltr'><strong>Praecem</strong></span> <span class='ocrx_word' id='word_1_229' title='bbox 1031 3719 1238 3803; x_wconf 84' lang='lat' dir='ltr'><strong>singulariter</strong></span> <span class='ocrx_word' id='word_1_230' title='bbox 1256 3725 1322 3788; x_wconf 86' lang='lat' dir='ltr'><strong>Ca-</strong></span> 
     </span>
    </p>
   </div>
   <div class='ocr_carea' id='block_1_5' title="bbox 274 3825 973 3916">
    <p class='ocr_par' dir='ltr' id='par_1_9' title="bbox 274 3825 973 3916">
     <span class='ocr_line' id='line_1_32' title="bbox 274 3825 973 3916; baseline -0.011 -23"><span class='ocrx_word' id='word_1_231' title='bbox 274 3827 368 3897; x_wconf 79' lang='grc' dir='ltr'><strong>τοίη</strong></span> <span class='ocrx_word' id='word_1_232' title='bbox 391 3853 444 3907; x_wconf 86' lang='lat' dir='ltr'><strong>ea,</strong></span> <span class='ocrx_word' id='word_1_233' title='bbox 474 3852 561 3916; x_wconf 80' lang='lat' dir='ltr'><strong>quae</strong></span> <span class='ocrx_word' id='word_1_234' title='bbox 584 3842 635 3892; x_wconf 85' lang='lat' dir='ltr'><strong>est</strong></span> <span class='ocrx_word' id='word_1_235' title='bbox 654 3829 696 3890; x_wconf 88' lang='lat' dir='ltr'><strong>de</strong></span> <span class='ocrx_word' id='word_1_236' title='bbox 720 3825 973 3890; x_wconf 82' lang='lat' dir='ltr'><strong>coniuratione.</strong></span> 
     </span>
    </p>
   </div>
   <div class='ocr_carea' id='block_1_6' title="bbox 471 4055 1127 4128">
    <p class='ocr_par' dir='ltr' id='par_1_10' title="bbox 471 4055 1127 4128">
     <span class='ocr_line' id='line_1_33' title="bbox 471 4055 1127 4128; baseline -0.006 -12"><span class='ocrx_word' id='word_1_237' title='bbox 471 4061 518 4118; x_wconf 78' lang='lat'><strong>23.</strong></span> <span class='ocrx_word' id='word_1_238' title='bbox 554 4058 653 4114; x_wconf 85' lang='lat' dir='ltr'><strong>Oratio</strong></span> <span class='ocrx_word' id='word_1_239' title='bbox 677 4059 713 4113; x_wconf 91' lang='lat' dir='ltr'><strong>de</strong></span> <span class='ocrx_word' id='word_1_240' title='bbox 735 4056 860 4128; x_wconf 82' lang='lat' dir='ltr'><strong>pecnnia</strong></span> <span class='ocrx_word' id='word_1_241' title='bbox 881 4055 957 4126; x_wconf 82' lang='lat' dir='ltr'><strong>regis</strong></span> <span class='ocrx_word' id='word_1_242' title='bbox 980 4055 1127 4113; x_wconf 84' lang='lat' dir='ltr'><strong>Antiochi.</strong></span> 
     </span>
    </p>
   </div>
   <div class='ocr_carea' id='block_1_7' title="bbox 245 4205 1323 4392">
    <p class='ocr_par' dir='ltr' id='par_1_11' title="bbox 245 4205 1323 4392">
     <span class='ocr_line' id='line_1_34' title="bbox 340 4205 1198 4284; baseline -0.005 -11"><span class='ocrx_word' id='word_1_243' title='bbox 340 4214 434 4273; x_wconf 89' lang='lat' dir='ltr'><strong>Hanc</strong></span> <span class='ocrx_word' id='word_1_244' title='bbox 458 4207 544 4271; x_wconf 90' lang='lat' dir='ltr'><strong>Cato</strong></span> <span class='ocrx_word' id='word_1_245' title='bbox 567 4205 678 4269; x_wconf 88' lang='lat' dir='ltr'><strong>habuit</strong></span> <span class='ocrx_word' id='word_1_246' title='bbox 701 4205 878 4270; x_wconf 89' lang='lat' dir='ltr'><strong>orationem</strong></span> <span class='ocrx_word' id='word_1_247' title='bbox 902 4227 985 4270; x_wconf 88' lang='lat' dir='ltr'><strong>anno</strong></span> <span class='ocrx_word' id='word_1_248' title='bbox 1011 4207 1072 4271; x_wconf 91' lang='grc'><strong>569</strong></span> <span class='ocrx_word' id='word_1_249' title='bbox 1095 4207 1198 4284; x_wconf 75' lang='grc'><strong>(185).</strong></span> 
     </span>
     <span class='ocr_line' id='line_1_35' title="bbox 245 4306 1323 4392; baseline -0.004 -19"><span class='ocrx_word' id='word_1_250' title='bbox 245 4316 249 4326; x_wconf 89' lang='grc'><strong>’</strong></span> <span class='ocrx_word' id='word_1_251' title='bbox 340 4314 388 4373; x_wconf 91' lang='lat' dir='ltr'><strong>Ea</strong></span> <span class='ocrx_word' id='word_1_252' title='bbox 419 4310 564 4373; x_wconf 87' lang='lat' dir='ltr'><strong>oratione</strong></span> <span class='ocrx_word' id='word_1_253' title='bbox 590 4308 674 4374; x_wconf 89' lang='lat' dir='ltr'><strong>Cato</strong></span> <span class='ocrx_word' id='word_1_254' title='bbox 704 4312 747 4374; x_wconf 92' lang='lat' dir='ltr'><strong>L.</strong></span> <span class='ocrx_word' id='word_1_255' title='bbox 772 4307 961 4374; x_wconf 88' lang='lat' dir='ltr'><strong>Cornelium</strong></span> <span class='ocrx_word' id='word_1_256' title='bbox 992 4307 1174 4392; x_wconf 89' lang='lat' dir='ltr'><strong>Scipionem</strong></span> <span class='ocrx_word' id='word_1_257' title='bbox 1201 4306 1323 4372; x_wconf 89' lang='lat' dir='ltr'><strong>Asiati-</strong></span> 
     </span>
    </p>
   </div>
   <div class='ocr_carea' id='block_1_8' title="bbox 0 0 1490 4836">
    <p class='ocr_par' dir='ltr' id='par_1_12' title="bbox 0 0 1490 4836">
     <span class='ocr_line' id='line_1_36' title="bbox 0 0 1490 4836; baseline 0 0"><span class='ocrx_word' id='word_1_258' title='bbox 0 0 1490 4836; x_wconf 95' lang='lat' dir='ltr'><strong> </strong></span> 
     </span>
    </p>
   </div>
  </div>
 </body>
</html>
