2984 4842
267 361 328 426 880

309 519 481 584 Suetonius
495 518 589 583 Caes.
598 542 628 583 c.
640 522 692 584 tt.
707 522 897 586 Pudicitiae
906 523 981 584 eius
990 520 1312 610 (Caesarisffamom

257 622 353 685 'nibil
372 622 509 706 quidem
525 634 667 704 praeter
693 625 894 688 Nicomedis
915 626 1176 688 contubernium
1199 625 1310 698 laesit,

266 725 487 809 gravitamen
500 735 533 786 et
545 726 689 806 perenni
698 728 883 808 opprobrio
896 739 928 789 et
940 729 986 788 ad
993 728 1146 791 omnium
1158 726 1311 790 conuicia

265 826 439 910 exposita.
484 829 668 890 Praetereo
696 828 846 892 actiones
872 830 1070 892 Dolabellae
1092 840 1124 890 et
1147 829 1336 893 Curionis·

261 929 395 1011 patris,
429 930 464 991 in
498 930 620 1012 quibus
652 952 730 992 eum
763 932 943 995 Dolabella
968 931 1125 1013 pellicem
1153 931 1307 1013 reginae,
1395 969 1397 972 -

263 1032 429 1112 spondam
444 1032 644 1094 interiorem
659 1033 777 1115 regiae
792 1033 947 1108 lecticae,
965 1046 998 1096 et
1014 1033 1121 1098 Curio
1136 1033 1309 1096 stabulum

264 1133 465 1197 Nicomedis
486 1146 519 1196 et
540 1135 762 1220 Bithynicum
772 1132 959 1225 fornicem
982 1136 1111 1198 dicunt.

287 1257 411 1316 'pellicem
429 1258 546 1320 reginae]
584 1261 675 1305 Caesar
695 1277 718 1306 e.
741 1259 788 1306 623
809 1260 864 1321 (81)
886 1264 908 1305 in
928 1263 1009 1306 Asietn
1030 1263 1149 1318 proiectus
1168 1265 1196 1307 ud
1210 1263 1246 1307 M.
1261 1263 1308 1306 utt-

333 1349 428 1391 nucium
441 1349 571 1392 Thermum
585 1355 777 1405 propraetorem,
798 1352 831 1394 ibi
850 1351 926 1406 prime
940 1352 1057 1405 stipendis
1069 1351 1135 1397 fecit.
1151 1351 1211 1395 Cum
1223 1351 1307 1394 deinde

332 1437 472 1480 eMinucio
497 1438 520 1480 in
537 1437 674 1491 Bithyniam
699 1440 837 1484 mitteretur
865 1440 893 1500 ud
919 1437 1074 1482 Nicomedem
1099 1439 1196 1483 tertium
1213 1451 1305 1497 regem,

332 1530 356 1568 ut
374 1538 446 1568 naves
465 1525 517 1568 eius
536 1526 564 1568 ed
584 1522 738 1569 obsidendum
766 1527 895 1580 Mitylenen
925 1531 1074 1570 arcesseret:
1101 1540 1185 1570 rumor
1210 1530 1307 1569 exortus

331 1617 376 1666 est,
397 1613 558 1667 voluptatibus
578 1626 632 1656 eum
650 1627 714 1670 regis
735 1614 804 1656 nimis
829 1612 967 1656 indulsisse.
994 1612 1076 1656 Aurel.
1098 1613 1182 1655 Victor
1203 1615 1230 1656 de
1251 1613 1305 1655 Vir.

330 1701 421 1744 illustr.
444 1698 485 1744 28.
511 1701 557 1744 Dio
577 1696 624 1754 43,
647 1698 689 1744 29.
714 1700 836 1742 Drumenn
864 1705 881 1740 t.
904 1695 927 1741 3.
949 1710 971 1751 p.
995 1694 1041 1741 133
1078 1698 1154 1753 Atque
1178 1698 1305 1742 Dolabella

330 1790 352 1831 in
373 1788 482 1832 oratioue
501 1802 544 1832 sue
564 1789 608 1831 boc
627 1789 649 1830 ei
669 1788 758 1830 crimen
780 1785 873 1838 publice
892 1784 988 1831 obiecit.

295 1872 424 1934 Curionis]
461 1889 484 1919 v.
506 1888 559 1933 pag.
582 1870 641 1917 stt.

551 2007 681 2065 nxvm.
721 2005 881 2080 urum
902 2005 1009 2064 aazia.

320 2126 364 2188 L.
396 2123 521 2188 Plotius
543 2143 559 2183 e
587 2118 689 2184 Gallia
714 2118 866 2201 cisalpina
898 2119 1070 2198 oriundus,
1091 2122 1301 2211 ludumnartis

257 2226 437 2292 rhetoricae
457 2226 579 2287 Romae
599 2220 723 2302 aperuit
745 2244 774 2284 a.
800 2223 860 2284 666
886 2221 965 2307 (88).
990 2222 1089 2287 Conf.
1111 2226 1242 2290 Sueton.
1262 2229 1300 2290 de

255 2331 335 2394 clar.
365 2331 448 2390 rhet.
488 2348 517 2386 c.
556 2323 587 2384 2.
625 2324 755 2387 Ellendt
788 2347 822 2406 p.
858 2327 958 2388 XIV.
1002 2325 1172 2390 Weiehert
1201 2330 1298 2393 Poet.

256 2435 312 2496 lat.
335 2453 370 2511 p.
395 2429 468 2490 218.

318 2529 548 2608 Hieronymus
564 2527 595 2591 in
620 2529 753 2592 Eusebii
783 2527 909 2594 Chron.
937 2531 1071 2613 Olymp.
1097 2535 1173 2608 173,
1202 2538 1232 2597 1.
1258 2559 1299 2592 =

254 2658 283 2698 a.
301 2657 332 2696 n.
350 2633 410 2694 666
434 2631 516 2711 (88).
561 2633 693 2695 Plotius
715 2635 837 2696 Gallus
856 2634 993 2715 primus
1008 2637 1139 2699 Romae
1153 2637 1297 2700 latinam

252 2735 460 2800 rhetoricam
476 2733 603 2810 docuit,
629 2735 669 2796 de
691 2755 758 2818 quo
778 2735 897 2798 Cicero
911 2735 960 2798 sic
976 2733 1107 2826 refert:
1122 2741 1298 2804 Memoria

252 2851 368 2912 teneo,
399 2837 520 2920 pueris
549 2835 647 2898 nobis
673 2836 825 2917 primum
855 2835 959 2900 latine
993 2840 1114 2902 docere
1143 2841 1295 2922 coepisse

252 2941 402 3026 Plotium
422 2939 604 3022 quendam.

318 3041 452 3122 Quintil.
483 3041 520 3116 2,
550 3041 586 3115 t,
616 3040 668 3102 92.
720 3041 864 3104 Latinos
892 3042 1028 3105 dicendi
1052 3055 1296 3125 praeceptores

252 3145 419 3211 extremis
434 3148 475 3206 L.
492 3142 611 3208 Crassi
626 3143 835 3224 temporibus
859 3145 1022 3228 coepisse,
1040 3146 1159 3209 Cicero
1173 3157 1296 3208 auctor

252 3259 318 3324 est,
344 3267 492 3330 quorum
513 3244 661 3326 insignis
684 3246 836 3309 maxime
858 3247 990 3311 Plotius
1000 3244 1099 3335 fuit.

287 3373 410 3419 extremit
427 3371 457 3420 l..
478 3369 566 3416 Crassi
584 3369 746 3430 temporibus]
781 3371 809 3416 1..
829 3371 935 3416 Licinius
961 3371 1064 3414 Crassus
1082 3376 1166 3414 oretor
1185 3377 1294 3416 mortuus

321 3466 358 3509 ..ι
376 3475 399 3504 ..
421 3453 469 3504 ees
488 3453 561 3520 (91).

314 3581 434 3646 Seneca
451 3577 666 3642 Controvers.
686 3577 744 3640 lib.
758 3578 790 3640 2.
807 3579 964 3666 Prooem.
989 3574 1127 3640 Primus
1139 3577 1293 3640 omnium

249 3685 378 3746 latinus
407 3685 525 3745 rhetor
556 3684 686 3746 Romae
706 3678 792 3769 fuit
818 3701 930 3762 puero
961 3680 1122 3745 Cicerone
1147 3679 1291 3745 Plotius.

251 3787 401 3850 Eiusdem
422 3782 562 3848 meminit
584 3785 695 3845 Varro
718 3781 750 3860 in
774 3779 887 3846 Satiris
909 3785 995 3864 apud
1017 3779 1158 3844 Nonium
1181 3804 1215 3863 p.
1239 3784 1292 3847 79.

249 3889 471 3952 bubtdcitare.
500 3885 655 3952 Vinicius
679 3884 908 3968 meus,quod
927 3885 1023 3966 apud
1043 3885 1194 3948 Plotium
1216 3886 1292 3948 rhe-

247 4003 357 4055 torem
372 3988 608 4052 bubulcitaret.
634 3984 833 4070 Scripsitque
857 3998 983 4068 praeter
1006 3986 1121 4049 librum
1139 3989 1177 4049 de
1191 3999 1293 4070 gestu

248 4094 341 4170 (teste
372 4087 569 4169 Quintiliano
598 4088 669 4162 XI,
700 4087 736 4164 3,
769 4089 857 4168 193.)
882 4088 1075 4165 orationes,
1109 4090 1223 4173 quibus
1244 4088 1292 4151 rei

248 4203 425 4264 merentum
463 4189 556 4254 sicuti
592 4187 765 4264 Atratino,
807 4189 862 4273 qui
897 4193 949 4254 M.
990 4189 1136 4254 Coelium
1172 4189 1290 4254 Rufum

250 4311 279 4350 a.
307 4291 367 4352 698
394 4293 461 4368 (66)
483 4312 571 4353 reum
594 4290 681 4365 fecit,
707 4289 885 4354 orationem
912 4292 1128 4374 composuisse
1154 4301 1289 4356 constat.
