2958 4840
251 379 313 443 ast

254 537 401 619 mystesia
433 549 504 603 sunt
535 535 585 601 dei
615 534 812 618 Aesculapii.
867 535 1044 618 Appuleius
1068 533 1100 598 in
1131 535 1297 622 Apologia

251 663 286 724 p.
306 643 379 704 517.
424 643 503 723 Ego
532 649 570 702 ut
596 639 692 714 dixi,
726 638 910 719 multiiuga
938 657 1038 699 sacra
1065 650 1098 700 et
1127 639 1298 720 plurimos

252 745 339 806 ritus
362 753 395 804 et
418 743 532 804 uarias
550 741 756 804 cerimonias
777 740 893 802 studio
913 740 984 802 ueri
1005 750 1038 800 et
1059 738 1188 824 officia
1210 763 1299 824 erga

253 847 334 908 detis
356 845 478 919 didici,
503 846 648 906 nechao
668 843 715 904 ad
735 855 869 924 ternpus
891 863 1077 923 compono,
1096 843 1157 904 sed
1175 845 1298 906 abhinc

241 946 333 1036 sere
355 947 541 1008 triennium
555 955 620 1017 est,
649 945 868 1026 cumprimis
889 944 1018 1014 diebus,
1043 945 1165 1027 quibus
1189 948 1298 1021 Oeam
1362 945 1364 949 ’

253 1069 432 1122 ueneram,
465 1049 597 1130 publice
619 1047 790 1109 disserens
811 1047 853 1110 de
876 1046 1073 1126 Aesculapii
1095 1047 1295 1124 maiestate,

253 1153 371 1214 eadem
393 1153 461 1214 ista
485 1171 571 1232 prae
593 1169 646 1212 rue
666 1149 749 1223 tuli,
779 1159 814 1210 et
835 1159 917 1231 quot
940 1168 1041 1210 sacra
1063 1169 1197 1212 nossem
1218 1171 1297 1231 per-v

254 1254 382 1316 censui.
430 1256 483 1318 Ea
499 1251 689 1334 disputatio
706 1250 928 1314 celeberrima
948 1260 1017 1322 est,
1038 1252 1141 1333 uulgo
1155 1253 1295 1334 legitur,

254 1358 289 1420 in
312 1355 465 1420 omnium
485 1354 642 1417 manibus
663 1365 832 1428 uersatur,
857 1373 925 1415 non
943 1363 1015 1413 tam
1021 1349 1205 1440 facundia
1222 1377 1300 1416 mea

254 1480 357 1544 quiam
384 1457 553 1520 mentione
575 1456 773 1536 Aesculapii
796 1453 969 1538 religiosis
991 1455 1179 1517 Oeensibus
1207 1479 1298 1518 com-

256 1561 429 1624 mendata.

321 1643 453 1708 Florida
478 1665 512 1724 p.
536 1643 589 1705 91.
620 1664 661 1704 ex
693 1639 921 1704 declamatione
945 1640 1143 1726 Carthagine
1172 1643 1298 1704 habita:

256 1749 359 1810 Nunc
391 1768 523 1828 putoque
556 1745 666 1826 igitur
696 1743 905 1826 principium
936 1744 1020 1808 milti
1045 1745 1141 1827 apud
1169 1758 1301 1807 vestras

256 1869 361 1909 aures
391 1847 706 1926 auspicatissimum
737 1847 780 1906 ab
814 1847 1021 1927 Aesculapio
1054 1848 1117 1908 deo
1146 1848 1297 1928 capiam,

257 1948 316 2034 qui
343 1968 457 2009 arcem
486 1959 619 2009 vestrae
654 1946 876 2028 Carthaginis
914 1947 1129 2012 indubitabili
1162 1951 1301 2010 numine
1334 1979 1337 1983 ·

255 2050 429 2134 propitius
451 2049 603 2132 respicit.
647 2053 730 2113 Sum
753 2049 842 2110 enim
868 2071 935 2112 non
958 2051 1099 2134 ignotus
1121 2051 1171 2112 illi
1193 2053 1301 2112 socri·

258 2155 350 2228 cola,
376 2174 435 2214 nec
458 2173 575 2214 recens
593 2154 707 2214 cultor
728 2173 786 2212 nec
806 2151 965 2234 ingratus
981 2153 1145 2228 antistes,
1170 2175 1210 2213 ac
1231 2153 1304 2215 iam

262 2267 294 2317 ct
314 2273 444 2337 prorsa
466 2265 498 2316 et
522 2273 624 2317 atrrsa
634 2250 818 2343 facundia
841 2265 1020 2316 veneratus
1042 2275 1131 2316 ssim.

606 2391 636 2449 2.
675 2393 718 2449 lle
738 2391 793 2448 deo
812 2391 948 2449 Socratis.

324 2509 423 2569 Extat
444 2509 521 2568 haec
542 2504 747 2582 declamatio,
771 2516 802 2566 et
817 2503 848 2566 in
867 2504 1034 2567 codicibus
1053 2527 1111 2568 una
1131 2515 1201 2568 cum
1225 2485 1307 2568 Flb-

263 2607 341 2672 ridis
364 2621 437 2690 apte
459 2609 623 2670 cohaeret.

673 2779 768 2788 —.-......

325 2905 472 2970 Meminit
511 2904 687 2988 Appuleius
733 2905 971 2970 declamationis
1007 2907 1185 2982 cuiusdam,
1241 2930 1306 2970 noa

262 3008 419 3072 arationis
440 3007 589 3081 lorensis,
613 3018 646 3068 ut
670 3006 747 3068 mihi
774 3009 909 3084 ridetur,
933 3009 964 3072 in
983 3011 1146 3093 Apologia
1170 3032 1204 3091 p.
1229 3009 1305 3072 445.

263 3115 316 3176 De
337 3112 454 3192 patria
477 3131 570 3182 mea,
600 3111 691 3193 quod
713 3130 788 3171 eam
811 3112 915 3173 sitam
937 3113 1124 3175 Numidiae
1146 3127 1177 3174 et
1200 3115 1306 3175 Getu-

262 3217 328 3278 liae
351 3217 386 3277 in
409 3217 485 3298 ipso
508 3216 663 3292 confinio
690 3215 773 3276 meis
795 3215 935 3296 scriptis
958 3215 1154 3290 ostendisti,
1187 3216 1308 3298 quibus

265 3329 386 3378 memet
414 3317 599 3402 professus
627 3339 720 3389 sain,
765 3337 843 3377 eum
873 3317 1030 3378 Lolliano
1060 3318 1162 3380 Auito
1192 3321 1229 3380 0.
1263 3319 1307 3380 V.
1367 3341 1368 3346 ¹

263 3430 443 3500 praesente
464 3417 596 3499 publice
618 3417 842 3488 dissererem,
861 3419 1130 3480 Seminumidam
1152 3431 1184 3480 et
1200 3417 1308 3481 Semi-

265 3524 438 3601 getulnm‚
463 3541 530 3579 non
546 3519 658 3589 video,
684 3519 767 3602 quiid
783 3520 866 3580 milri
882 3521 927 3580 sit
940 3521 975 3581 in
991 3541 1032 3580 ea
1046 3543 1085 3582 re
1097 3519 1307 3601 pudendum.

265 3626 372 3706 Atque
388 3645 421 3702 p.
439 3623 512 3684 547.
538 3625 735 3690 Revalesco,
758 3621 892 3684 dissero
911 3623 1042 3703 aliquid
1056 3621 1310 3702 postulantibus
1341 3641 1349 3650 ·

264 3725 385 3787 amicis
424 3725 571 3804 parblice3
604 3745 738 3794 omnes,
770 3724 828 3807 qui
863 3725 1023 3795 aderant,
1060 3724 1191 3803 ingenti
1226 3723 1311 3784 cele·

266 3827 389 3888 britate
403 3826 577 3888 basilicam
591 3827 666 3908 (qui
684 3829 779 3886 locus
797 3827 964 3886 auditorii
984 3827 1075 3904 erat)
1089 3828 1309 3906 complentes,
1389 3879 1391 3883 .

265 3929 354 3991 inter
390 3929 462 3988 alia
493 3931 655 4010 pleraque
684 3928 997 4009 congruentissima
1019 3947 1097 3988 uoce
1126 3926 1312 4007 insigniter

264 4033 467 4092 acclamant.

582 4166 667 4224 CLII.
708 4167 798 4224 lulius
819 4167 988 4226 Granicum.

332 4281 529 4360 Praeceptor
551 4279 728 4343 Alexandri
757 4279 883 4342 Severi.
921 4278 1128 4359 Lampridius
1148 4275 1209 4340 rita
1233 4278 1314 4340 Alc-

269 4378 382 4438 xandri
418 4378 529 4440 Sereni
562 4403 591 4441 c.
629 4381 660 4442 3.
714 4382 914 4444 Alexander
935 4385 1091 4442 -Seoerus
1128 4383 1164 4442 in
1197 4379 1317 4462 prima
