2992 4844
1146 345 1205 404 337

218 505 338 570 Cicero
366 505 469 564 Bruto
500 524 530 562 o.
561 500 613 564 56.
669 503 788 565 Aelius
822 501 988 565 scribebat
1011 501 1200 572 orationes,

153 630 241 691 qrcas
263 607 325 668 olii
348 606 517 676 dicerent,
545 617 582 665 ut
605 609 647 687 Q.
673 606 816 668 Metello
836 604 929 680 folio.

190 753 220 813 Q.
235 751 336 796 Metello
347 749 419 812 Ῑῖίίο(
450 749 512 813 filio
530 752 629 806 addidit,
651 751 761 794 nimirum
783 757 806 793 ut
824 766 837 793 n
859 755 924 804 patre
943 749 1018 794 fitium
1038 753 1205 809 distingueret.

226 842 319 885 Similia
340 841 449 894 exempta
467 837 558 883 Ecuhet
578 839 647 882 affert
667 838 689 881 in
709 839 787 882 nuruis
805 838 952 882 familiarum
971 839 1002 882 Τ.
1025 836 1049 887 5.
1070 853 1093 894 ρ.
1117 834 1176 884 200.

374 986 403 1042 2.
446 986 545 1042 Oratio
565 1001 617 1057 pro
639 984 675 1052 Q.
698 984 820 1041 Servilio
841 984 998 1056 Caepione.

225 1117 399 1182 Accusavit
415 1115 613 1198 Caepionem
642 1117 683 1177 T.
709 1114 999 1180 Betucius'Bsrrns
1015 1119 1206 1182 Asculanos.

160 1222 246 1284 Vide
269 1233 361 1284 orat.
386 1218 568 1303 Caepionis
598 1241 631 1300 p.
662 1219 735 1281 322.
1155 1207 1161 1216 ⁵

226 1322 347 1386 Cicero
370 1323 472 1385 Bruto
504 1345 534 1383 c.
567 1321 619 1384 56.
665 1321 786 1385 Aetius
819 1323 987 1385 scribebat
1019 1325 1206 1401 orationes,

160 1447 247 1511 quas
271 1425 332 1486 atii
358 1426 520 1496 dicerent,
545 1435 582 1485 ut
605 1427 646 1504 Q.
673 1424 851 1506 Caepioni.

227 1528 313 1590 Ibid.
340 1549 368 1587 o.
394 1528 446 1588 16.
491 1527 656 1591 Omnium
677 1527 976 1609 eloquentissimus
999 1541 1104 1591 extra
1122 1534 1208 1593 hanc

162 1631 280 1693 urbem
316 1633 358 1692 T.
393 1629 554 1691 Betucius
583 1632 716 1690 Barrus
746 1631 960 1704 Asculacae,
999 1632 1099 1694 cuius
1130 1648 1209 1697 sunt

162 1735 295 1817 aliquot
316 1733 492 1794 orationes
517 1731 635 1794 Asculi
664 1732 819 1805 habitae,
852 1731 911 1793 itta
935 1735 1066 1797 Romae
1088 1748 1210 1798 contra

163 1836 387 1918 Caepionem,
414 1834 535 1896 nobilis
557 1853 655 1907 sone,
690 1834 746 1896 cui
767 1834 921 1897 orationi
944 1836 1127 1918 Caepionis
1150 1861 1210 1901 ore

164 1937 342 2019 respondit
364 1936 496 2000 Aelius.

381 2104 410 2160 3.
452 2103 605 2161 Orationes
624 2120 677 2175 pro
697 2103 733 2171 Q.
754 2104 891 2177 Pompeio
911 2107 994 2162 nuto.

229 2238 297 2298 Eae
327 2234 465 2316 scriptae
498 2232 645 2297 videntur
678 2256 708 2296 a.
744 2236 806 2297 661
838 2237 919 2314 (90).
951 2237 996 2299 V.
1031 2239 1138 2302 Oratt.
1169 2243 1212 2322 Q.

167 2339 322 2418 Pompeii
344 2338 431 2415 Rufi
453 2360 483 2418 p,
507 2337 581 2399 338.
1179 2350 1182 2354 ’

234 2439 306 2503 Cic.
334 2440 431 2502 Brut.
463 2439 513 2506 56,
559 2439 678 2502 Aelius
708 2440 874 2504 scribebat
905 2444 1097 2516 orationes,
1129 2464 1214 2525 quas

167 2543 230 2604 alii
261 2542 428 2616 dicerent,
464 2553 502 2604 ut
538 2545 580 2624 Q.
616 2542 779 2628 Pompeio
809 2544 921 2636 Rus0.
948 2549 1165 2629 Quamquam
1187 2547 1216 2609 is

168 2645 273 2706 etiam
295 2645 368 2727 ipse
389 2645 526 2727 scripsit
549 2665 627 2719 eas,
659 2644 781 2727 quibus
808 2670 875 2729 pro
898 2669 934 2711 se
956 2660 1006 2710 est
1029 2670 1130 2724 roseto,
1156 2649 1217 2710 sed

169 2768 237 2808 non
261 2749 332 2810 sine
355 2749 466 2812 Aetio.

388 2915 416 2970 6.
459 2916 613 2973 Orationes
633 2933 684 2989 pro
706 2918 737 2975 C.
761 2917 880 2974 Aurelio
900 2917 994 2974 Cotta.
1060 2987 1062 2994 J

235 3048 354 3110 Earum
379 3069 469 3109 rrnam
494 3051 548 3124 (de
578 3048 692 3110 ceteris
721 3048 802 3110 eninr
832 3047 911 3110 nihil
943 3053 1079 3124 constat)
1101 3069 1131 3110 n.
1155 3049 1217 3110 aot

171 3150 240 3226 (90)
263 3151 378 3212 dictam
402 3149 531 3212 seimus.
557 3151 641 3214 Vide
665 3163 771 3214 oratt.
796 3154 916 3214 Cottae
938 3172 973 3231 p.
1001 3151 1075 3212 338.

238 3251 312 3315 Cic.
331 3255 426 3325 Brut.
451 3275 480 3314 c.
505 3255 558 3316 56.
605 3259 740 3316 Cottam
762 3267 877 3316 autem
902 3254 1023 3326 miror,
1047 3275 1219 3316 summum

166 3347 286 3434 ipsum
308 3367 483 3417 oratorem
515 3357 718 3439 minimeque
747 3357 917 3438 ineptum,
949 3357 1112 3419 Aelianas
1132 3361 1219 3421 leues

173 3458 412 3520 oratiunculas
433 3460 581 3522 voluisse
604 3459 803 3522 existimari
826 3479 915 3520 suas.

240 3560 325 3622 lbid.
350 3583 380 3622 o.
405 3562 458 3623 56.
512 3565 632 3625 Cottae
657 3583 724 3642 pro
753 3583 790 3622 se
821 3563 896 3642 lege
930 3563 1041 3625 Varia
1062 3582 1148 3644 arcae
1172 3561 1223 3623 in-

174 3661 359 3740 scribitur,
383 3684 460 3726 eam
482 3668 523 3727 L.
549 3663 668 3727 Aelius
689 3661 828 3743 scripsit
850 3665 970 3725 Cottae
994 3677 1134 3746 rogatu.

477 3843 550 3899 LVI.
594 3840 628 3909 Q.
650 3841 794 3910 Pompeius
814 3837 911 3906 Rufus.

241 3967 404 4034 Tribunus
433 3971 538 4053 plebis
568 3992 597 4032 a.
631 3973 692 4032 651
721 3972 824 4046 (100).
856 3973 995 4034 Praetor
1026 3971 1164 4030 urbanus
1192 3989 1221 4031 a.

174 4071 236 4133 663
269 4075 352 4154 (91).
386 4074 459 4139 Cic.
484 4077 522 4134 de
554 4073 647 4136 Orat.
684 4075 720 4146 1,
756 4073 808 4132 37.
838 4069 962 4141 ,006361
992 4092 1022 4130 n.
1055 4067 1115 4128 666
1139 4068 1220 4148 (38).

174 4176 299 4238 Eodem
324 4197 406 4240 anno
430 4174 587 4239 seditione
617 4173 751 4235 militum
776 4183 890 4234 coorta
912 4168 1120 4230 interficitur.
1144 4169 1225 4230 Erat

175 4277 395 4358 optimatium,
425 4291 457 4341 et
487 4275 658 4337 dissidebat
688 4272 816 4334 multum
847 4294 863 4333 a
895 4272 936 4332 P.
967 4268 1113 4353 Sulpicio
1137 4269 1227 4334 Rufo

224 4387 299 4428 usus
309 4386 431 4426 casnm.
440 4385 522 4434 reum.
537 4381 568 4418 u.
577 4379 598 4420 t.
983 4373 1023 4434 ῃ
