2976 4844
249 381 309 443 168

241 538 396 629 familia
420 542 621 614 retinuerat,
652 541 768 603 liberis
788 554 867 602 ante
889 561 1019 621 paucos
1043 541 1222 623 triumphi,
1245 545 1295 604 al·

250 657 362 706 terum
388 657 467 726 post
487 643 672 726 pauciores
699 645 816 706 amisit
843 645 929 706 dies.

343 926 381 982 X.
415 927 447 982 P.
469 925 609 982 Cornelius
627 923 731 995 Scipio,
754 924 784 980 P.
804 923 944 996 Scipionis
963 929 1080 982 maioris
1095 929 1178 998 filius.

314 1080 430 1160 Augur
462 1075 564 1137 factus
594 1086 641 1136 est
672 1096 701 1136 a.
731 1076 792 1136 574
820 1075 922 1153 (180).
976 1074 1054 1138 Liv.
1091 1076 1113 1139 l.
1147 1079 1206 1154 tu,
1240 1079 1291 1140 lii.

250 1180 358 1263 Atque
382 1180 494 1240 flamen
517 1177 620 1240 Dialis
643 1187 721 1253 erat,
750 1189 784 1239 nt
806 1199 846 1238 ex
873 1177 1101 1262 epigrammate
1125 1193 1270 1261 apparet.

314 1281 434 1345 Cicero
464 1281 564 1342 Bruto
586 1279 637 1356 19,
662 1283 713 1342 77.
750 1282 869 1361 Ipsum
891 1281 1082 1362 Scipionem
1101 1283 1294 1364 accepimus

248 1406 317 1447 non
346 1383 521 1474 infantem
542 1381 680 1472 fuisse.
742 1383 849 1446 Filius
878 1385 1014 1466 quidem
1048 1385 1142 1460 eius,
1177 1386 1207 1447 is
1236 1387 1294 1469 qui

249 1491 338 1550 hunc
362 1488 529 1548 minorem
550 1486 742 1568 Scipionem
766 1507 790 1546 a
811 1489 933 1549 Paullo
952 1487 1146 1568 adoptauit,
1169 1489 1200 1550 si
1220 1510 1295 1550 cor-

248 1613 333 1673 pore
355 1591 528 1662 valuisset,
558 1590 593 1649 in
611 1588 736 1670 primis
760 1589 895 1650 habitus
919 1603 1006 1652 esset
1029 1591 1191 1652 disertus.
1237 1595 1292 1655 In·

251 1695 366 1754 dicant
383 1714 461 1751 ceum
483 1691 722 1752 oratiunculae
744 1703 817 1751 tum
840 1691 987 1754 historia
1006 1694 1172 1778 quaedam
1189 1715 1291 1776 grae·

249 1817 301 1870 ca,
329 1793 459 1874 scripta
484 1792 690 1856 dulcissime.

285 1943 369 1998 ipsum
392 1938 545 1996 Scipionem]
584 1937 695 1998 intelligit
717 1940 852 1994 Scipionem
876 1942 1003 1986 maionem.

315 2059 438 2123 Cicero
469 2058 593 2122 Catone
620 2081 650 2120 c.
679 2060 731 2135 11,
756 2060 809 2122 35.
859 2064 896 2124 Ρ.
920 2059 1089 2150 Aflicani
1109 2062 1217 2139 silius
1242 2065 1291 2136 is,

250 2164 309 2248 qui
331 2176 363 2226 te
390 2163 587 2244 adoptavit,
613 2184 717 2245 quam
740 2163 835 2224 tenui
856 2177 918 2226 aut
945 2168 1041 2226 nulla
1060 2166 1179 2246 potius
1206 2171 1293 2228 uale-

156 2309 164 2328 .
250 2267 392 2330 tudine!
435 2265 573 2346 Quodni
599 2265 649 2327 ita
663 2263 825 2354 fuisset,
859 2269 1008 2328 alterum
1037 2268 1093 2331 ille
1119 2270 1291 2332 extitisset

249 2373 364 2431 lumen
393 2367 563 2428 civitatis:
598 2368 645 2428 ad
674 2379 859 2448 paternam
894 2370 984 2430 enim
1018 2372 1292 2453 magnitudinem

248 2472 356 2534 animi
383 2470 541 2532 doctrina
565 2471 703 2532 uberior
728 2484 930 2533 accesserat.

313 2573 433 2638 Cicero
458 2575 496 2634 de
523 2572 645 2636 Officiis
670 2577 698 2646 1,
726 2574 776 2647 33,
804 2575 862 2636 121
886 2574 968 2636 idem
992 2574 1062 2639 scre
1085 2578 1227 2641 tradidit.

314 2675 459 2738 Velleius
487 2679 515 2750 1,
541 2678 592 2737 10.
622 2677 653 2737 3.
699 2676 808 2738 Lucio
830 2680 938 2740 Paulo
962 2691 1112 2759 quatuor
1127 2681 1205 2757 filii
1226 2680 1291 2768 fu-

248 2804 318 2844 ere.
363 2783 424 2842 Ex
446 2779 491 2839 iis
512 2779 610 2852 duos,
640 2791 725 2839 natu
749 2778 909 2853 maiores,
936 2801 1043 2841 unum
1067 2785 1103 2842 P.
1125 2784 1289 2864 Scipioni,

250 2887 289 2948 P.
309 2879 476 2970 Africani
494 2880 597 2956 filio,
631 2881 717 2942 nihil
741 2904 787 2942 ex
809 2893 961 2962 paterna
987 2882 1167 2944 maiestate
1188 2907 1291 2964 prae-

250 2999 303 3050 ter
336 2984 480 3064 speciem
515 2983 665 3045 nominis
701 2984 921 3066 vigoremque
959 2986 1170 3066 eloquentiae
1209 2988 1290 3048 reti·

249 3087 359 3160 nenti,
391 3086 425 3146 in
452 3086 673 3167 adoptionem
700 3087 866 3160 dederat,
904 3089 1054 3148 alterum
1082 3089 1185 3152 Fabio
1210 3094 1291 3154 Ma·

249 3191 360 3254 ocimo.

313 3295 411 3356 Extat
436 3295 473 3354 de
497 3294 560 3354 hoe
583 3291 656 3354 viro
681 3290 822 3374 elogium
851 3292 1000 3356 Saturnio
1029 3305 1131 3360 metro
1159 3316 1291 3376 compo·

248 3395 341 3458 situm
368 3395 399 3456 in
427 3393 627 3476 Anthologia
651 3393 745 3456 letina
772 3406 796 3457 t.
823 3398 852 3457 1.
881 3418 914 3476 p.
941 3396 972 3458 3.
998 3399 1041 3460 Ν.
1069 3396 1099 3461 3.

290 3537 378 3617 Quei
403 3536 554 3617 apicem,
581 3535 715 3617 insigne
746 3535 859 3597 Dialis
873 3537 1045 3624 flaminis
1068 3539 1224 3618 gessisti,

292 3661 386 3700 mors
407 3635 557 3726 perfecit
584 3650 657 3711 tua,
683 3648 722 3698 ut
747 3651 861 3699 essent
887 3639 1003 3700 omnia
1025 3637 1151 3712 brevia,

291 3743 412 3813 honos,
425 3738 549 3829 facua,
572 3741 761 3823 virtusque,
785 3740 900 3820 gloria
921 3751 1023 3821 atque
1048 3738 1238 3821 ingenium.

290 3842 421 3925 Quibus
445 3843 495 3904 sei
520 3843 553 3903 in
578 3845 683 3924 longa
702 3841 854 3902 licuisset
880 3841 947 3901 tibe
970 3840 1061 3900 ulier
1081 3843 1162 3916 vita,

279 3944 398 4036 facile
414 3942 554 4035 facteis
577 3964 777 4025 superasses
800 3941 951 4022 gloriam
978 3943 1162 4008 maiorum.

291 4054 407 4130 Quare
434 4048 551 4109 lubens
577 4059 609 4108 te
634 4047 669 4106 in
694 4044 878 4125 gremium,
908 4046 1034 4127 Scipio,
1061 4049 1184 4131 recipit

293 4154 418 4224 Terra,
438 4148 566 4223 Publi,
589 4157 852 4230 prognatum
868 4149 1032 4226 Publio,
1057 4153 1246 4215 Corneli.

313 4251 485 4315 Orationes
508 4271 640 4330 prorsus
664 4269 833 4311 evanuere.
