2976 4844
453 575 482 630 2.
515 573 614 630 Oratio
638 577 738 630 eontra
762 572 908 628 Tiberium
932 571 1105 628 Gracchum.

323 708 370 769 Ea
392 729 422 768 a.
449 708 507 769 621
537 706 627 785 (133)
651 703 733 768 diota
761 716 821 767 est.

324 791 475 872 Meteilus
504 821 617 873 eontra
649 811 750 892 legem
787 807 961 890 agrariam,
991 829 1006 870 a
1040 806 1177 870 Tiberio
1203 809 1306 871 Grae·

261 915 334 988 cho,
354 912 483 976 tribuno
509 912 624 994 plebis,
651 923 680 974 a‘.
704 912 763 973 eat
777 911 868 990 1133)
889 911 995 987 latam,
1021 909 1112 972 dixit.
1160 909 1306 986 Constat,

260 1016 375 1078 multos
402 1036 468 1077 eam
497 1013 693 1077 dissuasisse.

324 1117 442 1181 Cicero
466 1119 558 1180 Brut.
579 1119 628 1190 at,
651 1119 703 1179 81.
750 1121 792 1200 Q.
810 1117 945 1180 Metelli
966 1127 1000 1178 et
1019 1117 1109 1179 aliae
1125 1129 1207 1179 strat
1225 1139 1305 1196 ora·

259 1223 387 1294 tiones,
419 1231 451 1282 et
479 1230 601 1281 eontra
630 1221 687 1282 Ti.
716 1221 909 1283 Gracchum
940 1220 1104 1300 exposita
1132 1232 1183 1282 est
1206 1219 1241 1281 ia
1265 1223 1304 1282 C.

259 1324 380 1387 Fannii
405 1323 598 1385 annalibus,

293 1466 319 1514 C.
342 1467 434 1515 Fannii
453 1466 602 1528 annalibus]
637 1469 673 1512 De
702 1468 730 1515 C.
760 1469 852 1513 Fannio
880 1469 999 1513 historico
1023 1483 1045 1513 r.
1068 1469 1155 1514 orotttt
1179 1469 1304 1517 Ouoruost,

329 1568 353 1603 et
375 1559 469 1602 Krause
492 1558 590 1615 Fragm.
614 1557 759 1600 llistoricor.
784 1571 807 1612 p.
835 1552 892 1601 lii.

533 1771 561 1828 3.
596 1769 694 1826 Oratio
716 1771 752 1825 de
774 1771 855 1842 prole
879 1773 1023 1842 augenda.

322 1903 402 1964 Eam
432 1902 583 1964 Metellus
613 1900 644 1964 in
679 1923 810 1964 censura
844 1922 927 1966 anno
965 1903 1025 1965 ota
1060 1902 1149 1980 (131)
1185 1902 1303 1964 habuit.

259 2005 406 2086 Populus
438 2026 587 2068 romanus
621 2004 651 2068 iu
683 2004 769 2068 bello
801 2003 924 2068 Punico
954 2008 1112 2079 secundo,
1143 2007 1230 2088 quod
1256 2015 1305 2066 tot

259 2119 423 2191 tantasque
450 2106 570 2170 iecerat
602 2119 744 2189 strages,
778 2128 910 2171 numero
939 2108 1097 2182 decrevit,
1130 2129 1187 2169 nee
1219 2108 1305 2168 dein·

261 2215 310 2283 de,
333 2211 477 2294 ‹puamris
502 2210 580 2272 laeta
602 2221 813 2294 sequerentur
833 2222 988 2292 tempora,
1014 2211 1044 2273 iu
1068 2211 1231 2292 pristinam
1251 2229 1305 2272 co·

260 2313 343 2394 piam
378 2326 471 2398 atque
503 2311 732 2375 multitudinem
766 2313 873 2376 rediit.
920 2315 1130 2395 Quapropter
1154 2313 1305 2375 Metellus

259 2417 361 2498 legem
392 2417 478 2491 tulit,
511 2429 544 2478 ut
566 2415 671 2479 cuncti
696 2417 784 2478 cives
809 2419 959 2478 duoerent
986 2438 1104 2479 uxores
1131 2414 1304 2498 liberisque

259 2539 388 2601 operam
422 2521 542 2582 darent.
597 2517 698 2583 Conf.
730 2524 860 2601 Zumpt
894 2521 977 2582 tiber
1008 2519 1072 2581 den
1107 2519 1216 2582 Stand
1245 2519 1306 2578 der

260 2624 500 2705 Bevbilrerung
518 2623 590 2683 aad
604 2623 658 2684 die
678 2625 1016 2704 Volitsvermetrrung
1035 2623 1082 2683 im
1096 2623 1304 2685 Altertbum.

260 2725 376 2787 Berlin
402 2725 494 2786 1811.
523 2727 553 2788 lt.
582 2746 616 2804 p.
644 2727 695 2786 25.

325 2825 440 2886 Livius
464 2823 551 2907 Epit.
574 2829 650 2890 libri
674 2829 727 2890 59.
773 2833 815 2910 Q.
838 2827 1021 2909 Pompeius
1041 2838 1073 2887 et
1095 2831 1137 2909 Q.
1154 2831 1201 2889 M
1205 2830 1305 2888 etei·

259 2931 344 3002 Ius,
369 2941 441 2992 tum
461 2932 615 3012 primum
641 2944 784 3013 uterque
810 2954 857 2993 ex
881 2931 976 3011 plebe
993 2925 1096 3016 faeti.
1120 2947 1301 2999 censores,

259 3035 408 3094 lustrum
430 3033 668 3096 condiderunt.
713 3038 756 3116 Q.
781 3037 941 3097 Metellus
960 3052 1081 3093 censor·
1103 3031 1244 3101 censuit,
1266 3043 1304 3092 ut

260 3156 378 3196 omnes
404 3148 611 3217 cogerentur
635 3139 757 3198 ducere
779 3159 911 3199 uxores
932 3136 1119 3197 liberorum
1142 3133 1306 3196 creando-

260 3259 339 3299 rum
360 3260 479 3301 causa.
524 3243 636 3302 Extat
656 3240 771 3302 oratio
792 3240 877 3312 eius,
899 3260 1001 3322 quiam
1022 3242 1205 3320 Arignotus
1222 3240 1304 3299 Cae-

259 3361 338 3415 sar,
367 3363 443 3403 cum
467 3341 507 3404 de
534 3343 741 3403 maritandis
772 3342 951 3404 ordinibus
983 3352 1123 3424 ageret,
1158 3342 1245 3402 velrtt
1268 3337 1304 3398 in

258 3445 341 3506 haec
367 3456 526 3525 tempora
547 3445 714 3526 scriptam
738 3445 773 3505 in
796 3457 919 3508 senatu
940 3445 1107 3506 recitavit.

295 3593 354 3632 tune
372 3587 496 3648 primum]
532 3604 555 3633 a.
578 3585 625 3634 623
648 3587 730 3648 (131).

325 3711 494 3772 Suetonius
515 3713 654 3792 August.
675 3711 727 3776 89.
773 3712 891 3775 Etiam
910 3710 1015 3770 libras
1038 3719 1129 3769 totos
1150 3720 1182 3768 et
1204 3727 1304 3768 sena·

260 3812 312 3874 tui
338 3813 492 3875 recitavit
517 3825 551 3876 et
573 3819 707 3896 populo
736 3826 835 3876 notos
858 3833 922 3892 per
945 3809 1095 3871 edietum
1121 3831 1222 3892 saepe
1236 3808 1304 3899 fe·

259 3915 320 3989 eit,
361 3927 399 3977 ut
433 3917 609 3979 orationes
643 3922 686 3998 Q.
717 3915 852 3980 Metelli
880 3914 921 3975 de
949 3915 1046 3994 prole
1079 3915 1242 3996 augenda
1270 3925 1303 3973 et

261 4017 383 4081 Rutilii
405 4011 446 4081 de
465 4020 567 4082 motio
584 4018 840 4094 aedificiorum.

326 4121 424 4183 Extat
444 4120 574 4182 huiusce
596 4119 751 4182 orationis
771 4118 982 4202 fragmentum
1008 4123 1089 4200 apud
1112 4119 1249 4182 Gellium
1271 4120 1301 4190 1,

263 4224 306 4294 b.,
330 4222 388 4284 etsi
418 4245 485 4285 eam
509 4244 571 4287 non
597 4221 733 4284 Metello
759 4222 973 4286 Macedonico
998 4227 1051 4285 sed
1080 4221 1216 4284 Metello
1235 4220 1303 4280 Nu-

262 4322 378 4385 midico
404 4324 528 4387 tribuit.
574 4327 610 4387 In
635 4323 775 4388 editione
798 4325 910 4406 priore
931 4325 1084 4400 dixeram,
1108 4323 1178 4386 lieri
1198 4341 1303 4404 posse,
