2984 4842
219 375 279 436 412
342 380 345 390 '

222 533 341 597 irustra
357 532 475 595 bellum
494 529 620 595 molitus
635 531 742 613 periit.
770 530 843 596 Liv.
869 531 957 616 Epit.
976 535 1028 598 90.
1051 534 1159 619 Atque
1176 557 1269 599 exer·

223 635 304 698 citus
334 634 400 696 eius
430 633 461 697 in
492 632 678 715 Hispaniam
711 639 752 726 ad
784 636 961 699 Sertorium
986 636 1148 719 confugit.
1189 638 1269 700 Cum

222 737 333 800 deinde
350 759 379 799 a.
397 735 458 798 682
473 737 543 814 <tat
561 737 724 799 Sertorius
745 737 888 814 occisus,
905 751 934 800 et
952 738 1067 801 bellum
1087 741 1270 804 conlectum

223 852 322 913 esset,
341 837 457 901 milites
473 837 556 910 eius,
580 838 634 922 qui
658 838 745 902 bello
768 840 954 921 superstites
979 854 1084 918 erant,
1106 845 1268 923 petebant,

223 955 256 1005 ut
285 954 410 1004 senatus
443 940 506 1004 sibi
534 940 719 1024 ignosceret
747 942 931 1027 reditusque
961 947 1101 1008 daretur.
1149 942 1270 1008 Caesar

225 1043 383 1108 Plautium
411 1043 572 1106 tribunum
607 1044 803 1122 commovit,
833 1058 867 1107 ut
893 1045 1096 1126 rogationem
1126 1046 1270 1127 promul·

222 1158 323 1230 garet,
348 1157 380 1206 ut
403 1145 556 1208 exercitui
576 1145 755 1227 Lepidiano
777 1145 898 1209 reditus
923 1151 1166 1211 concederetur.
1196 1151 1269 1210 Huc

220 1248 359 1332 pertinet
381 1248 593 1330 fragmentum
619 1247 746 1311 Salustii
770 1270 811 1312 ex
834 1249 892 1311 lib.
918 1251 948 1313 3.
987 1248 1205 1314 Historiarum
1228 1271 1269 1312 ex

223 1351 384 1416 Arusiano
413 1372 448 1432 p.
465 1351 543 1413 '232
571 1354 623 1413 ed.
654 1349 804 1414 Lindcm.
849 1353 1008 1416 Gratiam
1036 1352 1087 1414 itti
1114 1352 1269 1416 criminis

207 1451 331 1546 focio.
368 1453 486 1516 Salust.
510 1452 598 1517 Hist.
623 1454 686 1517 lll.
716 1457 805 1517 Post
829 1454 977 1517 reditum
999 1475 1130 1529 eorum,
1148 1455 1269 1538 quibus

218 1568 361 1620 senatus
390 1555 469 1619 betti
501 1555 685 1640 Lepidiani
712 1557 866 1636 gratiam
884 1554 1043 1646 fecerat.
1090 1558 1127 1619 ld
1152 1579 1181 1619 a.
1207 1559 1269 1620 ost

219 1662 303 1737 (to),
320 1680 386 1743 quo
402 1679 485 1720 atina
505 1657 640 1722 Crassus
656 1669 688 1720 et
700 1657 875 1737 Pompeius
894 1658 1039 1719 consules
1062 1658 1164 1735 luere,
1182 1658 1267 1722 acci-

219 1762 321 1838 disse,
341 1783 384 1824 ex·
398 1759 553 1824 Suetonio
576 1770 722 1840 apparet.
740 1757 838 1822 Cous.
862 1759 1027 1820 Drumann
1049 1772 1073 1822 t.
1091 1761 1124 1822 3.
1140 1783 1174 1842 p.
1195 1762 1265 1830 139.

285 1866 420 1928 Sueton.
445 1861 541 1926 Caes.
565 1864 596 1923 b.
642 1859 838 1923 Tribunatu
861 1859 1025 1932 miiitum,
1051 1863 1110 1944 qui
1132 1863 1268 1943 primus

219 1970 367 2033 Romam
390 1985 529 2028 reuerso
547 1984 612 2045 per
642 1958 820 2047 suffragia
840 1962 961 2040 populi
991 1963 1101 2025 bonor
1128 1964 1266 2046 obtigit,

218 2081 378 2132 auctores
416 2063 648 2129 restituendae
687 2061 891 2123 tribuniciae
929 2065 1131 2144 potestatis,
1168 2067 1267 2130 caius

219 2172 286 2234 vim
302 2172 400 2235 Sulla
419 2167 646 2240 deminuerat,
671 2163 873 2227 enixissime
895 2164 992 2228 iuvit.
1040 2167 1146 2230 Lucio
1161 2168 1267 2230 etiam

218 2274 360 2346 Cinnae,
386 2268 511 2332 uxoris
521 2265 663 2357 fratri,
687 2278 721 2330 et
742 2267 801 2350 qui
823 2285 901 2329 eum
922 2290 963 2329 eo
984 2268 1076 2332 ciuili
1089 2268 1266 2331 discordia
1313 2299 1316 2303 Δ

219 2373 389 2456 Lepidum
411 2371 537 2446 secuti,
569 2381 647 2452 post
680 2390 793 2432 necem
826 2370 976 2432 consulis
1005 2371 1052 2431 ad
1073 2372 1266 2434 Sertorium

219 2472 472 2564 confugerant,
501 2472 652 2536 reditum
680 2471 716 2534 in
744 2471 915 2534 ciuitatem
942 2473 1125 2554 rogatione
1153 2473 1268 2538 Plotia

218 2573 390 2667 corfiecit,
414 2573 599 2659 habuitque
621 2574 749 2656 etipse
771 2595 876 2656 super
897 2595 939 2636 ea
961 2597 998 2637 re
1020 2575 1230 2638 concionem.

253 2719 381 2782 auctores]
424 2721 528 2765 Crassus
556 2726 579 2764 et
600 2721 731 2776 Pompeius
754 2719 865 2764 consules
890 2733 913 2764 e.
943 2716 992 2764 stt
1019 2715 1083 2782 (70)
1113 2722 1266 2766 tribuniciam

289 2815 432 2868 potestatem
451 2811 620 2854 restituerunt.

282 2930 406 2994 Gellius
438 2929 493 3006 ts,
517 2930 549 2993 3.
603 2927 730 3010 Reperi
762 2927 797 2990 in
829 2929 987 2992 oratione
1016 2932 1055 2995 0.
1090 2930 1263 3004 Caesaris,

217 3055 287 3120 qua
301 3033 475 3100 Plautiam
493 3030 711 3115 rogationem
734 3029 863 3104 suasit,
888 3031 1123 3093 necessitatem
1139 3032 1266 3093 dictam

214 3158 283 3220 pro
310 3135 576 3210 necessitudine,
613 3133 650 3196 id
678 3145 748 3207 est,
784 3133 859 3195 iure
893 3130 1104 3222 affinitatis.
1153 3133 1266 3198 Verba

215 3242 298 3302 hoec
319 3250 420 3302 sunt:
445 3237 615 3321 Equidem
639 3235 722 3296 mihi
743 3233 861 3295 videor
880 3255 947 3315 pro
969 3246 1091 3297 nostra
1111 3235 1261 3296 necessi-

148 3284 193 3341 Χ
216 3353 287 3405 tate
309 3361 377 3404 non
400 3341 533 3413 labore,
558 3358 627 3400 non
651 3356 778 3417 opera,
803 3355 872 3396 non
894 3334 1070 3396 industria
1091 3333 1263 3425 defuisse.

248 3501 298 3544 pro
316 3491 404 3530 nostra
426 3479 586 3538 necessitate]
628 3481 718 3524 Caesar
742 3476 858 3521 ailitiitste
880 3478 1018 3520 coniunctus
1040 3475 1070 3520 1..
1092 3476 1200 3530 Cinnae,
1224 3479 1263 3534 qui

287 3575 363 3618 freter
381 3576 434 3616 etat
452 3569 580 3614 Corrretise
600 3569 692 3612 uxoris.

281 3688 471 3770 Noniusp.
501 3688 576 3750 354.
607 3685 825 3759 Necessitas,
854 3682 1011 3759 affinitas,
1042 3686 1177 3746 undeet
1201 3685 1265 3746 hoc

142 3845 181 3894 f
215 3797 285 3860 iure
308 3789 472 3857 coniuncti
495 3787 668 3854 necessarii
691 3787 907 3868 appellantur.
953 3789 991 3851 0
1017 3790 1160 3860 Caesar,
1187 3809 1265 3848 cum

217 3895 391 3964 Plautiam
419 3894 531 3958 suasit
566 3892 802 3974 rogationem:
830 3889 1000 3974 Equidem
1031 3889 1114 3951 mibi
1148 3889 1265 3952 uideor

213 4023 282 4084 pro
306 4010 428 4064 nostro
460 3995 661 4059 necessitate
692 4012 761 4056 non
787 3995 921 4068 labore,
950 4012 1018 4056 non
1044 4012 1168 4074 opera,
1195 4010 1264 4054 non

216 4102 391 4168 industria
417 4097 587 4192 defuisse.

253 4245 279 4291 0.
301 4243 405 4305 Caesar]
441 4247 542 4305 Pighius
564 4251 581 4294 t.
605 4241 629 4290 3.
654 4258 677 4299 ρ.
700 4239 748 4286 238
774 4242 818 4286 hoc
839 4243 999 4300 fragmentum
1021 4255 1067 4285 uon
1090 4241 1188 4285 Caesari
1213 4239 1263 4282 dic·

287 4335 372 4387 tutori,
394 4335 436 4378 ssd
455 4333 554 4380 Caesari
577 4333 689 4377 Straboni
712 4343 797 4376 errore
818 4329 946 4374 tribuebat.

1477 930 1483 964 t
