2958 4840
1170 393 1233 458 ott

407 559 434 616 t.
455 557 551 614 Oratio
570 569 659 626 super
676 555 793 612 ciuitate
811 551 906 610 trallis
920 555 1029 629 danda

249 689 399 756 Claudius
421 709 488 754 eam
512 685 693 752 orationem
722 683 754 747 in
778 704 910 746 censura
938 705 968 746 a.
991 682 1063 748 801.
1085 687 1153 767 (to)
1177 689 1232 750 ha·

185 795 269 871 buit,
293 816 356 880 qua
378 790 505 869 effecit,
538 802 570 853 ut
592 789 778 852 Aeduorum
808 785 1007 849 senatoribus
1035 787 1082 850 ius
1108 791 1233 854 Romae

186 899 345 961 honorum
368 899 575 978 petendorum
599 893 839 954 concederetur.
874 887 1006 951 Tacitus
1028 890 1144 960 Annal.
1167 893 1234 970 xl,

186 1000 240 1063 93.
286 1001 330 1064 A.
358 999 494 1064 Vitellio
517 1001 559 1060 L.
585 995 755 1077 Vipstano
777 991 974 1055 consulibus
995 1013 1072 1054 cum
1094 993 1136 1055 de
1151 1014 1231 1076 sup-

183 1099 309 1186 plendo
330 1113 452 1162 senatu
473 1100 682 1183 agitaretur,
705 1093 943 1179 primoresque
965 1093 1122 1170 Galliae,
1148 1117 1233 1181 quae

186 1207 332 1268 Comata
348 1204 573 1285 appellatur,
599 1197 759 1292 foedera
791 1210 823 1260 et
860 1199 1031 1261 ciuitatem
1054 1219 1235 1263 romanam

184 1305 320 1388 pridem
341 1303 499 1378 assecuti,
524 1303 579 1364 ius
600 1301 901 1383 adipiscendorum
916 1302 952 1364 in
970 1301 1052 1365 urbe
1064 1305 1234 1365 honorum

186 1418 398 1490 expeterent,
424 1407 551 1468 metitus
573 1426 614 1466 ea
635 1425 740 1487 super
761 1427 798 1466 re
828 1401 1010 1487 variusque
1032 1425 1170 1480 rumor,
1202 1417 1235 1469 et

189 1506 313 1572 studiis
336 1507 480 1570 diuersis
503 1507 598 1589 apud
608 1505 799 1588 principem
814 1507 1023 1581 certabatur,
1038 1528 1234 1570 asseveran-

188 1613 287 1685 tium,
312 1631 381 1674 non
402 1612 490 1674 adeo
511 1609 655 1692 aegram
677 1609 835 1686 Italiam,
864 1619 902 1671 ut
930 1621 1085 1672 senatum
1112 1632 1236 1695 suppe-

188 1713 301 1776 ditare
323 1712 400 1775 urbi
422 1733 506 1775 suae
528 1713 696 1796 nequiret.
722 1747 760 1760 -
789 1711 855 1776 His
877 1723 978 1795 atque
999 1711 1120 1778 talibus
1142 1713 1238 1777 haud

186 1827 365 1899 permotus
385 1815 546 1897 princeps
568 1827 602 1878 et
623 1816 741 1878 statim
763 1825 884 1878 contra
905 1814 1087 1892 disseruit,
1116 1829 1150 1880 et
1179 1840 1236 1881 vo·

188 1927 266 1981 cato
288 1929 409 1980 senatu
432 1919 483 1979 ito
504 1939 655 1981 exorsus
677 1930 738 1980 est.
783 1914 907 1980 Deinde
937 1916 1080 2003 sequitur
1110 1919 1232 1995 oratio,

189 2040 283 2104 quam
306 2018 493 2102 imperatori
515 2019 647 2082 'Tacitus
668 2019 792 2082 tribuit.

253 2123 455 2186 Orationem
475 2122 643 2204 principis
665 2135 782 2187 secuto
796 2124 1115 2205 patrumconsulto,
1130 2123 1238 2208 primi

190 2223 304 2288 Aedui
325 2235 527 2289 senatorum
548 2223 584 2286 in
607 2226 690 2286 urbe
712 2225 767 2288 ius
789 2225 907 2308 adepti
928 2238 1019 2290 sunt.
1051 2229 1182 2291 Datum
1201 2225 1239 2290 id
1261 2299 1267 2304 ¹

178 2325 330 2417 foederi
351 2325 508 2410 antiquo,
532 2335 564 2388 et
586 2327 669 2410 quia
698 2327 763 2391 soli
785 2331 965 2393 Gallorum
994 2327 1237 2416 fraternitatis

190 2449 312 2493 nomen
334 2451 411 2490 cum
430 2431 560 2512 populo
582 2450 727 2493 romano
749 2433 932 2513 usurpant.
1315 2512 1317 2516 Ι

253 2529 396 2593 Tacitum
421 2543 523 2594 autem
547 2533 585 2593 ad
609 2531 716 2594 vivum
739 2533 934 2614 expressisse
950 2530 1126 2598 orationem
1141 2529 1238 2601 Clau·

189 2631 235 2696 dii
255 2631 470 2715 imperatoris,
494 2631 639 2717 quamvis
661 2631 797 2717 proprio
820 2657 886 2698 eam
910 2633 983 2701 stilo
1006 2636 1163 2700 formaret
1192 2639 1238 2703 in·

193 2735 324 2820 geuiose
347 2748 441 2820 atque
465 2745 687 2811 converteret,
725 2759 766 2800 ex
800 2759 875 2800 vera
912 2737 1050 2802 eiusdem
1080 2741 1236 2818 oratione,

191 2838 280 2902 cuius
301 2851 472 2921 supersunt
493 2839 683 2921 fragmenta,
708 2840 945 2922 cognoscimus.
1004 2842 1125 2905 Extant
1154 2843 1236 2906 enim

191 2942 316 3006 tabulae
340 2963 453 3005 aeneae
478 2946 575 3017 duae,
604 2943 771 3026 Lugduni,
808 2944 886 3007 urbe
910 2944 1093 3021 Gallorum,
1130 2959 1238 3012 erutae

191 3044 315 3125 (Mittin
340 3045 481 3128 V'oyage
501 3045 578 3107 daus
601 3043 630 3107 ie
653 3043 738 3107 Midi
760 3057 785 3108 t.
812 3049 842 3107 1.
867 3068 900 3128 p.
926 3047 996 3116 159.
1033 3048 1239 3131 Barthelemy

193 3147 340 3211 Oeuvres
362 3143 518 3210 Diversus
542 3149 583 3212 Τ.
606 3148 637 3210 3.
662 3171 695 3231 p.
720 3145 768 3226 8.)
794 3170 874 3233 quae
897 3171 1041 3232 maguam
1063 3149 1147 3215 illius
1162 3175 1238 3236 par-

191 3259 253 3310 tem
280 3248 453 3314 continent.
468 3248 548 3313 Vid.
573 3247 708 3312 Gruteri
724 3251 907 3314 Thesaurus
933 3253 1084 3336 Inscript.
1108 3277 1141 3337 p.
1162 3257 1236 3320 509.

193 3350 323 3432 Lipsius
354 3352 386 3415 in
414 3349 562 3415 Excursu
591 3355 629 3414 ad
655 3351 760 3415 Taciti
783 3353 899 3420 Annal.
926 3355 990 3420 XI.
1019 3357 1059 3418 94
1084 3357 1130 3438 (in
1154 3361 1238 3423 Bek-

192 3451 262 3516 lseri
277 3453 416 3518 editione
436 3453 534 3520 lectio
558 3476 621 3519 uon
645 3478 707 3520 uno
731 3455 804 3520 loco
827 3456 988 3521 emendata
1012 3457 1084 3544 est),
1108 3461 1239 3527 Brotier

193 3558 232 3619 ad
267 3556 414 3618 'Tacitum
445 3558 507 3620 Ed.
544 3559 650 3621 Paris.
688 3559 781 3621 1890.
820 3571 842 3621 t.
875 3559 904 3620 4.
931 3583 965 3642 p.
990 3563 1063 3624 171.
1110 3563 1238 3628 Fiedler

194 3655 387 3720 Geschiclrte
403 3657 457 3720 des
480 3665 561 3728 rdm,
578 3657 701 3723 Stantes
716 3683 749 3742 p.
771 3661 843 3731 496.
868 3664 931 3726 Sed
954 3677 1024 3728 ante
1046 3663 1152 3729 omnia
1168 3664 1240 3750 dig·

157 3823 168 3840 ·
193 3775 250 3819 nus
277 3755 579 3824 commemoratione
604 3761 686 3826 liber
716 3764 837 3828 Zellii:
859 3767 996 3831 Claudii
1018 3770 1240 3853 imperatoris

193 3859 307 3923 oratio
328 3871 432 3943 super
453 3861 588 3926 ciuitate
610 3867 721 3929 Gallis
743 3866 871 3932 danda.
897 3871 1057 3955 Friburgi
1081 3871 1173 3936 1833.

644 4005 756 4064 Tabula
774 4009 802 4066 1.

259 4149 1292 4212 ....maeremmnaerr....sa........¹

192 4236 363 4321 Equidem
387 4236 540 4320 primam
562 4238 716 4304 omnium
743 4242 838 4304 illam
858 4245 1105 4328 cogitationem
1130 4253 1165 4314 h,
1178 4255 1240 4313 mr.

193 4357 291 4416 m‘ms
309 4360 414 4426 quam
434 4337 589 4402 maxime
605 4341 760 4424 primam
781 4361 1005 4411 occursuram
1026 4351 1111 4418 runt
1127 4357 1243 4440 'nour-
