2992 4840
1189 381 1250 444 175

204 558 259 600 cus
287 534 391 599 dictus
420 544 490 611 est,
524 533 645 598 habita.
681 555 753 606 ¹eam
782 534 959 600 orationem
988 537 1092 602 Fabio
1120 539 1248 604 Laelius

204 639 346 721 scripsit.

268 751 389 816 Cicero
416 770 478 831 pro
499 749 637 812 Murena
662 771 692 812 c.
710 749 764 812 36.
796 748 1010 841 Africanum
1028 774 1107 816 cum
1128 775 1248 836 supre-

207 877 263 919 ma
282 855 337 917 elie
353 852 538 918 Maximus
562 853 742 927 laudaret,
766 854 904 936 gratias
925 857 998 938 egit
1019 857 1087 920 diis
1106 857 1248 922 immor·

203 959 353 1031 talibus,
384 954 478 1041 quod
507 954 563 1018 ille
588 955 703 1018 cirin
732 957 796 1018 bac
824 958 998 1040 republica
1025 960 1249 1043 potissimum

203 1074 308 1124 natus
332 1071 440 1123 esset:
471 1078 606 1120 necesse
633 1058 724 1122 enim
733 1057 878 1149 fuisse,
902 1060 950 1125 ibi
978 1083 1052 1126 esse
1072 1074 1249 1128 terrarum

202 1162 407 1247 imperium,
432 1161 490 1224 ubi
516 1160 573 1224 ille
596 1171 698 1224 esset.

267 1263 398 1329 Scholia
428 1260 602 1327 Bobicnsia
626 1261 658 1325 in
681 1261 792 1327 Cicer.
817 1275 901 1327 orat.
927 1287 961 1348 p.
983 1265 1111 1331 Milone
1132 1289 1167 1351 p.
1186 1269 1248 1332 283

202 1367 280 1436 edit.
304 1366 428 1432 Orelli:
466 1370 504 1432 P.
527 1364 645 1448 Scipio
667 1365 908 1442 Aemilianus,
938 1391 1016 1432 cum
1040 1371 1247 1436 Latinorum

201 1492 346 1536 causam
374 1469 550 1534 societatis
582 1468 659 1532 iure
691 1483 817 1532 contra
845 1472 884 1536 0.
910 1473 1105 1536 Gracchum
1124 1474 1247 1538 trium·

202 1576 314 1638 virum
356 1574 497 1658 eiusque
537 1575 691 1654 collegas
731 1585 994 1653 perseveranter
1035 1572 1249 1665 defensurus

201 1689 308 1752 esset,
333 1698 375 1740 ne
397 1697 484 1761 ager
507 1675 666 1757 ipsorum
680 1674 911 1751 diuideretur,
936 1677 1117 1760 repentina
1137 1692 1247 1744 morte

201 1780 296 1844 domi
322 1801 408 1842 saae
437 1779 649 1860 interceptus
676 1791 747 1856 est,
771 1799 839 1842 non
864 1780 939 1842 sine
961 1778 1116 1872 infamia
1140 1794 1174 1847 ct
1195 1783 1247 1866 ip·

200 1883 276 1946 sius
313 1885 353 1948 C.
380 1881 530 1946 Gracchi
563 1892 596 1943 et
630 1881 760 1944 uxoris
792 1903 877 1945 suae
908 1884 1155 1965 Semproniae:
1188 1887 1249 1971 qui

201 1986 350 2048 excessit
379 1984 452 2047 vita
474 1986 562 2048 LVI
586 2003 696 2046 annos
724 1996 848 2058 natus,
873 1985 908 2047 in
926 1986 1066 2071 eiusque
1070 1985 1252 2077 faucibus.

200 2087 349 2170 uestigia
374 2087 495 2150 livoris
519 2087 658 2148 inventa
691 2097 785 2149 stult.
837 2091 951 2171 Super
984 2089 1059 2152 eius
1088 2091 1248 2154 laudibus

200 2189 300 2256 extat
335 2191 480 2254 oratio
508 2189 705 2254 G.·Laeli
734 2191 989 2272 Sapientis,
1024 2213 1108 2276 qua
1139 2215 1247 2257 usus
1293 2207 1301 2216 '

201 2294 374 2357 videtur
402 2297 446 2374 Q.
467 2291 626 2356 Fabius
649 2292 872 2356 Maximus
902 2293 944 2356 in
978 2297 1246 2360 laudatione

201 2397 360 2460 mortui
384 2395 627 2479 Scipionis,
655 2394 692 2457 in
716 2395 815 2459 cuius
850 2407 1013 2459 extrema
1036 2410 1138 2479 parte
1164 2401 1247 2461 baec

201 2498 305 2564 uerba
325 2511 424 2561 sunt:
1214 2509 1216 2514 “

264 2600 501 2688 Quiapropter
528 2621 637 2684 neque
669 2611 768 2662 tanta
790 2597 858 2662 diis
888 2600 1143 2664 immortalibus
1162 2623 1246 2684 gra·
1263 2645 1296 2674 x

201 2703 252 2768 tia
271 2704 392 2767 baberi
410 2715 547 2785 potest,
579 2715 710 2787 quanta
731 2701 888 2766 habenda
905 2715 975 2781 est,
999 2703 1093 2788 quod
1117 2704 1148 2767 is
1170 2727 1249 2768 cum

200 2807 261 2872 illo
294 2807 412 2870 animo
449 2818 552 2892 alque
584 2805 726 2889 ingenio
761 2807 825 2868 bac
859 2805 995 2870 ciuitate
1023 2807 1246 2891 potissimum

201 2923 394 2985 natusest,
418 2931 525 2994 neque
549 2909 600 2972 ita
621 2911 762 2972 moleste
782 2921 886 2993 atque
907 2932 1013 2993 aegre
1017 2907 1124 3000 ferri
1143 2929 1247 2995 quam

189 3012 393 3105 ferundum
423 3025 497 3088 est,
528 3032 636 3095 qscum
660 3033 702 3074 eo
727 3012 847 3074 morbo
873 3024 1019 3076 mortem
1043 3011 1128 3075 obiit
1153 3025 1186 3076 et
1209 3013 1246 3076 in

200 3117 322 3180 eodem
353 3128 507 3198 tempore
534 3113 660 3197 periit,
691 3135 796 3197 quum
823 3126 856 3177 et
881 3115 975 3178 vobis
1004 3126 1038 3178 et
1067 3113 1245 3192 omnibus,

201 3219 261 3304 qui
291 3222 379 3283 banc
402 3218 649 3302 rempublicam
674 3219 807 3280 salvam
832 3221 967 3298 volunt,
993 3219 1146 3282 maxime
1171 3219 1248 3284 vico

201 3343 288 3405 opus
309 3331 382 3398 est,
409 3322 578 3404 Quirites.

236 3493 409 3555 quiapropter]
432 3496 456 3540 in
469 3497 526 3542 edit.
544 3497 624 3551 priore
642 3498 767 3555 legendum
781 3498 830 3542 dlxi
843 3501 1005 3556 quapropter.
1042 3497 1088 3540 Sed
1107 3497 1248 3542 mutandam

270 3598 318 3629 uon
340 3586 451 3642 videtui-3
481 3585 594 3630 similiter
616 3590 711 3630 velares
733 3584 852 3644 quianam
875 3597 919 3640 pro
939 3597 1027 3642 quare,
1047 3587 1109 3642 quod
1130 3585 1248 3643 Virgilius

271 3685 364 3730 quoquc
386 3671 532 3716 carininibus
552 3673 602 3716 suis
623 3673 725 3716 inseruit
744 3676 804 3716 teste
824 3669 973 3728 Quintiliano
993 3669 1019 3730 8,
1041 3668 1064 3724 b,
1085 3671 1128 3718 25.

235 3774 282 3822 hac
294 3777 407 3836 ciuitate]
426 3777 530 3825 fortusse
543 3779 669 3836 legendum
685 3777 711 3824 ia
729 3775 778 3822 bac
794 3777 903 3822 civitate.
925 3782 949 3821 ut
968 3790 1055 3834 supra:
1076 3777 1196 3838 quoditie
1209 3778 1247 3823 eir

270 3867 297 3910 in
319 3865 368 3911 bac
387 3865 517 3924 republica
535 3866 699 3924 potissimum
720 3871 796 3910 natus
816 3871 892 3909 esset.

235 3969 339 4008 mortem
358 3961 435 4022 obiit]
456 3965 490 4008 sic
504 3961 612 4008 Orelllus
628 3965 762 4008 esnendsvit
776 3964 865 4008 codicis
878 3964 1025 4019 scripturum
1038 3976 1095 4006 cum
1108 3975 1137 4006 ca
1149 3962 1246 4006 morbo-

268 4066 324 4097 rum
336 4057 359 4096 tc
372 4051 456 4096 movit.
493 4052 574 4095 Maius
586 4064 642 4094 cum
653 4063 681 4094 eo
695 4050 780 4095 morbo
793 4051 863 4095 obiit.

235 4149 261 4194 in
273 4147 359 4194 coslam
372 4145 493 4206 tempore]
511 4160 541 4191 an
554 4147 582 4190 in
595 4159 623 4190 eo
635 4146 763 4205 tempore?
801 4147 910 4192 ofellius
923 4159 1001 4190 meum
1015 4146 1178 4189 coniecturam
1191 4157 1247 4200 pro·

225 4208 229 4217 ι
269 4236 325 4292 bat,
346 4249 400 4281 eum
419 4235 511 4289 syllaba
530 4232 586 4278 lem
602 4247 615 4279 e
633 4235 795 4292 ganniuntione
815 4233 936 4290 sequentis
949 4237 997 4274 tem
1009 4232 1116 4276 ridentur
1130 4237 1195 4278 orte.

234 4345 297 4392 opus
310 4331 359 4390 ut]
371 4345 436 4390 opus
446 4336 514 4376 esset
525 4333 549 4375 in
563 4331 602 4375 sd.
616 4331 664 4386 pn.
676 4333 777 4386 conieci,
792 4328 949 4383 probantibus
963 4325 1057 4374 Orelllo
1071 4334 1094 4374 et
1107 4313 1247 4376 Duebnsco.
