2976 4844
255 353 293 415 90

321 510 504 572 Priscianus
530 522 554 572 t.
583 513 613 572 1.
642 533 676 591 p.
703 513 775 572 270.
823 511 982 575 Dicebant
1017 515 1078 575 hoc
1110 535 1239 592 specum
1275 528 1306 579 et

257 618 335 678 haee
355 635 480 696 spaera.
527 617 634 676 Cato:
659 617 790 696 Spaeect
815 615 950 697 posita,
976 637 1044 698 quo
1069 637 1162 698 aqtta
1184 617 1225 679 de
1252 619 1307 680 via

254 719 377 781 abiret.

291 844 360 903 Cato]
396 847 501 891 fortasse
524 849 567 890 ltttc
589 849 691 901 pertinet
710 846 879 904 fragmentum.

290 953 319 998 de
344 951 394 1011 oia]
433 954 457 996 ln
480 953 573 998 Kreblii
596 954 654 998 edit.
675 954 737 997 male
760 954 846 1010 legitur
868 965 913 994 uno
933 951 1007 995 verbo
1027 949 1107 996 deria.

320 1073 452 1137 Paullus
477 1094 511 1154 p.
533 1072 584 1140 59.
629 1071 782 1136 Cloaeale
804 1071 920 1134 flumen
943 1069 1024 1132 dixit
1047 1069 1131 1134 Cato
1154 1092 1216 1150 pro
1236 1069 1306 1133 clo-

257 1196 383 1238 acarum
410 1174 548 1238 omniunt
574 1173 728 1238 colluvie.

291 1298 360 1359 dato]
394 1300 508 1358 sartam
522 1303 550 1345 in
568 1301 682 1345 oratione
701 1300 731 1345 de
750 1313 861 1346 censura
878 1271 915 1346 itt.
936 1297 1015 1344 Fului.
1055 1300 1154 1343 ttttttter.

483 1549 531 1607 51.
561 1549 660 1607 Oratio
680 1551 717 1606 da
741 1567 772 1606 ro
788 1549 915 1607 Histriae
937 1553 1066 1608 militari.

320 1699 461 1774 bellurn,
492 1703 580 1784 quod
610 1699 750 1763 Romani
781 1721 852 1762 euin
881 1699 972 1763 Istris
1006 1721 1152 1784 gessere,
1179 1701 1305 1764 duravit

257 1806 297 1866 ab
322 1823 404 1864 anno
427 1802 487 1864 571
511 1824 610 1885 usque
636 1807 675 1864 ad
699 1804 881 1882 577(1tt):
911 1813 974 1865 tam
1002 1803 1054 1866 diu
1075 1815 1210 1865 tractum
1232 1825 1303 1886 seg·

257 1904 334 1969 nitie
362 1905 526 1968 consulum
549 1917 579 1966 et
601 1904 852 1987 imperatorum,
886 1905 931 1967 ita
961 1918 994 1967 ut
1020 1919 1128 1988 patres
1153 1926 1303 1986 saepenu-

257 2028 347 2069 mero
374 2007 405 2069 in
429 2019 537 2068 senatu
560 2029 594 2070 ea
622 2011 660 2070 de
684 2029 719 2070 re
742 2019 955 2091 quererentur
981 2019 1013 2070 et
1036 2007 1303 2073 vociferarentur.
1379 2067 1380 2070 ,

258 2111 298 2171 ld
323 2130 406 2172 auno
432 2110 493 2172 572
520 2111 610 2187 (182)
635 2110 753 2172 laetum
787 2131 854 2172 esse
883 2109 1014 2172 tradidit
1045 2109 1158 2173 Livius
1180 2111 1230 2182 10,
1252 2109 1303 2170 20.

258 2212 367 2296 Atque
388 2211 472 2276 Cato
500 2224 552 2274 aut
575 2211 668 2276 initio
693 2211 769 2274 belli
799 2233 828 2275 a.
855 2214 915 2274 571
940 2213 1040 2292 (183),
1065 2235 1134 2274 eum
1158 2209 1190 2272 in
1216 2231 1304 2272 sena-

256 2324 289 2376 tu
316 2317 353 2376 de
380 2315 466 2378 bello
496 2319 655 2378 movendo
686 2315 922 2377 deliberabatur
954 2319 1062 2399 (quod
1091 2311 1205 2374 Livius
1233 2334 1304 2373 nar·
1382 2364 1384 2368 .

256 2429 306 2478 rat
327 2415 387 2479 lib.
406 2417 459 2494 39,
478 2419 559 2496 55),
588 2429 640 2480 aut
664 2429 775 2499 postea
804 2440 875 2479 euin
896 2421 934 2480 de
954 2418 1102 2479 tarditate
1126 2413 1202 2476 belli
1222 2413 1304 2498 gesti

256 2521 474 2602 querebantur
503 2532 685 2594 senatores,
715 2518 894 2583 orationem
924 2519 1047 2583 habuit.
1094 2517 1196 2582 conf.
1224 2516 1303 2579 Liv.

257 2622 383 2697 10,18.
406 2625 457 2684 20.
492 2624 753 2697 11,1.10.11.

319 2724 433 2786 Festus
457 2744 491 2804 p.
512 2724 585 2786 212.
626 2726 905 2788 Punctatoriolas
931 2725 1020 2787 leves
1045 2745 1168 2807 pugnas
1192 2727 1304 2806 appel-

256 2825 299 2886 lat
323 2828 410 2889 Cato
436 2825 471 2886 in
498 2847 560 2900 ea,
593 2848 696 2910 quam
727 2828 818 2889 dixit
841 2827 881 2889 de
905 2850 941 2888 re
963 2827 1119 2890 Histriae
1144 2827 1301 2889 militari.

285 2970 501 3030 punctatoriolas]
538 2973 647 3020 Paulust
678 2972 856 3018 Punctariolaa
882 2972 940 3028 (sie)
959 2973 1025 3016 teres
1044 2985 1149 3032 pugnae
1169 2970 1303 3015 identidem

326 3059 380 3115 ipae
406 3059 490 3117 (Cato)
512 3059 589 3105 dixit.
639 3061 772 3105 Matsnstns
805 3075 829 3115 p.
855 3057 886 3104 18
916 3061 990 3104 dicit:
1026 3061 1051 3104 ln
1085 3075 1139 3106 tneo
1170 3063 1303 3116 exemplari

327 3145 416 3202 (Festi)
439 3149 614 3194 Mediolanensi
640 3152 694 3192 anni
721 3145 782 3193 tiit
809 3151 895 3208 legitur
916 3163 971 3194 nteo
991 3150 1079 3194 iudicio
1098 3152 1183 3194 melius
1201 3149 1303 3194 Paraita-

326 3235 415 3282 riolas.

502 3430 549 3488 55.
586 3430 687 3486 Oratio
715 3432 751 3486 de
778 3432 901 3488 tribunis
928 3433 1061 3490 militum.

319 3579 367 3640 Ea
391 3578 475 3640 dieta
503 3579 629 3642 videtur
653 3600 735 3642 antio
755 3580 817 3642 583
836 3583 941 3661 (171).

319 3682 551 3764 Argumentum
576 3693 690 3763 repeto
715 3704 755 3744 ex
779 3682 868 3744 Livii
892 3683 978 3744 libro
1001 3683 1052 3755 12,
1071 3683 1122 3742 31.
1167 3683 1208 3744 1η
1237 3681 1301 3741 tri-

255 3783 356 3845 bunis
382 3783 530 3846 militum
559 3797 721 3848 novatum
747 3804 787 3846 eo
813 3805 905 3848 anno
927 3795 1070 3863 propter
1097 3782 1300 3846 Macedoni·

253 3906 332 3948 aum
357 3887 501 3962 bellum,
529 3887 623 3970 quod
648 3889 805 3950 eonsules
831 3896 1041 3948 exserturus
1067 3888 1223 3948 consulto
1253 3887 1300 3946 ad

251 3991 419 4072 populum
446 3993 616 4064 tulerunt,
644 4011 686 4050 ne
711 3987 840 4050 tribuni
867 3985 1014 4048 militum
1040 4010 1080 4051 eo
1103 4010 1196 4051 anno
1220 3984 1300 4077 sitf-

242 4090 389 4180 fragiis
415 4103 639 4166 crearentur,
671 4089 733 4152 aad
758 4091 938 4152 consutum
963 4103 1233 4175 praetorumque
1264 4089 1299 4150 in

252 4193 297 4256 iis
311 4191 498 4284 faciendis
526 4193 693 4256 iudicium
718 4190 968 4278 arbitriumque
996 4207 1097 4258 esset.

318 4297 405 4359 Puto
425 4294 581 4360 Catonern
607 4315 643 4358 ea
660 4296 698 4358 de
718 4316 752 4358 re
770 4293 803 4358 in
827 4309 938 4362 senatu
956 4296 1074 4362 dixisse
1094 4291 1299 4370 senteutiam,
