2976 4844
245 351 305 416 119

191 593 195 600 Ι
244 511 357 586 melia,
393 533 481 596 quoe
513 511 597 576 milti
623 533 688 596 per
722 511 863 574 huiusce
891 513 1124 595 petulantiam
1139 513 1292 604 factum

243 615 331 690 itur,
364 614 415 676 rei
447 636 579 699 quoque
606 613 763 698 publicae
794 615 928 679 medius
950 615 1069 692 fidius
1102 618 1290 694 misereor,

244 716 412 801 Quirites.
494 711 496 716 ’

272 830 375 894 suctum
396 833 458 894 itur]
495 837 560 880 είεωλ
580 838 811 882 contumellam
826 834 958 896 sactum
981 824 1028 880 iri
1047 836 1180 900 significat
1203 839 1238 882 tri
1260 839 1295 885 act

315 925 492 968 contumelium
505 921 671 982 sociandum,
695 925 723 969 ld
741 932 795 986 eet,
817 939 921 983 operum
940 924 1017 981 dori,
1040 939 1088 985 quo
1102 924 1152 986 fiat
1167 933 1293 972 conturna·

316 1013 361 1073 lta,
380 1013 416 1056 itu
436 1013 636 1057 contumelio
650 1009 778 1072 suctum
796 1014 864 1058 itur
883 1027 946 1059 curu
965 1019 1063 1059 tontum
1081 1013 1210 1059 immutato
1226 1013 1293 1059 idem

314 1099 388 1148 dicit.
426 1100 530 1145 Gellius.
580 1101 652 1146 Conl.
675 1103 813 1146 Rarushorn
835 1102 888 1146 Lat.
909 1102 1019 1148 Gratum.
1041 1116 1066 1158 p.
1090 1097 1150 1147 656.
1188 1101 1293 1147 Ouweus

315 1188 404 1234 Noctes
425 1189 536 1247 uagante
556 1203 580 1244 μ.
599 1186 657 1234 118.

569 1401 614 1460 62.
648 1399 748 1458 Oratio
770 1402 807 1458 de
831 1401 968 1459 Achaeis.

309 1537 358 1598 Ea
380 1533 486 1598 oratio
508 1533 592 1597 dicta
616 1544 663 1597 est
689 1554 772 1598 anno
796 1535 857 1596 603
882 1537 985 1615 (151).

309 1641 517 1701 Achaeorum
532 1636 697 1718 principes
716 1637 818 1700 ferme
841 1637 937 1713 mille,
953 1649 987 1700 ut
1008 1661 1026 1701 a
1047 1637 1179 1703 crimine
1194 1636 1292 1701 initae

245 1763 317 1804 curn
344 1743 467 1804 Perseo
487 1739 651 1803 societatis
677 1761 710 1804 se
734 1753 921 1822 purgarent,
947 1742 1082 1806 Romam
1109 1741 1291 1806 evocaban-

245 1859 298 1909 tur
318 1865 400 1906 anuo
427 1845 487 1906 587
513 1844 621 1920 (167),
653 1856 685 1906 et
715 1843 834 1908 indicta
865 1865 958 1906 causa
990 1845 1078 1907 velut
1103 1843 1233 1908 obsides
1260 1844 1292 1906 in

247 1943 429 2026 municipiis
453 1957 484 2008 et
510 1944 646 2008 coloniis
677 1945 789 2008 ltaliae
823 1945 1099 2023 custodiebantur,
1130 1969 1234 2032 neque
1259 1946 1292 2008 in

244 2048 381 2131 patriam
398 2048 460 2110 uisi
481 2061 556 2130 post
576 2048 713 2112 sedecim
732 2070 831 2112 annos
855 2049 994 2112 redicre.
1031 2050 1147 2132 Legati
1164 2052 1293 2112 Achae·

245 2174 339 2218 orurn
363 2173 426 2216 non
450 2152 548 2216 semel
571 2153 707 2214 Romam
732 2163 906 2229 venerunt,
928 2153 968 2214 ad
989 2154 1236 2234 deprecandum,
1260 2163 1294 2215 ut

245 2253 368 2336 captivi
401 2255 622 2318 redderentur.
668 2256 815 2318 Frustra.
861 2253 1059 2318 Liberantur
1084 2257 1209 2317 tandem
1243 2253 1293 2316 in-

244 2361 429 2421 tercedente
460 2357 584 2422 Catone
611 2369 641 2421 et
667 2357 820 2439 Scipione
851 2356 1009 2422 Africano
1038 2356 1183 2433 minore,
1209 2377 1292 2420 auno

246 2462 308 2524 603
332 2463 431 2538 (151),
457 2473 490 2522 ut
515 2459 648 2526 Clinton
674 2459 706 2522 in
731 2459 837 2522 Fastis
859 2473 971 2524 auctor
997 2473 1057 2524 est.
1102 2461 1242 2542 (Zumpt
1260 2457 1293 2522 iu

244 2565 365 2630 Annal.
390 2563 514 2640 scribit,
536 2565 687 2628 Achaeos
711 2563 840 2628 obsides
863 2585 893 2628 a.
914 2563 975 2628 589
998 2565 1136 2628 Romam
1156 2563 1291 2638 venisse,

245 2689 276 2734 a.
300 2671 362 2730 601
385 2666 548 2745 rediisse.)

308 2770 432 2850 Polyb.
459 2770 525 2845 III,
551 2770 583 2834 5.
620 2765 914 2850 Ἀποκατὲστησαν
937 2771 973 2835 δὲ
999 2774 1056 2834 καὶ
1081 2771 1113 2833 οἱ
1135 2763 1294 2852 Ῥωμαῖοι

246 2869 323 2949 τοὺς
342 2864 506 2953 Ἕλληνας
532 2869 577 2950 εἰς
608 2870 667 2954 τὴν
696 2869 835 2951 οἰκείαν,
869 2867 947 2948 τοὺς
975 2872 1009 2936 ἐκ
1035 2872 1095 2936 τοῦ
1124 2871 1293 2959 Περσικοῦ

244 2979 390 3061 πολέμου
407 2978 704 3055 καταιτιαθέντας,
726 2970 952 3051 ἀπολύσαντες
974 2974 1033 3054 τῆς
1051 2973 1294 3058 ἐπενειχθείσης

245 3073 361 3154 αὐτοῖς
383 3079 552 3162 διαβολῆς.
596 3079 718 3159 Polyb.
735 3078 852 3156 XXX,
868 3079 920 3140 10.
937 3077 1072 3155 XXXI,
1087 3077 1120 3141 8.
1136 3074 1293 3149 XXXII,

247 3182 319 3245 let
342 3182 373 3246 9.
396 3183 569 3259 XXXIII,
597 3186 613 3246 1
639 3193 671 3246 et
697 3183 749 3245 13.

308 3285 481 3350 Pausanias
503 3286 527 3349 l.
548 3286 630 3363 VII,
651 3287 704 3348 10.
730 3282 900 3370 Ἐγένοντο
918 3278 1001 3374 ὑπὲρ
1020 3285 1147 3370 χιλίους
1167 3286 1198 3348 ol
1214 3277 1295 3347 σίνα-

243 3391 384 3475 χθὲντες
418 3389 450 3465 ἐς
477 3382 614 3472 Ῥώμην.
675 3381 962 3479 Ἑτιτακαιδεκοίτῳ
994 3388 1029 3452 δὲ
1061 3378 1198 3470 ὕστερον
1232 3384 1295 3449 ἔτει

247 3491 457 3579 τριακοσίους
489 3486 508 3570 ἢ
538 3495 593 3556 καὶ
626 3484 828 3570 ἐλασοονας,
862 3488 897 3556 οὶ
927 3485 1025 3576 μόνοι
1055 3495 1129 3575 περὶ
1150 3484 1295 3552 Ἰταλίαν

242 3593 424 3682 ’Azareis'
406 3618 453 3659 ετι
476 3589 696 3671 ἐλείποντο,’
676 3594 818 3685 αφιοίσιν
839 3591 1028 3676 (Romani).

309 3696 478 3761 Plutarch.
506 3694 648 3760 cat09.
678 3687 776 3783 Υπὲρ
809 3695 873 3760 τῶν
903 3694 936 3774 ἐξ
964 3689 1105 3778 Λχαίας
1134 3682 1295 3780 φυγαὸων

243 3795 435 3887 εὐτευχθεὶς
457 3795 515 3866 διὰ
535 3793 754 3882 Πολυβιον
736 3791 801 3864 υτιό
823 3787 1088 3876 Σκηπίωνος,
1066 3819 1109 3870 ως
1132 3788 1277 3870 πολὺς
1262 3817 1295 3858 εν

244 3904 284 3997 τῇ
307 3899 476 3994 συγκλήτῳ
503 3897 641 3987 λόγος
626 3903 761 3985 εγένετο,
788 3899 852 3964 τῶν
873 3903 932 3981 μὲν
899 3889 1116 3962 ἑδιδόντων
1138 3890 1294 3962 euticion
1365 3905 1368 3910 '

245 4002 376 4086 αὐτοῖς,
404 4006 468 4073 τῶν
492 4004 526 4072 δ’
540 4004 776 4088 ἐνισταμένων,
801 3996 954 4124 ριναστοίς
982 3994 1000 4065 ὁ
1024 3994 1173 4066 Κοίτων
1197 3990 1295 4076 „dg-

244 4134 319 4194 περ
343 4133 418 4175 ουκ
452 4107 632 4196 ἔχοντες,
664 4094 817 4182 sinemo
801 4096 1082 4226 (πραττωμεν
1106 4097 1295 4188 anuline·

245 4216 305 4280 θα
330 4208 401 4293 τὴν
428 4207 588 4300 ἡμέραν
612 4198 710 4288 ὅλην
731 4211 827 4326 περὶ
854 4207 1082 4299 γεροντίων
1104 4203 1296 4296 Γραικῶν

244 4316 484 4398 ζητοῦντες,
515 4305 699 4401 πότερον
723 4303 802 4377 ὑπὸ
828 4311 905 4380 τῶν
929 4306 1026 4403 παρ’
1047 4303 1147 4397 ἧμιν
1172 4302 1192 4388 ἢ
1217 4307 1295 4372 τῶν
