2984 4842
1165 369 1225 432 389

174 527 231 588 Po
241 524 404 606 mpeius
426 524 559 586 abunde
582 524 732 586 disertus
751 544 867 586 rerum
883 545 1027 586 suarum
1044 537 1220 600 narrator,

174 626 303 700 ethic,
339 626 398 708 qui
419 625 504 688 bello
536 627 626 688 civili
654 647 691 687 se
720 623 917 717 interfecit,
955 630 1041 690 Cato
1063 631 1223 712 eloquens

175 739 316 791 senator
327 725 425 816 fait.

240 850 358 911 Seneca
377 846 484 929 Epist.
512 852 568 951 Xl.
603 835 714 913 'Nihil
734 861 810 912 erat
827 850 964 913 mollius
980 872 1040 914 ore
1056 854 1220 935 Pompeii,

176 973 351 1035 nunquam
367 971 436 1013 non
458 972 575 1014 coram
594 951 753 1034 pluribus
776 952 929 1026 erubuit,
954 953 1069 1036 utique
1092 955 1128 1016 in
1143 977 1223 1018 con·

176 1055 344 1116 sionibus.

241 1174 346 1236 'facit
366 1171 452 1238 Diat.
469 1177 507 1236 de
535 1175 669 1237 Orator.
697 1197 727 1238 c.
756 1176 809 1238 37.
854 1175 984 1240 Nescio
1005 1197 1050 1237 an
1072 1179 1223 1242 uenerint

175 1278 212 1340 in
226 1298 347 1338 manus
364 1288 494 1339 vestras
509 1279 591 1338 hacc
606 1288 733 1350 vetera,
751 1297 837 1360 quae
850 1290 882 1340 et
897 1278 933 1338 in
944 1279 1223 1362 antiquariorum

174 1380 386 1442 bibliothecis
401 1380 513 1440 adhuc
529 1390 667 1442 manent
689 1391 721 1441 et
743 1401 820 1442 cum
843 1381 996 1443 maxime
1017 1402 1039 1442 a
1054 1383 1223 1448 Muciano
1260 1381 1263 1388 ¹

175 1483 447 1555 contrabuntur,
471 1501 512 1542 ac
534 1482 605 1543 iam
627 1482 801 1557 undecim,
826 1498 864 1546 ut
886 1485 1027 1565 opinor,
1054 1489 1221 1550 Actorum

175 1585 273 1646 libris
295 1597 327 1646 ct
349 1584 460 1646 tribus
482 1583 721 1664 Epistolarum
748 1587 939 1668 composita
961 1599 993 1650 et
1015 1589 1109 1650 edita
1123 1601 1221 1652 sunt:

174 1710 223 1749 ea
238 1687 281 1749 iis
298 1686 444 1769 intelligi
457 1697 588 1769 potest,
607 1689 797 1749 Gnaeum
812 1689 1051 1768 Pompeium
1070 1704 1102 1754 et
1119 1695 1222 1754 Mar-

175 1811 256 1852 cum
271 1792 436 1854 Crassum
459 1809 528 1851 non
550 1789 680 1851 viribus
703 1789 805 1852 modo
826 1802 858 1850 et
881 1790 991 1852 armis
1006 1791 1067 1853 sed
1083 1793 1223 1874 ingenio

176 1913 309 1976 quoquc
332 1903 364 1952 ct
394 1890 551 1952 oratione
575 1892 737 1962 ualuisse,·
766 1895 931 1954 Lentulos
953 1905 985 1954 et
1009 1896 1169 1958 Metellos
1191 1907 1224 1958 et

176 1996 340 2057 Lucullos
371 2004 404 2054 et
434 1993 602 2057 Curiones
632 2004 666 2055 et
695 2005 843 2055 ceteram
872 2015 1056 2076 procerum
1084 2017 1224 2060 manum

179 2099 324 2158 multum
343 2095 378 2157 in
401 2094 454 2156 his
476 2095 601 2156 studiis
625 2116 750 2176 operae
772 2117 941 2179 curaeque
961 2099 1138 2178 posuisse,
1163 2120 1224 2162 nec

175 2219 379 2282 quemquam
408 2197 477 2258 illis
505 2196 716 2279 temporibus
745 2219 909 2282 magnam
934 2200 1128 2280 potentiam
1149 2201 1222 2262 sine

178 2301 296 2385 aliqua
318 2300 512 2383 eloquentia
532 2312 763 2362 consecutum.

212 2463 274 2508 lsasc
291 2462 386 2521 vetera]
424 2465 441 2507 i.
462 2477 485 2508 e.
505 2464 562 2507 hoec
586 2468 666 2507 veteru
692 2476 806 2507 romense
834 2465 983 2521 eloquentiae
1003 2472 1154 2510 inonsuneuts
1174 2469 1223 2512 sive

249 2551 356 2595 sationes
375 2556 482 2596 veterum
501 2556 636 2594 oratorum.

212 2653 229 2682 u
247 2634 380 2696 Muciano]
417 2639 526 2684 Licinius
549 2639 675 2682 Mucianus
702 2639 747 2682 sub
772 2640 922 2695 vespesiano
941 2641 1087 2696 imperatore
1104 2639 1222 2687 florebit:

249 2741 304 2771 nem
323 2732 346 2771 et
365 2729 388 2771 in
408 2727 530 2782 republica
549 2733 572 2770 et
591 2727 614 2771 in
634 2729 703 2772 virio
722 2728 856 2771 litterarum
874 2740 962 2786 genere
982 2731 1082 2772 muttum
1096 2730 1225 2792 praestitit,

250 2816 347 2872 eiusque
366 2817 426 2870 opud
446 2817 533 2858 inultos
552 2819 664 2858 auctores
682 2812 709 2858 fii
726 2816 826 2859 mentio.
846 2815 881 2858 De
901 2829 982 2859 rerum
1002 2821 1086 2860 neturu
1105 2821 1176 2874 etque
1195 2819 1223 2861 de

248 2903 393 2961 geogrephiu
405 2904 484 2946 mundi
496 2917 549 2946 enin
563 2908 659 2956 praeter
672 2905 719 2946 slis
732 2903 870 2961 scripsisse,
885 2915 913 2946 ex
925 2903 1005 2946 Plinio
1018 2907 1110 2948 iuniore
1121 2908 1222 2948 constat.

248 2991 296 3040 vid.
316 2991 395 3037 Tacit.
417 2991 478 3034 tttst.
499 2987 525 3042 2,
547 2987 571 3032 5.
593 2990 638 3033 Dio
658 2989 757 3034 Cassius
777 2984 818 3042 66,
840 2986 865 3035 2.
887 2990 972 3032 suidas
991 3003 1014 3037 v.
1037 2982 1222 3054 α’γήλειεν.

213 3077 408 3137 contrabuntur]
445 3077 462 3121 i.
484 3093 506 3122 e.
527 3079 681 3136 colliguntur.
707 3077 744 3120 Eo
768 3078 821 3132 ipso
846 3081 968 3132 tempore,
995 3089 1041 3134 quo
1061 3077 1098 3121 hic
1116 3079 1224 3136 dialogus

247 3168 351 3221 scriptos
371 3170 421 3220 est,
441 3166 568 3210 Marianus
588 3166 630 3208 illo
649 3178 736 3219 opere,
759 3178 806 3222 quo
831 3165 953 3209 orationes
973 3170 1080 3209 veterum
1100 3171 1223 3209 oratorum

247 3259 318 3312 atque
337 3255 452 3309 epistolas
471 3255 592 3298 clarorum
611 3253 719 3297 virorum
737 3254 848 3310 collegit,
869 3257 921 3296 eret
939 3257 1076 3308 occupetur.

213 3339 342 3400 Actorum]
379 3343 437 3386 Acte
462 3344 480 3391 i.
504 3356 526 3386 e.
553 3343 659 3386 actiones
686 3346 827 3400 oretanum,
851 3354 913 3398 quoe
937 3342 975 3384 vel
998 3343 1022 3386 in
1042 3346 1125 3386 senetu
1144 3343 1181 3385 vel
1200 3343 1224 3386 in

248 3431 303 3474 foro
316 3430 411 3474 habitae
431 3435 496 3478 sunt.
515 3431 563 3474 Alii
583 3431 702 3484 epitomen
723 3430 858 3473 orationum
877 3429 1020 3486 intelligunt.
1044 3429 1084 3473 su
1101 3429 1136 3472 Le
1155 3429 1226 3474 Clere

250 3517 303 3563 Dee
322 3517 458 3562 Journaux
478 3515 536 3562 elsez
555 3519 592 3562 les
613 3515 734 3562 Romaim
759 3518 830 3561 Poris
853 3512 917 3560 1838
937 3530 961 3570 p.
984 3512 1049 3561 202:
1077 3515 1098 3560 tt
1114 3517 1166 3560 font
1183 3531 1226 3561 ro-

250 3619 362 3663 merquer
381 3620 425 3663 que
445 3620 471 3650 ce
491 3607 547 3650 titre
573 3601 657 3648 d'Acta
682 3619 707 3649 se
732 3605 829 3648 donneit
846 3604 910 3647 aussi
929 3604 1094 3660 quelquelois,
1114 3605 1173 3646 dans
1196 3618 1224 3647 un

251 3707 305 3738 sens
324 3695 377 3748 plue
395 3694 524 3746 restraint,
545 3689 559 3735 i
579 3707 608 3736 un
627 3687 721 3735 risumi
745 3693 787 3734 des
806 3692 915 3734 discours
934 3687 1081 3744 prononcbs,
1103 3690 1150 3733 eoit
1168 3691 1226 3734 dens

251 3782 272 3823 le
286 3780 380 3826 tribune
394 3781 515 3838 publiqne,
529 3781 577 3824 soii
589 3781 647 3824 deos
667 3781 702 3824 les
722 3779 867 3835 basilisques
886 3782 910 3821 et
928 3779 949 3822 le
969 3779 1102 3821 comitium.
1116 3777 1225 3834 Lorsque

252 3869 273 3911 le
298 3869 367 3927 jeune
390 3870 474 3913 Tacite
501 3865 600 3912 icriveit
627 3869 649 3912 le
677 3868 787 3924 dialogue
814 3878 860 3909 eur
887 3865 926 3908 les
951 3862 1094 3916 Orateurs,
1120 3863 1225 3912 Morien,

244 3951 315 4000 'l’emi
333 3959 363 4003 de
377 3958 525 4012 Vespasien,
546 3957 610 3999 nvait
634 3951 684 4014 ttjt
710 3949 787 3996 sormi
805 3965 864 3997 onze
884 3953 992 3996 valoines
1010 3951 1039 3994 de
1058 3962 1097 3993 ees
1116 3949 1226 3998 enelvses

249 4046 370 4090 d’snciens
388 4047 513 4100 discours,
533 4041 652 4086 Actorum
669 4041 740 4085 libri.
767 4041 815 4084 Alii
835 4041 904 4083 etiter
924 4038 1050 4092 explicant.

214 4131 249 4181 M.
269 4129 400 4190 Crassum]
437 4131 601 4182 triumvirum,
622 4132 650 4173 de
670 4141 716 4186 quo
735 4127 929 4183 supradiximus
948 4137 971 4178 p.
993 4118 1052 4166 ³82.

215 4219 345 4278 Lentulos]
383 4219 492 4276 intelligo
505 4217 551 4263 Gn.
567 4215 641 4264 Corn.
656 4216 782 4260 Lentulum
802 4214 943 4258 Clodianum
963 4214 986 4253 et
1001 4209 1030 4252 Ρ.
1046 4207 1122 4253 Corn.
1137 4206 1224 4252 Lentu-

249 4311 297 4352 tum
325 4310 412 4351 Surum
432 4307 458 4348 de
478 4303 563 4360 quibus
583 4308 651 4347 antee
670 4303 795 4346 retulimus
814 4315 837 4355 p.
860 4295 918 4341 38¹.
