2958 4840
1178 345 1238 414 stt

587 507 830 564 malamattouea
849 543 854 550 -

246 636 458 719 Quintilianus
481 635 763 699 declamationibus
787 634 920 698 maxime
954 636 1101 707 celebris.
1152 638 1232 701 Hie·

184 761 337 819 ronymus
353 739 497 802 Praefat.
521 737 596 800 Iibri
614 739 714 801 VIII.
738 737 770 799 in
788 736 934 800 Esaiama
957 739 1026 820 Qui
1048 739 1078 800 si
1089 739 1233 830 flumen

179 842 394 924 eloquentiae
425 854 458 904 et
488 842 672 904 concinnas
711 841 978 902 declamationes
1019 840 1231 917 desiderant,

185 946 301 1024 legant
325 945 500 1014 Tullium,
524 943 867 1026 Quintilianum,
892 943 1103 1011 Gallionem,
1128 944 1231 1005 Gabi·

183 1047 339 1108 nianum.
383 1044 546 1108 Ausonius
569 1044 792 1108 Professores.
837 1044 895 1107 Ad
916 1044 1094 1107 Tiberium
1117 1044 1232 1108 Virta·

185 1169 257 1208 rem
280 1147 493 1210 Minervium
520 1159 708 1210 oratorem.
735 1149 781 1220 1.,
807 1165 872 1230 quo
902 1144 934 1208 In
965 1145 1124 1221 carmine,
1162 1168 1230 1208 cum

182 1269 317 1310 aurisinae
327 1247 494 1311 Minervio
518 1247 638 1310 tribuat
660 1248 779 1322 laudes,
802 1247 834 1310 in
857 1247 1145 1312 declamationibus
1164 1269 1232 1311 eum

181 1373 251 1414 cum
275 1349 348 1432 ipso
371 1349 572 1428 Quintiliano
595 1349 747 1413 aemulari
768 1351 901 1415 scribite

384 1469 431 1508 seu
449 1454 533 1508 Itbeiu
552 1455 630 1524 fictas
649 1455 777 1510 tuorum
795 1455 916 1510 maluere
936 1454 1006 1516 litas,

385 1548 534 1617 ancipitem
550 1548 677 1617 palmam
697 1545 888 1615 Qua'nta'ltanus
907 1547 999 1602 babet.

245 1639 430 1718 Quaeritur,
454 1662 491 1702 au
509 1638 697 1721 Quintiliani
719 1640 814 1703 etiam
838 1663 921 1703 nunc
942 1650 1051 1702 extent
1073 1638 1229 1702 declama·

179 1742 295 1804 tiones.
319 1745 408 1828 quod
431 1741 565 1804 difficile
587 1754 635 1804 est
657 1741 840 1818 diiudicare,
863 1739 1052 1823 praesertim
1080 1761 1150 1802 cum
1171 1761 1230 1803 uo·

179 1856 243 1905 tum
273 1845 331 1918 sit,
362 1843 496 1906 aliorum
530 1846 695 1908 rhetorum
724 1844 969 1908 declamationes
998 1843 1059 1906 iam
1084 1841 1232 1905 vetustis·

180 1945 267 2007 simis
293 1946 492 2026 temporibus
519 1945 742 2027 Quintilianeis
766 1947 900 2011 insertas
927 1969 1009 2010 esse.
1049 1943 1232 2008 Trebellius

180 2047 288 2109 Pollio
305 2046 453 2130 Triginta
467 2047 624 2126 Tyranni,
643 2050 813 2111 Postumus
835 2047 941 2110 iunior
964 2049 995 2110 3.
1024 2047 1100 2110 Fuit
1115 2061 1231 2110 autem

180 2153 365 2212 Postumus
388 2148 493 2233 (quod
515 2153 627 2211 solum
647 2162 840 2212 memoratu
862 2151 1007 2233 dignum
1028 2151 1096 2231 est)
1123 2151 1175 2212 ita
1194 2150 1230 2212 in

179 2250 484 2312 declamationibus
507 2251 670 2324 disertus,
691 2264 728 2313 ut
746 2252 1090 2315 eius'controoersiae
1105 2251 1231 2335 Quin·

178 2353 233 2414 til
241 2353 343 2415 iano
366 2352 527 2414 dieantur
550 2355 719 2427 insertae,
743 2377 842 2438 quem
872 2353 1139 2417 declamatorem
1172 2378 1229 2418 ro·

179 2456 274 2517 mani
307 2457 445 2539 generis
474 2456 714 2519 acutissimum
752 2461 803 2519 vel
838 2457 939 2520 unius
975 2457 1099 2540 capitis
1129 2458 1229 2520 lectio
1314 2510 1315 2514 ,

174 2557 293 2639 prima
320 2557 438 2619 statim
452 2557 586 2647 fronte
611 2560 837 2623 demonstrat.

241 2660 350 2744 Atque
367 2681 430 2734 eas,
450 2683 531 2744 quae
552 2662 652 2744 vulgo
672 2661 699 2724 ei
723 2661 827 2725 solent
849 2661 958 2738 tribui,
982 2663 1077 2742 (XIX
1092 2661 1231 2725 maiores

179 2775 210 2824 et
234 2784 314 2846 quae
341 2785 382 2824 ex
406 2761 726 2856 CCCLIIXXVIH
748 2778 938 2845 supersunt,
965 2763 1097 2829 CXLV
1129 2763 1231 2827 tnino·

179 2869 245 2939 res)
274 2865 353 2927 alius
388 2865 497 2946 potius
531 2866 671 2930 rhetoris
702 2868 752 2929 vel
779 2867 914 2929 aliorum
948 2870 1115 2930 rhetorum
1149 2886 1230 2942 esse,

179 2967 268 3030 multi
284 2966 482 3030 iudicarunt:
509 2967 561 3030 alii
584 2967 665 3031 enim
679 2969 879 3050 Quintiliano
901 2991 964 3031 avo
983 2971 1033 3031 vel
1057 2967 1152 3052 patri,
1177 2963 1230 3030 alii

181 3071 352 3143 Postumo,
374 3068 428 3131 alii
449 3071 502 3132 Μ.
517 3063 822 3134 ῈΙοτὰνίηάἰοειηῑ.
861 3069 962 3135 ConI.
987 3069 1131 3134 Fabricii
1147 3068 1231 3137 Bibl.

177 3173 232 3234 Iat.
258 3176 307 3238 ed.
337 3175 416 3236 Ern.
447 3173 488 3238 Τ.
526 3174 558 3235 2.
589 3196 624 3255 p.
658 3175 732 3236 322.
768 3197 840 3260 sqq.
875 3175 1005 3236 Schoell
1030 3163 1230 3237 Littera'ture

178 3275 336 3337 Romaine
360 3286 383 3343 t,
405 3275 435 3338 2.
464 3299 498 3355 p.
522 3275 596 3338 399.
642 3275 800 3360 Spalding
824 3278 865 3338 T.
896 3281 924 3340 I.
950 3275 1062 3339 Praei·
1092 3297 1124 3355 p.
1149 3275 1228 3338 XL.

179 3377 320 3440 Orellius
343 3377 374 3440 in
396 3377 503 3458 Epist.
528 3381 567 3440 ad
584 3378 786 3460 Maduigium
810 3401 845 3460 p.
861 3377 975 3442 XCV.
1005 3379 1228 3442 BiihrGesch.

178 3482 209 3540 d.
235 3503 263 3542 r.
293 3481 360 3543 Lit.
387 3502 418 3561 p.
445 3483 519 3544 556.
566 3482 791 3544 Westermann
817 3504 850 3562 p.
877 3481 951 3542 261.
998 3482 1067 3541 Nec
1089 3500 1151 3562 ego
1177 3501 1230 3542 eas

177 3580 377 3661 Quintiliano
412 3583 596 3644 tribuerim:
627 3581 804 3662 ineptiores
838 3579 920 3642 enim
953 3590 1025 3640 sunt
1056 3579 1229 3664 pleraeque

176 3693 206 3741 ct
235 3681 408 3743 inferiores
427 3682 554 3765 ingenio
581 3682 662 3745 eius.

241 3784 311 3844 Nec
334 3781 469 3845 aliorum
494 3795 660 3846 auctorum
683 3783 867 3848 testimonio
890 3785 1036 3868 quaestio
1061 3783 1146 3847 solvi
1170 3805 1230 3864 po·

176 3894 247 3958 test,
275 3906 466 3968 quamquam
498 3886 665 3950 Ennodius
691 3885 723 3948 in
747 3885 907 3950 Lectione
933 3885 1002 3948 siue
1025 3885 1229 3950 Controver-

177 3986 222 4048 sia
246 3987 343 4051 VIII.
375 3985 573 4067 Quintiliauo
605 3989 708 4070 palam
735 3987 852 4052 tribuit
878 3987 1138 4050 declamatIonem
1168 3989 1228 4065 V..

147 4132 150 4136 -
178 4086 229 4150 cui
252 4087 361 4152 titulus
384 4094 501 4172 Aeger
520 4089 727 4174 redemptus.
780 4089 968 4154 Lactantius
994 4101 1096 4152 autem
1123 4090 1228 4154 decla·

178 4189 324 4253 mationis
349 4190 581 4271 Quintilianeae
603 4193 682 4257 lacit
708 4193 910 4268 intentionem,
939 4215 1020 4278 quae
1046 4192 1131 4255 inter
1152 4192 1228 4256 reli·

176 4316 254 4378 quas
288 4315 352 4357 non
382 4306 481 4357 extat.
527 4297 680 4362 Institutt.
704 4298 728 4360 I.
762 4304 799 4373 I,
833 4298 887 4360 21.
931 4296 1068 4378 Optime
1098 4295 1231 4379 Quinti·
