2966 4842
66 509 71 514 ·
150 461 446 556 corilumelicsum,
471 477 589 564 qualia
608 496 718 558 nuper
736 475 830 541 lunii
850 476 971 552 Bassi,
996 487 1059 540 atat
1075 498 1192 560 aspa.

151 609 255 662 rum,
280 583 430 670 qualia
452 578 601 646 Cassii
622 578 782 644 Seueri.

358 723 388 778 1.
409 720 511 777 Oratio
530 720 629 774 contra
648 715 771 772 Nouium
789 715 993 787 Asprenatem.

213 856 296 917 Aeta
319 865 365 915 est
388 872 481 914 causa
504 871 532 917 a.
556 847 616 910 715
640 846 699 925 (9).
745 844 874 909 Cassius
898 848 1036 909 Severus
1053 848 1191 913 Nonium

148 956 358 1038 Asprenatem
373 954 586 1038 Torquatum,
597 946 707 1011 intima
720 946 1077 1032 familiaritateAugusti
1089 972 1191 1030 usum,

149 1056 294 1120 veneficii
305 1077 393 1117 rcum
403 1053 490 1115 fecit.
500 1051 599 1116 Cous.
607 1050 723 1115 Asinii
735 1051 900 1114 Pollionis
919 1052 1034 1115 oratio
1046 1073 1114 1136 pro
1126 1058 1194 1117 Aa·

145 1171 289 1239 prenatc
311 1179 342 1236 p.
367 1155 441 1217 192.
465 1164 497 1216 et
519 1153 689 1237 Torquati
710 1162 745 1234 p'.
770 1154 844 1216 527.

216 1256 352 1338 Quintil.
379 1257 429 1330 10,
456 1258 496 1332 1,
517 1255 568 1320 22.
613 1254 705 1318 iliud
732 1253 970 1328 utilissimum,
1004 1277 1106 1320 nosse
1134 1278 1195 1321 eas
1284 1269 1287 1276 '

147 1379 270 1421 causas
298 1379 446 1442 quarum
472 1355 648 1419 orationes
679 1354 715 1415 in
741 1375 864 1417 manus
889 1359 1130 1435 sumserimus,
1161 1371 1195 1424 el

149 1461 283 1545 quoties
312 1459 501 1541 continget,
530 1456 690 1539 utrinque
722 1456 857 1519 habitas
889 1461 1003 1540 legere
1028 1459 1192 1539 actiones,

148 1574 187 1625 ut
211 1561 451 1625 Demosthenis
477 1569 510 1621 et
536 1556 718 1622 Aeschinis
740 1557 832 1620 inter
856 1579 892 1621 se
918 1561 1132 1640 contrarias,
1160 1576 1194 1628 et
1254 1641 1257 1648 Ι

150 1663 261 1728 Seruii
293 1661 437 1743 Sulpicii
470 1672 571 1745 atque
601 1661 796 1734 Messalae,
833 1682 978 1744 quorum
1006 1665 1095 1726 alter
1127 1688 1194 1747 pro

147 1765 308 1842 Aufidia,
331 1775 453 1826 contra
468 1763 561 1824 dixit
575 1763 674 1837 alter,
696 1772 730 1822 et
751 1762 968 1825 Pollionis
989 1776 1030 1828 et
1051 1768 1195 1832 Cassii

150 1889 224 1930 reo
247 1869 492 1947 Asprenate
514 1865 668 1947 aliasque
687 1862 872 1946 plurimas.

189 1967 327 2048 Quintil.
350 1967 414 2040 XI,
438 1967 470 2042 1,
494 1967 545 2028 57.
590 1965 670 2028 Sine
692 1965 796 2028 dubio
825 1966 860 2026 in
889 1967 1043 2032 omnibus
1074 1971 1194 2034 statim

144 2067 419 2131 accusationibus
443 2068 506 2128 hoc
527 2065 701 2147 agendum
722 2076 793 2140 est,
828 2087 870 2127 ne
896 2069 944 2128 ad
971 2090 1028 2132 eas
1050 2070 1193 2136 libenter

144 2169 359 2232 descendisse
382 2166 572 2228 uideamur.
587 2166 729 2249 ideoque
751 2166 834 2230 mihi
855 2167 941 2230 illud
955 2171 1068 2234 Cassii
1076 2175 1194 2236 Seueri

146 2293 215 2334 non
239 2269 456 2333 mediocriter
479 2262 644 2349 displicet,
670 2268 745 2332 Dii
766 2269 885 2332 boni!
914 2271 1024 2348 uiuo,
1052 2285 1093 2336 el
1114 2296 1193 2358 quo

146 2370 1191 2451 mevivereiuuet,Asprenatemreumuisleo.Nou

145 2473 236 2538 enim
258 2475 351 2535 iusta
372 2494 419 2534 ex
445 2490 552 2534 causa
574 2473 626 2532 uel
644 2472 836 2534 necessaria
857 2473 965 2537 uideri
989 2487 1102 2558 potest
1127 2498 1191 2559 po.

145 2578 290 2639 stulasse
311 2595 401 2648 eum,
426 2572 488 2635 sed
508 2572 659 2656 quadam
683 2575 870 2636 accusandi
890 2578 1088 2662 uoluptate.¹

201 2714 230 2771 2.
272 2682 372 2770 Oratio
391 2728 443 2784 pro
463 2727 495 2768 se
515 2714 616 2767 contra
636 2710 667 2767 P.
689 2711 807 2770 Fabium
826 2713 946 2772 Paulum
965 2715 1134 2776 Maximum.

208 2843 327 2908 Paulus
355 2841 477 2906 Fabius
510 2840 676 2904 Maximus
712 2841 824 2904 consul
855 2855 924 2908 erat
951 2867 981 2911 a.
1014 2848 1077 2910 714
1111 2851 1193 2928 (11).

145 2945 301 3028 Spalding
330 2947 372 3006 ad
404 2943 536 3024 Quintil.
564 2944 600 3019 6,
621 2944 659 3018 3,
682 2943 736 3006 52.
781 2946 878 3008 Hunc
911 2945 1080 3032 aliquando
1102 2971 1192 3014 reum

144 3047 260 3112 iecisse
283 3044 428 3110 Cassium
451 3046 615 3120 Severum,
638 3065 680 3108 ex
689 3047 810 3108 Seneca
833 3047 946 3132 colligi
969 3061 1077 3130 potest
1104 3049 1195 3117 Cou-

145 3159 233 3213 tror.
255 3147 279 3211 l.
304 3149 336 3210 2.
359 3170 391 3230 p.
417 3148 491 3211 191.
527 3147 650 3211 Fabius
672 3149 859 3212 Maximus
880 3151 1114 3216 nobilissimus
1141 3154 1194 3216 uir

131 3249 237 3339 fuit,
272 3251 331 3335 qui
352 3249 488 3332 primus
511 3246 609 3339 foro
631 3270 778 3313 romano
798 3252 887 3312 ltunc
909 3253 1077 3316 comicum
1100 3275 1192 3318 mor·

144 3353 235 3428 bum,
260 3374 328 3436 quo
352 3371 442 3414 nunc
466 3352 616 3427 laborat,
642 3351 778 3414 intulit:
798 3354 840 3416 de
860 3374 929 3435 quo
947 3357 1092 3418 Severum
1108 3358 1192 3420 Gas-

146 3452 231 3528 sius,
254 3465 439 3537 antequam
460 3453 504 3515 alr
524 3453 583 3517 illo
605 3475 686 3516 reus
707 3465 885 3535 ageretur,
907 3453 1067 3518 dixerat:
1082 3457 1195 3536 Quasi

145 3553 295 3616 disertus
318 3575 366 3627 es,
391 3553 493 3634 quasi
502 3551 696 3636 formosus
716 3575 765 3626 es,
791 3552 892 3634 quasi
909 3553 1003 3615 diues
1019 3574 1067 3626 es,
1085 3574 1193 3616 unum

144 3663 280 3714 tantum
298 3673 335 3714 es
357 3671 424 3713 non
449 3649 546 3734 quasi
569 3683 608 3697 -
631 3655 764 3731 vappa!

179 3789 273 3854 vappa]
310 3793 435 3838 Weislasrl
452 3793 487 3836 De
506 3790 593 3836 Cassio
611 3804 635 3846 p.
657 3788 727 3846 195„
744 3793 853 3850 Cassius,
872 3795 958 3856 iuquit,
976 3801 1100 3854 postquam
1117 3796 1194 3841 sabia

215 3880 361 3934 facundiam,
380 3879 566 3932 formositatem,
590 3879 684 3924 divilias
705 3892 747 3934 per
769 3881 927 3926 deridiculum
946 3887 1115 3940 concessant,
1138 3895 1193 3927 eum

214 3959 441 4036 ἀπροςδοκήτως
461 3967 572 4024 gravisi
593 3965 680 4011 acerbo
702 3968 797 4013 uomina
822 3981 921 4027 vappae,
944 3969 1009 4013 siuas
1022 3968 1192 4026 Tangentem»,

217 4055 327 4109 percutit.
