2992 4844
254 355 315 416 170

256 568 284 624 1.
326 568 425 626 Oratio
449 570 586 625 adversus
610 567 646 636 Q.
672 567 797 625 Mucium
822 567 990 623 Scaevolam
1009 582 1145 636 augurem
1168 572 1304 638 repetun-

721 671 832 726 darum.

316 821 363 882 Ea
386 842 478 882 causa
503 832 572 882 acta
597 819 723 881 videtur
742 840 771 880 a.
794 819 854 879 aaa
875 819 976 901 (190).

315 925 358 1004 Q.
389 924 520 985 Mucius
549 921 705 984 Scaevola
733 943 835 1002 asrgur
865 920 973 982 Asiam
1007 920 1140 984 sortitus
1165 920 1303 984 obtinuit

253 1048 282 1088 a.
304 1026 365 1087 033
391 1027 500 1101 (191),
529 1028 610 1087 unde
633 1046 782 1087 reversus
812 1026 851 1086 ab
877 1026 919 1086 T.
948 1022 1088 1088 Albucio
1111 1027 1301 1104 repetunda·

253 1149 321 1189 rum
352 1149 425 1190 reus
452 1138 498 1189 est
521 1128 636 1190 lactus.
683 1128 745 1188 Sed
768 1148 837 1186 curn
865 1128 1035 1206 probaret,
1063 1147 1097 1188 se
1120 1125 1229 1188 Asiam
1254 1126 1302 1189 iu-

251 1228 388 1291 stissime
413 1243 444 1292 et
476 1230 663 1292 innocenter
687 1227 820 1301 rexisse,
844 1228 1008 1290 absolutus
1037 1240 1097 1291 est.

318 1331 390 1395 Cic.
419 1335 456 1394 de
483 1332 577 1395 Orat.
604 1333 633 1406 1,
658 1333 709 1394 70.
755 1331 858 1392 Bruto
888 1353 917 1392 e.
947 1331 1004 1405 20,
1034 1331 1106 1392 102.
1134 1332 1185 1409 (lu
1210 1331 1301 1394 Ono-

254 1433 387 1498 mastico
409 1434 557 1498 Tulliano
571 1457 598 1497 s.
620 1457 651 1497 v.
666 1438 711 1498 A.
724 1434 862 1496 Mucius
876 1436 1039 1497 Scaeuola
1051 1455 1167 1517 augur
1177 1455 1211 1514 p.
1227 1434 1300 1496 105.

134 1539 136 1544 ’
252 1538 332 1599 alter
363 1537 451 1600 locus
490 1537 582 1598 Bruti
612 1538 669 1610 30,
702 1538 760 1598 115
794 1556 905 1597 errore
935 1534 1080 1615 (opinor)
1109 1539 1148 1598 ad
1175 1557 1300 1596 causam

251 1643 496 1720 repetundarum
532 1637 707 1700 Scaevolae
741 1636 870 1718 auguris
900 1637 1060 1711 refertur,
1094 1659 1164 1698 cuna
1193 1636 1300 1717 potius

252 1744 291 1803 de
315 1761 406 1802 causa
431 1739 544 1802 Rutilii
569 1741 654 1814 Rufi,
679 1739 729 1801 cui
753 1743 860 1800 aderat
885 1737 1016 1800 Mucius
1043 1738 1198 1801 Scaevola
1218 1761 1301 1820 pou·

252 1842 333 1905 tifex
362 1845 470 1917 Max„
498 1853 624 1924 agatur.

286 2103 316 2160 9.
357 2102 456 2159 Oratio
476 2119 529 2175 pro
549 2119 581 2160 se
602 2107 701 2160 contra
723 2105 755 2161 C.
781 2104 885 2161 lulium
907 2104 1061 2161 Gaesarem
1086 2105 1266 2161 Strabonem.

316 2254 363 2315 Ea
390 2252 472 2315 dicta
499 2264 545 2315 est
572 2275 598 2317 a.
632 2255 690 2316 651
719 2255 820 2330 (103).
866 2255 1030 2316 Drunrann
1056 2255 1098 2315 T.
1124 2253 1156 2314 3.
1173 2275 1207 2334 ρ.
1227 2255 1298 2317 196.
1417 2219 1421 2224 ι

317 2358 360 2418 Τ.
384 2354 543 2416 Albucius
560 2376 589 2417 a.
613 2357 673 2420 019
697 2359 786 2437 (105)
812 2356 987 2419 Sardiniam
1012 2355 1210 2438 provinciam
1228 2378 1300 2419 sor·

251 2457 343 2533 titus,
368 2457 400 2519 in
417 2479 452 2520 ea
475 2458 718 2520 administranda
747 2460 824 2520 male
844 2482 876 2520 sc
900 2463 1009 2542 gessit.
1058 2459 1148 2521 Unde
1166 2460 1300 2521 Romam

251 2582 414 2624 reversum
431 2560 523 2623 Sardi
541 2562 645 2624 1.,051
672 2564 761 2642 (103)
784 2561 816 2624 in
831 2561 981 2623 iudicium
1001 2563 1159 2624 vocabant
1173 2583 1300 2623 eorum-

252 2685 314 2748 que
341 2663 481 2743 suscepit
506 2685 630 2725 causam
660 2676 814 2744 patronus
846 2664 888 2727 C.
915 2662 1014 2726 Iulius
1035 2662 1155 2726 Caesar
1172 2664 1298 2737 Strabo,

252 2767 290 2827 de
311 2764 400 2827 cuius
428 2764 626 2827 orationibus
650 2777 761 2846 postea
790 2766 942 2828 dicemus.
995 2765 1151 2828 Albucius
1175 2764 1207 2827 in
1230 2763 1298 2827 exi·

250 2865 326 2928 lium
354 2866 379 2928 it
408 2866 564 2929 Athenas.
622 2865 742 2931 Cicero
774 2871 811 2931 de
843 2869 943 2932 offic.
971 2869 1010 2942 2,
1042 2869 1092 2929 11.
1129 2866 1299 2928 Suetonius

252 2965 347 3030 Caes.
371 2970 423 3031 55.
456 2968 574 3032 Cicero
597 2970 709 3033 Diria.
731 2971 761 3034 iu
784 2970 958 3035 Caecilium
987 2971 1038 3033 19.
1056 2967 1234 3051 Appuleius
1261 2971 1298 3030 de

251 3069 364 3152 Magia
384 3092 418 3151 p.
440 3071 510 3136 316.
544 3070 614 3139 Cic.
646 3095 696 3136 or.
725 3096 758 3156 p.
793 3075 916 3137 Scauro
950 3075 978 3152 §.
1014 3073 1067 3134 40.
1089 3095 1122 3154 p.
1146 3072 1219 3133 202.
1245 3073 1297 3133 ed.

251 3171 360 3234 Beier.
405 3176 601 3237 Damnatus
625 3188 674 3238 est
703 3181 746 3240 Τ.
774 3177 939 3241 Albucius
962 3198 1009 3237 ex
1028 3173 1192 3238 Sardinia
1214 3193 1297 3235 non-

252 3273 355 3337 nuliis
382 3275 486 3338 etiam
511 3277 732 3342 laudantibus
758 3280 890 3343 Sardis.

539 3539 640 3595 XLlV.
683 3538 716 3606 Q.
738 3541 865 3598 Lutatius
886 3541 1004 3598 Catulus.

313 3683 434 3748 Consul
460 3685 564 3748 factus
589 3699 634 3749 est
663 3711 689 3753 a.
713 3691 773 3750 551
794 3693 899 3770 (102),
928 3702 1095 3774 postquam
1118 3703 1167 3752 ter
1189 3689 1297 3772 repul-

250 3809 314 3850 sam
340 3789 468 3850 tulerat.
515 3786 620 3852 Conf.
638 3793 785 3852 Wunder
813 3798 851 3853 ad
873 3793 944 3856 Cic.
968 3817 1001 3874 p.
1028 3793 1161 3856 Plancio
1186 3795 1221 3866 5,
1249 3791 1297 3855 19,

252 3890 394 3953 Orellius
421 3889 451 3950 iu
482 3891 649 3954 Onotuast.
703 3893 837 3956 Occisus
860 3917 919 3974 per
943 3895 1085 3958 Marium
1107 3894 1191 3956 bello
1210 3891 1298 3955 civili

249 4011 278 4052 a.
302 3994 375 4053 nat.
400 3993 479 4071 (87).
520 3992 592 4062 Cic.
622 3997 753 4064 Tuscul.
781 3999 815 4073 5,
847 3998 896 4063 19.
930 3999 1057 4060 Ellendt
1088 4001 1127 4060 ad
1158 3997 1231 4061 Cic.
1260 3999 1297 4058 de

251 4093 345 4162 Orat.
367 4095 397 4167 3,
423 4095 451 4167 3,
474 4095 504 4156 9.

315 4197 436 4257 Extant
463 4196 569 4260 Catuli
593 4197 819 4281 epigrammata
838 4207 900 4267 duo
930 4203 962 4267 in
985 4201 1185 4285 Anthologia
1202 4201 1297 4264 latina

252 4298 293 4360 T.
311 4298 338 4364 1.
355 4317 386 4376 p.
409 4298 459 4359 12.
477 4302 527 4360 ed.
552 4321 654 4375 meae,
670 4307 864 4388 eundemque
884 4306 1003 4368 lasciva
1020 4305 1158 4368 carmina
1170 4303 1295 4377 fecisse,
