2992 4840
231 1645 274 1662 «θ’

283 368 344 431 258

285 527 314 582 7.
355 523 454 581 Orstto
473 539 526 594 pru
546 537 578 579 se
604 522 641 578 dc
664 521 795 593 pecuum
817 519 985 592 repetundis
1008 522 1109 576 contra
1130 517 1171 576 M.
1200 517 1331 576 Brutum.

355 657 392 720 In
417 658 523 718 eedem
548 675 641 716 causa
666 653 749 716 dicta
773 651 900 715 videtur
923 674 952 716 a.
978 653 1039 716 663
1062 653 1144 732 (91).

349 760 402 822 Μ.
433 759 552 820 Brutus
579 756 606 819 is
638 768 702 832 est,
744 755 799 842 qui
821 767 958 838 propter
980 756 1091 817 multas
1114 754 1332 818 accusationes

285 871 454 925 accusator
488 859 730 942 cognominatus
762 872 828 936 est,
861 856 1014 941 cuiusque
1048 855 1212 920 orationes
1249 857 1332 922 infra

285 961 542 1040 memorabimus.

351 1063 471 1128 Cicero
487 1086 550 1146 pro
567 1063 706 1128 Fonteio
723 1086 753 1126 c.
773 1064 824 1126 ts.
869 1065 925 1127 Μ.
947 1063 1133 1126 Aemilium
1149 1066 1331 1139 Scaurum,

286 1190 458 1234 summum
481 1180 621 1229 nostrae
644 1167 794 1229 ciuitatis
821 1165 952 1237 uirum,
984 1165 1111 1228 scimus
1133 1178 1335 1228 accusatum

288 1293 310 1334 α
324 1274 447 1334 Bruto.
486 1273 623 1333 Extant
637 1269 825 1342 orationes,
849 1291 896 1330 ear
911 1269 1031 1353 quibus
1047 1268 1194 1351 intelligi
1205 1279 1331 1351 potest,

288 1377 397 1436 multa
424 1373 458 1434 in
487 1371 584 1434 illum
614 1372 728 1455 ipsum
763 1376 934 1436 Scaurum
962 1393 1036 1434 esse
1063 1370 1168 1434 dicta.
1219 1373 1333 1446 Falsa,

287 1476 364 1561 quis
387 1475 515 1556 negat?

353 1575 520 1641 Charisius
540 1599 574 1659 p.
601 1578 654 1638 71.
700 1579 754 1640 Μ.
784 1579 936 1640 Scaurus
965 1589 1088 1639 contra
1116 1580 1265 1640 Brutum
1293 1576 1335 1638 tie

285 1680 442 1763 pecuniis
465 1680 682 1762 repetundis:
707 1676 886 1769 Praefecti
895 1675 1063 1768 fabrum.

250 1823 279 1836 ο
353 1782 526 1844 Diomedes
548 1805 582 1864 p.
608 1781 681 1845 398.
727 1786 880 1846 Scaurus
902 1793 1025 1844 contra
1043 1784 1208 1844 Brutum:
1231 1783 1336 1844 Prae-

278 1883 377 1976 seeti
387 1881 556 1974 fabrum.

247 2030 280 2055 f
356 1985 522 2050 Charisius
545 2009 578 2067 p.
605 1988 678 2050 tut.
724 1990 779 2051 M.
810 1989 963 2050 Scaurus
987 2032 996 2049 .
1022 2030 1030 2049 .
1058 2032 1066 2049 .
1092 1985 1159 2066 [de]
1180 1985 1337 2068 pecuniis

292 2091 510 2172 repetundis:
533 2093 589 2154 M.
607 2093 753 2152 Brutum
777 2091 827 2151 ita
848 2086 1016 2179 officiose
1038 2102 1140 2173 atque
1155 2089 1337 2153 obseruan-

291 2205 344 2255 ter
372 2237 380 2254 .
406 2235 415 2254 .
442 2236 450 2252 .
474 2192 538 2254 ites
559 2192 826 2274 triumphavere.

326 2335 364 2380 M.
384 2334 508 2394 Scaurus]
545 2338 580 2382 An
601 2340 724 2395 tegendum
744 2334 780 2382 Μ.
802 2337 916 2383 Scaurus
935 2345 1000 2382 orat.
1022 2335 1181 2396 defpecum't‘s
1194 2333 1339 2393 repetundis

361 2431 450 2468 eontra
474 2423 511 2472 M.
537 2423 662 2470 Brutum?
687 2427 834 2470 Lindemann
869 2428 978 2472 couiicit:
1006 2425 1043 2470 Μ.
1074 2426 1187 2470 Scaurus
1214 2430 1281 2468 orat.
1307 2423 1338 2467 ds

359 2513 476 2569 pecuniis
495 2513 658 2570 repetundis:
683 2512 800 2559 Murcum
827 2512 932 2558 Brutum
958 2515 994 2558 ita
1019 2511 1132 2575 officiose
1158 2520 1231 2572 atque
1254 2511 1340 2556 obscr-

359 2607 449 2645 vantsr
468 2601 519 2657 ipsi
537 2603 631 2646 militae
650 2600 831 2660 triumphaturi
849 2609 999 2645 tractavere.

510 2796 539 2851 8.
579 2794 733 2852 Orationes
753 2801 853 2853 eontra
874 2799 909 2866 Q.
933 2797 1119 2866 Caepionem.

359 2927 408 2990 Ee
430 2935 477 2988 est
498 2925 605 2990 habita
628 2949 658 2992 a.
683 2930 743 2992 663
766 2932 846 3008 (91).

357 3029 518 3092 Asconius
542 3030 574 3092 in
598 3031 802 3094 Scaurianam
825 3055 858 3114 p.
884 3034 936 3095 rt.
961 3036 1002 3114 Q.
1027 3031 1192 3095 Servilius
1213 3029 1341 3112 Caepio

295 3135 465 3194 Scaurum
480 3133 522 3194 ob
543 3135 728 3216 legationis
743 3136 920 3198 Asiaticae
943 3135 1107 3198 inuidiam
1128 3146 1160 3195 et
1175 3133 1342 3194 adversus

296 3235 389 3315 leges
400 3235 628 3315 pecuniarum
650 3250 830 3318 captarum
854 3261 949 3300 reum
956 3236 1055 3329 fecit
1072 3236 1341 3318 repetundarum

297 3338 385 3417 iege.
420 3340 582 3400 Scaurus
605 3339 800 3429 tantasuit
827 3342 1037 3404 continentia
1058 3341 1166 3402 animi
1188 3350 1220 3400 et
1243 3357 1341 3418 mag·
1428 3375 1432 3382 -

298 3437 472 3513 nitudine,
497 3452 534 3501 ut
557 3441 762 3522 Caepionem
784 3457 906 3507 contra
928 3466 1024 3506 reum
1048 3442 1208 3505 detulerit
1223 3452 1254 3501 et
1269 3439 1344 3500 bre·

296 3539 390 3603 aiore
413 3541 467 3604 die
491 3542 723 3625 inquisitionis
753 3561 893 3630 accepta
914 3545 1081 3634 effecerit,
1107 3556 1145 3607 ut
1167 3544 1222 3606 itte
1243 3541 1343 3622 prior

298 3663 440 3704 causam
473 3645 621 3721 diceret,
660 3650 715 3710 M.
745 3672 878 3733 quoque
908 3653 1065 3713 Drusum
1096 3648 1271 3710 tribunum
1290 3644 1340 3724 pt.

297 3747 497 3808 cohortatus
519 3747 584 3822 sit,
608 3761 645 3812 ut
667 3751 799 3814 iudicia
819 3763 1058 3813 commutaret.

332 3887 446 3934 Drusum
466 3891 590 3950 trib.p1.]
633 3895 759 3938 Drutnsuu
787 3900 804 3939 t.
836 3893 860 3938 1.
887 3909 911 3950 p.
932 3893 973 3942 27.
999 3895 1099 3940 scribit:
1126 3894 1200 3938 Diese
1224 3892 1343 3935 Processe

367 3977 459 4036 h'a'ugcn
479 3992 533 4022 zutn
552 3981 622 4024 Theti
641 3983 684 4025 mit
708 3983 834 4041 wichtigsu
859 3985 1065 4041 Veriinderungen
1089 3984 1114 4026 in
1133 3983 1176 4026 drr
1194 3979 1345 4034 Verisssung

368 4077 515 4120 zusammen,
536 4068 579 4110 ruit
598 4069 641 4112 der
660 4071 697 4115 tex
714 4070 819 4115 Domitia
844 4074 872 4116 de
899 4073 1041 4116 sacerdotiis
1061 4085 1084 4115 r.
1103 4071 1127 4114 J.
1150 4067 1209 4114 191.
1230 4068 1276 4110 trud
1300 4065 1345 4107 mit

371 4155 413 4195 der
434 4156 471 4197 tex
496 4154 620 4198 iudiciaria
653 4171 675 4204 r.
694 4155 718 4202 J.
741 4156 782 4204 91.
820 4161 924 4204 Scaurus
953 4160 1074 4204 best'rirkte
1100 4159 1183 4202 Livius
1207 4155 1300 4199 Drusus
1320 4153 1344 4194 in

371 4240 423 4283 dem
441 4241 612 4295 Entschtusse,
639 4245 680 4288 dns
708 4247 891 4302 Sempronische
920 4247 1007 4292 Gesctz
1033 4247 1106 4290 durch
1131 4249 1169 4290 eiu
1193 4244 1296 4286 anderes
1315 4252 1345 4282 zu

371 4323 479 4370 Guusten
498 4329 541 4371 des
560 4331 659 4376 Serretes
679 4333 835 4381 sufzuhebeu.
863 4336 919 4380 vid.
942 4336 1085 4392 Mrrqusrdt
1103 4333 1134 4376 11.
1154 4331 1236 4388 Equit.
1256 4342 1279 4384 p·
1301 4321 1345 4369 34·
