2966 4842
249 321 310 380 lto

311 475 482 540 Diomedes
506 497 538 556 p.
565 476 615 536 ii.
642 478 693 538 ed.
719 475 813 538 1526.
859 474 1001 538 Hiatus-e
1023 485 1055 534 et
1081 472 1223 536 hiatare
1247 495 1299 535 ue-

252 587 342 640 teres
381 576 546 639 dixerunt
575 623 581 635 .
613 621 621 637 .
652 622 658 637 .
691 622 697 637 .
733 578 885 641 Coelius:
919 579 1065 659 Sequere
1087 586 1126 636 tu
1146 595 1218 651 me,
1241 576 1300 658 qui

177 679 209 696 ‘
254 679 337 744 milri
358 677 509 742 oscitans
530 679 730 761 Metamque
752 690 859 742 aetas.

282 819 390 880 coortu]
428 827 491 867 totus
515 826 552 866 hic
574 825 641 867 loeus
664 825 686 868 in
711 825 767 868 edit.
792 823 897 868 Potsemi
921 825 1005 867 melius
1023 823 1127 881 legitur,
1150 836 1194 868 nee
1214 821 1301 866 Coelio

319 911 427 970 oratori,
453 912 494 958 ssd
518 912 625 956 Caecilio
658 911 750 956 ramiro
775 913 897 956 tribuitur.
943 911 1169 966 spissamentum
1191 911 1255 954 enim
1275 923 1298 964 ρ.

323 993 370 1041 3³6
391 999 426 1042 sie
447 999 562 1056 legiruus:
589 995 692 1042 Hietars
711 1004 734 1041 u
752 996 851 1044 iiatars
870 1005 965 1044 ueteres
990 996 1136 1044 dixerunt.
1160 1027 1165 1042 .
1188 1025 1195 1040 .
1215 993 1301 1042 Casei·

322 1085 374 1129 lius
395 1083 501 1144 Sequere
520 1099 566 1130 me.
587 1088 661 1143 praei
679 1084 762 1130 ltsrcle
792 1091 833 1139 ta,
862 1089 904 1144 qui
925 1084 987 1130 milei
1014 1086 1127 1130 oscitans
1154 1084 1301 1143 iustamque

322 1177 414 1220 restas.
440 1173 503 1216 lines
526 1171 598 1218 realta
618 1173 769 1232 Spengslius,
792 1175 828 1216 vir
849 1175 1016 1226 astutissimus,
1040 1173 1179 1230 fragmentis
1200 1171 1299 1215 Caecilii

321 1275 342 1316 ρ.
368 1261 398 1304 58
421 1262 591 1306 convenienter
611 1266 711 1318 apteque
733 1263 768 1304 sie
787 1263 887 1306 inseruit
906 1275 910 1304 :

373 1348 393 1394 A
418 1380 423 1392 .
451 1379 456 1392 .
481 1377 486 1390 .
510 1361 615 1405 sequere
635 1361 683 1394 rne.
703 1345 735 1392 B.
759 1347 834 1394 Praei
855 1347 938 1392 hercle
959 1355 984 1392 tu
1007 1349 1048 1406 qui
1069 1349 1104 1392 mi
1121 1348 1237 1394 oscitana
1257 1385 1262 1396 ,

373 1432 520 1494 lictoresque
543 1441 636 1482 reatae.

317 1552 441 1616 Barthii
456 1555 638 1618 adversaria
655 1557 713 1632 38,
736 1557 788 1617 ts.
812 1575 845 1636 p.
877 1556 970 1618 stis.
996 1555 1048 1616 Ex
1068 1553 1176 1617 lexico
1193 1564 1302 1617 vetere

253 1656 469 1719 'i'erentiauos
496 1657 672 1720 Adiuvant
693 1678 883 1720 sermonem
899 1679 945 1720 ex
960 1657 1151 1720 abundanti
1165 1656 1298 1719 addita.

190 1803 227 1823 κ
253 1759 406 1822 Coelius:
433 1760 514 1820 haee
544 1770 683 1822 caterua
709 1762 811 1839 plena
834 1759 1071 1841 gladiatorum
1097 1781 1174 1822 cum
1198 1779 1301 1822 suum

253 1859 449 1923 sibialiam
474 1861 605 1922 socium
636 1861 760 1924 socius.

284 2001 394 2062 Coelius]
431 2005 542 2048 Barthius
563 2019 585 2060 p.
611 2000 675 2050 1750
697 2008 809 2052 adrrolat:
835 2008 936 2062 „coelii
957 2007 1028 2050 rerba
1049 2010 1080 2050 ila
1100 2009 1198 2065 legenda
1221 2009 1302 2052 riden-

321 2101 374 2137 mr:
397 2089 464 2136 Haec
484 2098 593 2149 paterna
613 2106 696 2150 poena
717 2093 898 2154 gladiatorum,
920 2095 1044 2139 consumit
1065 2108 1138 2138 suum
1157 2094 1299 2138 sibialiam

319 2182 414 2225 socium
437 2180 534 2228 socius.
579 2182 603 2224 ln
625 2184 770 2226 membranis
793 2185 907 2237 seriptum
934 2183 978 2225 init
1001 2183 1078 2237 primo
1100 2178 1234 2237 Caecilius,
1258 2183 1300 2225 sed

320 2269 380 2314 duae
411 2271 504 2314 litterae
530 2283 612 2313 erasse
642 2276 664 2313 et
692 2275 821 2325 expunctae
845 2276 909 2318 sossi.
936 2270 988 2328 ligo
1010 2271 1163 2314 nihilominus
1187 2266 1297 2314 Caecilio

320 2359 395 2415 tnagis
420 2359 547 2402 convenire
569 2371 638 2415 quem
667 2358 753 2402 Coelio
778 2359 920 2401 arbitror.“
942 2381 969 2392 -
999 2358 1139 2416 Assentior,
1165 2361 1204 2402 sed
1225 2356 1298 2401 verba

321 2447 420 2490 Caecilii
435 2447 621 2501 corruptissima
634 2451 697 2499 sunl,
723 2454 745 2489 et
767 2449 847 2496 doleo,
862 2447 1015 2504 Spengeiium
1029 2447 1088 2489 hune
1102 2447 1179 2489 locum
1193 2450 1300 2500 prseter-

321 2536 425 2578 misisse.

316 2654 450 2735 Hauptii
480 2653 602 2716 laedite
633 2654 728 2716 latina
766 2675 800 2735 p.
825 2654 877 2718 99.
933 2654 1099 2717 Salientes
1128 2673 1299 2738 aquarum

254 2753 381 2836 generis
405 2755 582 2828 masculini,
606 2769 640 2818 ut
661 2757 796 2820 Caelius
816 2768 1021 2839 perpetuum
1046 2757 1234 2818 salientem.

178 2707 204 2734 l

286 2897 396 2956 Caelius]
434 2903 456 2943 in
478 2903 592 2944 concione
616 2904 643 2946 de
664 2903 730 2958 equis
748 2917 776 2946 so
802 2903 917 2946 vocabulo
939 2915 994 2946 usus
1017 2916 1069 2946 esse
1093 2905 1193 2946 videtur.

585 3056 715 3115 XCVIII.
757 3058 797 3114 ill.
822 3058 965 3116 Caecilius.

321 3166 550 3250 intelligendus
563 3170 736 3251 potiusM.
747 3171 902 3244 Coelius,
922 3180 956 3232 ut
973 3171 1003 3232 in
1023 3171 1130 3234 Caelii
1144 3169 1301 3233 oratione

249 3270 415 3332 aduersus
429 3272 654 3354 Calpurnium
677 3272 828 3334 Bestiam
852 3294 885 3352 p.
911 3273 984 3332 467.
1009 3270 1156 3333 diximus.

597 3443 700 3502 XCIX.
740 3445 781 3504 ll.
803 3445 957 3500 Favonius.

314 3557 451 3620 laedit.
475 3558 587 3639 priore
615 3554 790 3618 orationem
813 3577 876 3637 pro
906 3556 977 3638 lege
1007 3555 1151 3632 Licinia,
1176 3578 1257 3640 quae
1281 3584 1298 3621 n

252 3659 359 3724 Gellio
392 3661 561 3725 Favorino
594 3655 761 3732 tribuitur,
799 3660 852 3722 M.
895 3657 1042 3723 Favonio
1077 3657 1297 3722 vindicandam

251 3762 505 3836 arbitrabamur,
530 3763 584 3822 sed
606 3769 717 3840 postea
749 3759 841 3826 huius
870 3783 918 3825 me
942 3754 1103 3844 opinionis
1126 3761 1296 3846 poenituit,

251 3865 336 3928 utin
361 3863 529 3928 Favorino
552 3875 692 3926 oratore
717 3861 856 3927 diximus
884 3887 961 3948 pag.
986 3867 1060 3928 207.

523 4040 555 4100 G.
599 4039 627 4100 G.
650 4041 774 4101 Licinius
799 4041 893 4101 Macer
915 4042 1023 4100 Calvus.

315 4155 419 4217 Filius
431 4153 472 4218 C.
485 4153 606 4217 Lioinii
617 4155 725 4218 Macri
741 4154 903 4228 historici,
928 4157 966 4217 de
983 4175 1048 4238 quo
1065 4175 1158 4236 supra
1176 4153 1293 4216 dietum

252 4267 296 4314 est
319 4277 352 4332 p.
368 4257 440 4318 385.
467 4259 567 4320 Natus
591 4271 637 4320 est
660 4279 689 4320 a.
722 4259 782 4320 oli
806 4255 1035 4336 (stuprum
1067 4254 1151 4320 Hist.
1177 4261 1210 4328 7,
1241 4259 1292 4318 ts.
