2992 4844
223 356 284 420 286

230 552 325 594 mum
353 531 537 594 discrimen
566 530 752 593 adductum
788 529 955 600 viderem,
988 549 1055 591 non
1076 529 1177 611 prius
1198 551 1275 598 sum

229 646 374 697 conatus
390 634 662 696 misericordiam
683 633 763 694 aliis
784 653 996 694 commovere
1017 653 1122 714 quam
1141 632 1276 695 miseri·

228 736 439 799 cardiacum
462 737 535 818 ipse
556 749 689 818 captus.
732 735 832 798 Sensi
853 735 1020 817 equidem,
1041 746 1114 796 tum
1131 755 1275 817 magno·

223 860 307 921 pere
329 838 459 900 moveri
481 836 630 912 iudices,
660 859 738 898 cum
767 836 917 899 excitavi
946 847 1114 898 moestum
1136 857 1176 896 ac
1199 857 1274 899 sor·

227 940 383 1002 didatum
417 961 530 1002 senem
558 952 590 1005 et
624 962 702 1001 cum
734 939 802 1000 ista
821 935 922 1028 feci,
953 960 1040 1022 quae
1062 949 1112 1012 tu,
1140 937 1274 1012 Orasse,

227 1043 366 1119 laudas,
389 1064 456 1105 non
479 1055 573 1117 arte,
597 1043 657 1104 sed
679 1053 775 1103 motu
797 1062 926 1123 magno
947 1040 1057 1102 animi
1078 1061 1119 1101 ac
1141 1041 1273 1116 dolore,

228 1157 268 1208 ut
295 1145 522 1208 discinderem
554 1145 725 1218 tunicam,
769 1155 807 1205 ut
841 1143 1017 1205 cicatrices
1047 1143 1273 1205 ostenderem.

227 1251 314 1311 (lum
336 1251 374 1311 C.
401 1248 544 1311 Marius
565 1267 758 1308 moerorem
787 1245 958 1308 orationis
994 1265 1089 1306 meae
1109 1266 1276 1326 praesens

226 1333 267 1412 ac
291 1350 412 1414 sedens
449 1352 594 1411 multum
624 1349 759 1410 larimis
788 1349 858 1411 suis
893 1348 1091 1419 adiuuaret,
1132 1358 1275 1431 cumque

228 1473 307 1535 ego,
339 1452 458 1514 crebro
481 1452 578 1513 illum
601 1453 791 1533 appellans,
814 1454 982 1533 collegam
1008 1449 1040 1511 ei
1063 1471 1165 1512 suum
1184 1473 1275 1513 com·

228 1554 425 1616 mendacem
463 1567 565 1637 atque
592 1554 706 1635 ipsum
739 1553 945 1616 advocatum
984 1554 1030 1614 ad
1059 1573 1273 1616 communem

229 1655 480 1737 imperatorum
491 1654 688 1744 fortunam
713 1652 967 1744 defendendam
985 1657 1275 1718 invocar·em.·non

220 1756 307 1849 ficit
323 1760 405 1821 haec
426 1757 498 1819 sine
518 1757 603 1819 meis
621 1758 789 1832 lacrimis,
817 1777 885 1820 non
909 1759 980 1819 sine
1006 1758 1124 1820 dolore
1148 1777 1276 1839 magno

230 1859 408 1922 miseratio
423 1860 641 1943 omniumque
663 1861 806 1922 deorum
828 1872 860 1922 et
886 1861 1063 1924 hominum
1087 1873 1121 1922 et
1151 1861 1276 1923 civium

227 1974 261 2026 et
293 1962 466 2025 sociorum
491 1962 703 2042 imploratio.

291 2063 372 2126 ibid.
403 2065 438 2138 2,
467 2067 520 2125 40.
575 2068 795 2147 Argumenta
823 2066 996 2128 ducuntur
1020 2087 1067 2127 ex
1092 2077 1194 2147 parte
1220 2085 1272 2140 ea,

162 2233 197 2268 f
231 2178 390 2251 quaeest
420 2167 571 2228 subiecta
599 2169 742 2248 generi:
772 2168 811 2231 Si
834 2190 966 2242 omnes,
987 2169 1045 2253 qui
1071 2168 1275 2250 reipublicae

229 2272 430 2344 consulunt,
459 2269 534 2330 cari
561 2270 658 2332 nobis
687 2292 761 2332 esse
792 2271 932 2344 debent,
966 2284 1056 2334 certe
1085 2271 1121 2331 in
1152 2271 1276 2352 primis

228 2370 467 2452 imperatores,
484 2394 631 2454 quorum
657 2373 809 2435 consiliis
831 2374 955 2436 virtute
967 2374 1132 2454 periculis
1151 2373 1273 2436 retine·

229 2495 306 2536 mus
325 2486 357 2536 et
379 2487 535 2537 nostram
558 2478 703 2537 salutem
723 2487 755 2538 et
775 2476 912 2557 imperii
933 2477 1149 2558 dignitatem.

263 2619 441 2679 imperatores]
477 2621 500 2664 id
519 2621 638 2665 Antonius
659 2623 686 2665 de
705 2623 788 2666 Manio
809 2621 913 2678 Aquillio
934 2623 1079 2676 imperatore
1099 2621 1166 2665 dixit.

293 2756 365 2822 Cic.
387 2758 520 2824 Verria.
542 2758 600 2820 lib.
625 2759 659 2834 5,
683 2781 713 2822 c.
740 2762 769 2822 1.
818 2760 920 2825 Venit
946 2759 1033 2822 mihi
1054 2759 1089 2822 in
1112 2770 1270 2832 mentem,

229 2862 265 2924 in
281 2859 409 2924 iudicio
426 2861 544 2925 Manii
565 2862 709 2944 Aquillii
730 2874 897 2945 quantum
916 2862 1146 2936 auctoritatis,
1166 2881 1274 2944 quan·

229 2976 304 3028 tum
325 2964 488 3026 momenti
507 2965 622 3026 oratio
644 2967 700 3028 M.
724 2965 869 3028 Antonii
890 2965 1050 3028 habuisse
1073 2964 1275 3026 existimata

229 3065 293 3128 sit:
314 3067 390 3147 qui,
415 3078 453 3127 ut
477 3078 551 3128 erat
581 3067 615 3128 in
643 3066 785 3129 dicendo
807 3088 875 3130 non
900 3070 1011 3129 solum
1034 3066 1189 3148 sapiens,
1214 3065 1276 3127 sed

230 3167 335 3228 etiam
356 3167 497 3258 sortis,
536 3189 643 3230 causa
678 3191 787 3250 prope
823 3183 990 3250 perorata
1020 3169 1093 3251 ipse
1123 3166 1275 3249 arripuit

230 3272 333 3351 Man.
356 3271 545 3352 Aquillium
575 3272 818 3353 constituitque
843 3273 878 3332 in
903 3284 1087 3353 conspectu
1106 3271 1272 3343 omnium,

229 3371 446 3455 tunicamque
486 3373 560 3434 eius
593 3394 617 3433 a
651 3385 791 3453 pectore
826 3374 989 3450 abscidit,
1030 3386 1068 3436 ut
1097 3371 1273 3433 cicatrices

226 3476 377 3556 populus
414 3496 578 3537 romanus
616 3475 812 3557 iudicesque
858 3476 1092 3556 adspicerent,
1129 3475 1275 3535 adverso

230 3597 374 3656 corpore
406 3589 582 3658 exceptas.
627 3577 739 3639 Simul
772 3589 806 3639 et
835 3578 876 3640 de
904 3579 963 3642 illo
994 3582 1150 3650 vulnere,
1184 3574 1277 3659 quod

229 3677 286 3740 ille
310 3679 344 3739 in
368 3681 480 3760 capite
503 3681 546 3740 ab
564 3679 715 3741 hostium
740 3680 824 3742 duce
843 3691 1041 3761 acceperat,
1060 3682 1169 3742 multa
1183 3678 1275 3740 dixit

230 3801 337 3863 eoque
360 3781 511 3843 adduxit
531 3803 608 3855 eos,
632 3782 809 3865 quierant
839 3782 1038 3855 iudicaturi,
1063 3783 1276 3842 vehementer

229 3893 267 3943 ut
291 3895 509 3958 vererentur,
533 3904 587 3957 ne,
618 3905 721 3966 quem
747 3884 858 3945 virum
871 3881 1034 3965 fortuna
1055 3905 1103 3945 ex
1125 3884 1276 3946 hostium

229 3983 306 4045 telis
334 3985 537 4066 eripuisset,
561 4007 639 4046 cum
670 3985 733 4048 sibi
766 3985 839 4066 ipse
868 4006 935 4047 non
961 3986 1190 4068 pepercisset,
1221 3985 1276 4046 hic

230 4105 298 4147 non
319 4086 366 4146 ad
387 4088 509 4168 populi
533 4086 669 4150 romani
690 4087 843 4161 laudem,
872 4089 933 4150 sed
952 4089 999 4150 ad
1021 4087 1174 4150 iudicum
1197 4108 1276 4148 cru·

231 4185 405 4250 delitatem
429 4189 602 4250 videretur
622 4209 695 4250 esse
723 4203 891 4253 servatus.

295 4287 430 4367 Quintil.
448 4292 487 4367 2,
507 4291 565 4366 15,
583 4292 614 4352 7.
659 4293 753 4356 Nam
776 4303 809 4354 et
823 4297 925 4356 Man.
942 4292 1135 4375 Aquillium
1151 4287 1275 4379 defen·
