2984 4842
1185 334 1246 396 363

193 502 339 581 vulgare
360 515 471 579 genus
494 495 644 568 dicendi,
670 494 759 556 duas
781 493 919 577 quidem
942 514 1006 568 res,
1036 513 1121 576 quas
1146 513 1245 556 nemo

192 602 303 670 alius,
335 599 557 680 partitiones,
592 597 714 680 quibus
741 599 782 660 de
822 597 924 660 rebus
955 596 1111 660 dicturus
1144 595 1258 667 essct‚'

193 717 226 768 et
259 701 493 776 collectiones,
530 721 659 762 memor
691 713 723 761 et
755 721 843 784 quae
869 690 979 764 essent
1012 699 1103 761 dicta
1128 710 1250 762 contra

196 827 349 890 quaeque
377 805 450 884 ipse
473 802 634 866 dixisset.
688 806 777 866 Erat
799 804 835 865 in
864 804 1045 865 verborum
1060 803 1249 884 splendore

195 912 348 989 elegans,
367 905 615 987 compositione
629 917 744 986 aptus,
748 903 931 992 facultate
951 905 1121 986 copiosus,
1143 927 1249 989 eaque

195 1023 273 1078 erat
284 1029 362 1072 cum
372 1029 508 1070 summo
520 1006 660 1090 ingenio
675 1018 748 1068 tum
760 1007 1071 1070 exercitationibus
1083 1008 1249 1070 maximis

196 1124 411 1178 consecutus.
460 1113 542 1174 Vox
563 1130 694 1171 canora
722 1122 756 1172 et
781 1111 918 1183 suavis,
943 1122 1056 1173 motus
1078 1123 1110 1172 et
1130 1122 1249 1192 gestus

198 1217 302 1278 etiam
324 1216 406 1296 plus
428 1213 518 1274 artis
538 1212 699 1287 habebat,
722 1233 824 1295 quam
851 1225 925 1274 erat
951 1213 1087 1275 oratori
1105 1213 1204 1275 satis.

261 1333 407 1397 Velleius
432 1333 470 1408 2,
500 1333 553 1396 36.
605 1336 681 1397 Iam
707 1353 794 1414 pene
822 1353 1116 1415 supervacaneum
1140 1332 1250 1396 videri

196 1448 323 1522 potest,
342 1436 567 1498 eminentium
587 1435 806 1518 ingeniorum
822 1449 944 1498 notare
959 1447 1129 1517 tempora.
1160 1438 1246 1518 Quis

198 1541 288 1603 enim
325 1541 484 1622 ignorat,
514 1538 703 1619 diremptos
735 1538 902 1619 gradibus
932 1540 1057 1600 aetatis
1073 1539 1253 1626 floruisse

198 1647 261 1706 hoc
271 1656 424 1724 tempore
434 1642 645 1713 Ciceronem,
657 1641 893 1714 Hortensium,
909 1661 1058 1724 saneque
1067 1643 1243 1710 Crassum.

200 1749 380 1815 Catonem,
414 1743 624 1826 Sulpicium,
660 1765 811 1828 moxque
853 1749 1019 1820 Brutum,
1060 1745 1243 1820 Calidium,

200 1848 369 1918 Coelium,
392 1849 552 1920 Calvum,
577 1857 610 1907 et
633 1847 835 1928 proximum
858 1847 1016 1910 Ciceroni
1038 1850 1247 1911 Caesarem?

235 2009 366 2070 Crassum]
404 2025 450 2056 non
474 2011 504 2056 L.
532 2011 648 2056 Crassum
673 2016 811 2070 oratorem,
838 2012 935 2057 Antonii
959 2013 1097 2068 aequalem,
1121 2014 1246 2072 intelligit:

271 2101 321 2143 eius
336 2100 398 2143 enim
417 2113 503 2152 supro.
524 2099 563 2142 ubi
585 2099 695 2142 similiter
716 2100 744 2142 de
763 2100 929 2144 celeberrimis
948 2099 1050 2157 ingeniis
1070 2100 1160 2154 prioris
1174 2103 1248 2145 seculi

271 2189 334 2246 egit,
363 2188 404 2230 lib.
429 2184 460 2240 2,
492 2184 515 2231 9.
545 2187 602 2229 fecit
630 2188 795 2241 mentionem
824 2188 865 2230 sed
893 2188 930 2234 Μ.
960 2187 1075 2230 Crassum
1103 2188 1253 2232 triumvirum

273 2277 436 2328 accipiendum
457 2288 510 2319 esse
530 2276 605 2318 sensit
624 2273 720 2318 Ellendt
739 2288 762 2328 p.
784 2273 849 2315 CVl.

240 2375 365 2436 Catonem]
401 2381 515 2424 Catonem
535 2381 681 2424 Uticensem.

244 2485 393 2544 Sulpicium]
430 2489 538 2531 Servium
553 2487 684 2541 Sulpicium
697 2485 793 2538 Rufum,
816 2451 860 2527 non
882 2485 910 2531 P.
926 2486 1055 2540 Sulpicium
1069 2485 1166 2538 Rufum,
1186 2500 1254 2542 quem

276 2576 318 2620 lib.
340 2572 364 2616 2.
386 2573 408 2617 9.
429 2575 569 2618 nominavit.

270 2713 383 2775 Valer.
409 2713 511 2773 Max.
528 2712 566 2787 3,
595 2714 631 2787 5,
657 2714 688 2774 t.
734 2715 777 2794 Q.
807 2713 1011 2776 Hortensius
1040 2712 1074 2772 in
1100 2711 1255 2774 maximo

162 2877 166 2882 ,
205 2827 237 2876 et
251 2815 481 2897 ingenuorum
496 2815 620 2877 civium
634 2828 668 2878 et
684 2814 977 2896 amplissimorum
986 2826 1156 2896 proventu
1166 2835 1256 2876 sum·

207 2939 300 2978 mum
320 2915 543 2990 auctoritatis
565 2929 669 3000 ‘atque
694 2917 907 3000 eloquentiae
926 2918 1077 2999 gradum
1097 2916 1255 2978 obtinuit.

269 3035 406 3119 Quintil.
430 3035 488 3110 12,
513 3037 571 3112 10,
599 3039 651 3098 10.
694 3040 737 3101 1η
756 3038 913 3101 oratione
933 3038 964 3100 si
988 3037 1116 3120 species
1130 3037 1258 3100 intueri

209 3140 304 3214 velis,
318 3139 463 3202 totidem
475 3143 563 3219 p‘ene
578 3138 732 3220 reperias
747 3137 966 3222 ingeniorum
978 3153 1059 3223 quot
1072 3161 1258 3221 corporum

196 3239 361 3332 formas.
417 3241 484 3304 Sed
511 3239 617 3323 fuere
652 3242 820 3325 quaedam
852 3264 982 3325 genera
1018 3242 1151 3304 dicendi
1177 3263 1257 3304 con-

207 3345 336 3406 ditione
362 3356 556 3424 temporum
587 3344 805 3417 horridiora,
841 3346 971 3428 alioqui
997 3367 1159 3428 magnam
1188 3346 1258 3407 iam

210 3446 341 3528 ingenii
357 3446 424 3507 oim
442 3468 530 3528 prae
552 3469 589 3510 se
603 3446 781 3535 ferentia.
824 3449 914 3510 Hinc
930 3447 1000 3511 sint
1016 3449 1138 3522 Laelii,
1156 3447 1260 3536 Afri·

208 3549 306 3621 cani,
344 3551 491 3612 Catones
535 3549 640 3612 ctiam
677 3549 902 3632 Gracchique.
966 3551 1124 3613 Mediam
1165 3551 1260 3612 illam

162 3687 165 3689 -
197 3647 364 3736 formam
394 3662 531 3714 teneant
558 3655 598 3713 L.
626 3655 792 3726 Crassus,
823 3655 865 3734 Q.
893 3653 1112 3715 Hortensius.
1169 3657 1261 3716 Tum

210 3749 330 3844 deinde
357 3749 568 3842 efflorescat
597 3775 664 3816 non
696 3757 840 3816 multum
871 3754 962 3815 inter
991 3775 1027 3816 se
1057 3755 1261 3817 distantium

213 3863 368 3932 tempore
391 3867 572 3917 oratorum
594 3857 717 3938 ingens
743 3869 941 3936 proventus.
991 3857 1056 3917 Hic
1090 3856 1157 3914 vim
1179 3857 1263 3916 Cae·

210 3954 314 4030 saris,
333 3955 482 4018 indolem
501 3957 627 4031 Caelii,
651 3957 872 4019 subtilitatem
891 3954 1028 4027 Calidii,
1047 3953 1263 4034 diligentiam

209 4056 400 4134 Pollionis,
437 4058 642 4140 dignitatem
677 4061 867 4131 Messalae,
903 4055 1122 4116 sanctitatem
1155 4057 1260 4130 Calvi,

209 4160 421 4240 grauitatem
436 4159 548 4234 Bruti,
567 4180 710 4221 acumen
734 4159 888 4243 Sulpicii,
912 4152 1133 4217 acerbitatem
1156 4157 1265 4219 Cassii

211 4261 437 4342 reperiemus.
477 4264 522 4324 Ar
537 4265 590 4325 M.
609 4262 761 4324 Tullium
775 4282 843 4325 non
858 4259 951 4322 circa
959 4252 1118 4336 plurium
1135 4256 1265 4320 artium
