2992 4840
293 399 355 461 191

291 554 446 628 habitus,
472 565 504 616 et
515 551 619 644 ficit,
644 564 683 614 ut
697 557 845 635 apparet
860 573 907 612 ex
929 549 1162 625 orationibus,
1187 551 1338 635 scriptor

292 678 375 721 sane
407 657 528 719 bonus.
579 657 653 718 Hoc
685 654 720 716 in
754 665 895 717 oratore
924 652 1033 715 latino
1063 653 1220 735 primum
1255 656 1339 718 mihi

293 761 427 822 videtur
446 768 480 820 et
503 755 645 818 laevitas
667 755 872 839 apparuisse
891 756 951 817 illa
973 776 1182 837 graecorum
1208 767 1241 818 et
1263 779 1336 819 oer-

291 863 413 925 borum
438 859 711 940 comprehensio,
742 858 847 927 etiam
877 855 1035 947 artifex,
1066 869 1105 918 ut
1129 858 1181 919 ita
1206 859 1335 933 dicam,

173 1007 184 1031 .
292 964 405 1029 stilus.
450 964 551 1025 Hunc
567 960 721 1023 studiose
736 960 806 1024 dcco
820 960 1051 1022 adolescentes
1066 958 1338 1042 ingeniosissimi

292 1078 325 1128 et
345 1087 455 1148 prope
479 1066 655 1147 aequales,
680 1066 718 1128 C.
741 1063 854 1128 Carbo
879 1073 912 1124 et
936 1061 992 1125 Ti.
1014 1063 1191 1125 Gracchus
1212 1054 1338 1127 audire

291 1168 388 1231 soliti
408 1178 500 1230 sunt.

354 1275 475 1342 Ibidem
499 1299 528 1340 c.
546 1275 603 1352 86,
628 1276 701 1339 295.
736 1276 867 1340 Probas
889 1275 1011 1358 Lepidi
1034 1276 1222 1339 orationes.
1247 1280 1338 1341 Pau-

292 1384 364 1443 lum
384 1380 440 1442 hic
457 1379 518 1441 tibi
540 1379 731 1453 assentior,
757 1378 859 1440 modo
879 1377 931 1440 ita
954 1377 1076 1441 laudes
1097 1389 1135 1440 ut
1157 1379 1337 1464 antiquas:

292 1483 386 1567 quod
413 1481 503 1544 idem
532 1480 573 1543 de
590 1477 783 1571 Africano,
808 1479 850 1541 de
876 1479 1008 1543 Laelia.

357 1600 479 1664 Ibidem
502 1623 529 1669 c.
545 1601 603 1675 97,
627 1599 701 1662 333.
746 1602 872 1664 Nonne
895 1601 1085 1677 cernimus,
1110 1602 1171 1666 vix
1188 1602 1338 1688 singulis

293 1703 464 1767 aetatibus
486 1702 585 1765 binos
606 1713 764 1765 oratores
790 1703 980 1765 laudabiles
1007 1703 1191 1767 extitisse?
1227 1705 1339 1768 Galba

165 1859 167 1864 ,
279 1806 366 1899 fuit
393 1806 483 1867 inter
507 1815 558 1867 tot
579 1806 741 1886 aequales
765 1825 855 1868 unus
883 1807 1052 1869 excellens
1059 1829 1071 1876 ‚·
1100 1805 1249 1887 Lepidus
1271 1828 1336 1889 po·

292 1920 382 1984 stea,
407 1907 529 1971 deinde
550 1906 674 1971 Carbo.

357 2027 477 2092 Cicero
507 2030 545 2090 de
573 2027 713 2090 Oratore
747 2031 787 2105 1,
819 2031 876 2106 10,
908 2029 961 2094 39.
1006 2029 1175 2114 Equidem
1203 2041 1236 2092 et
1261 2033 1336 2094 Ser.

294 2132 438 2198 Galbam
461 2129 630 2194 memoria
644 2141 753 2206 teneo,
774 2131 928 2194 divinum
941 2131 1112 2196 hominem
1127 2132 1164 2194 in
1179 2132 1334 2208 dicendo,

292 2246 325 2296 et
353 2235 409 2298 M.
435 2232 622 2297 Aemilium
651 2233 835 2296 Porcinam
865 2245 899 2296 et
929 2237 968 2298 C.
999 2235 1114 2317 ipsum
1147 2236 1336 2300 Carbonem

291 2337 456 2418 ignarum
477 2338 615 2418 legum,
645 2335 873 2400 haesitantem
896 2336 931 2398 in
957 2336 1131 2400 maiorum
1154 2337 1334 2412 institutis,

291 2439 412 2502 rudem
434 2437 470 2500 in
493 2437 570 2500 iure
590 2436 693 2500 civili.

353 2559 481 2621 Auctor
514 2559 553 2618 ad
579 2557 777 2620 Herennium
810 2561 849 2635 lt,
880 2559 912 2621 5.
957 2559 1085 2622 Allatis
1116 2559 1284 2640 exemplis
1313 2581 1337 2620 a

290 2663 438 2733 Catone,
473 2680 497 2720 a
522 2659 707 2734 Gracchis,
740 2682 764 2722 a
785 2661 924 2735 Laelio,
957 2681 980 2724 a
1006 2660 1181 2744 Scipione,
1207 2661 1336 2734 Galba,

289 2761 500 2836 Porcina,
525 2763 675 2837 Crasso,
700 2762 853 2826 Antonio
873 2763 1077 2847 ceterisque,·
1103 2763 1188 2828 item
1212 2763 1335 2826 sumtis

291 2861 371 2925 aliis
401 2882 424 2922 a
447 2861 561 2944 poetis
591 2875 624 2926 et
654 2864 881 2928 historiarum
912 2863 1163 2948 scriptoribus,
1200 2885 1337 2928 necesse

292 2963 380 3040 erit,
410 2985 512 3038 eum,
543 2965 603 3048 qui
631 2966 760 3042 discet,
789 2969 833 3030 ab
861 2967 1018 3032 omnibus
1044 2976 1169 3048 putare
1197 2965 1333 3041 omnia,

292 3066 335 3128 ab
353 3087 421 3128 uno
443 3087 559 3148 pauca
578 3068 639 3131 vix
655 3069 812 3150 potuisse
835 3070 938 3134 sumi.

583 3317 611 3374 1.
652 3317 801 3375 Diseussio
823 3320 894 3390 legis
917 3319 1044 3376 Cassiae.

353 3476 397 3536 L.
415 3473 545 3538 Cassius
562 3474 733 3559 Longinus
751 3476 896 3540 tribunus
918 3479 964 3559 pl.
985 3499 1013 3541 a.
1030 3479 1090 3539 617
1113 3478 1203 3556 (137)
1230 3476 1332 3559 legem

289 3575 484 3638 tabellarium
514 3574 599 3638 tulit.
651 3577 795 3660 Lepidus
824 3601 892 3642 earn
916 3579 1085 3656 dissuasit,
1115 3582 1169 3642 sed
1194 3578 1257 3639 lata
1288 3590 1335 3640 est

289 3678 331 3740 P.
349 3675 502 3759 Scipione
523 3676 647 3741 minore
669 3680 870 3760 potissimum
892 3693 1036 3746 auctore.
1073 3683 1194 3746 Extant
1214 3677 1335 3741 denarii

289 3781 329 3840 ad
351 3778 456 3860 legent
481 3777 623 3842 Cassiam
649 3782 836 3848 alludentes.
877 3785 1001 3848 Eckbel
1027 3785 1145 3848 Docte.
1177 3783 1274 3844 Tam.
1300 3781 1333 3844 5.

288 3905 323 3968 p.
341 3885 414 3948 166.
442 3883 596 3969 G'dttling
620 3888 739 3950 Gesch.
765 3891 797 3951 d.
819 3894 904 3952 rbm.
926 3890 1065 3950 Stsatsv.
1090 3908 1124 3968 p.
1141 3885 1214 3948 395.

354 4021 475 4088 Cicero
502 4023 605 4089 Bruto
631 4046 662 4088 c.
687 4026 743 4100 25,
768 4026 821 4089 97.
866 4032 907 4090 Ι..
933 4027 1074 4093 Cassius
1103 4027 1249 4088 multum
1269 4042 1334 4103 po·

288 4123 356 4188 tuit
378 4145 447 4188 non
470 4126 679 4208 eloquentia,
708 4128 769 4189 sed
790 4128 934 4193 dicendo
958 4141 1085 4191 tamen.
1131 4126 1231 4189 cuius
1257 4122 1334 4206 qui·

289 4226 366 4289 dem
394 4227 464 4308 legi
498 4227 696 4292 tabellariae
733 4232 785 4293 M.
813 4231 941 4294 Antius
966 4231 1069 4293 Briso
1098 4229 1258 4292 tribunus
1282 4227 1332 4308 pl.

288 4327 350 4390 diu
371 4326 519 4402 restitit,
542 4331 600 4391 M.
622 4331 755 4412 Lepido
774 4336 912 4396 consule
933 4333 1131 4394 adiuuante.
1155 4350 1261 4413 eaque
1277 4349 1335 4391 res
