2992 4840
274 331 336 394 200

274 483 424 569 πελάζειν
452 483 518 554 ἀπὸ
544 477 791 571 τεσσαράκοντα
811 477 952 544 σταδίων
974 475 1067 569 παρὰ
1088 479 1146 561 τὴν
1168 483 1324 570 ἐσομένην

274 595 346 680 περὶ
369 591 468 657 τῶνδε
494 589 557 654 τῶν
581 581 689 672 νόμων
712 581 927 670 χειροτονίαν.
971 579 1073 646 conf.
1102 582 1229 649 Walter
1256 589 1322 651 Ge-

275 693 419 758 schichtc
447 695 501 756 des
530 696 616 754 rbm.
644 687 784 752 Rechtes
809 705 887 768 pag.
918 683 989 748 191.
1035 683 1192 751 Dissuasit
1218 689 1320 772 legem

275 795 418 861 Gracchi
443 793 584 860 Fannius
609 790 733 855 consul.

340 916 461 981 Cicero
490 916 595 979 Bruto
622 934 651 974 c.
669 909 726 985 26,
754 910 806 973 99.
852 910 891 971 G.
916 907 1086 982 Fannius,
1114 911 1153 972 G.
1166 907 1233 998 f.,
1257 913 1317 994 qui

276 1021 396 1083 consul
418 1039 496 1081 cum
517 1013 675 1081 Domitio
686 1011 790 1104 fuit,
816 1031 921 1072 unam
943 1010 1135 1075 orationem
1155 1012 1196 1074 de
1217 1013 1321 1077 sociis

276 1133 310 1184 et
331 1120 468 1185 nomine
494 1118 602 1187 latino
627 1126 750 1178 contra
774 1115 967 1176 Gracchum
992 1113 1149 1196 reliquit,
1181 1135 1263 1177 sane
1287 1127 1320 1178 et

275 1224 400 1287 bonam
421 1234 454 1284 et
477 1221 633 1284 nobilem.
669 1221 760 1279 Tum
777 1214 933 1278 Atticus:
956 1217 1062 1278 Estne
1083 1216 1154 1278 ista
1174 1217 1321 1280 Fannii}²

274 1346 355 1388 nom
374 1325 473 1386 vario
492 1321 610 1405 opinio
629 1319 750 1402 pueris
773 1318 871 1381 nobis
889 1330 978 1380 erat.
1008 1319 1081 1383 Alii
1101 1341 1124 1381 a
1146 1323 1184 1384 C.
1200 1318 1321 1385 Persio

276 1427 429 1490 litterato
444 1425 580 1490 bomine
599 1422 765 1504 scriptam
782 1441 856 1483 esse
873 1420 1023 1495 aiebant,
1042 1422 1112 1497 illo,
1134 1443 1234 1505 quem
1248 1421 1319 1503 sig·

275 1529 399 1590 niteat
422 1527 519 1589 ualde
542 1525 680 1588 doctum
703 1543 777 1584 esse
796 1521 972 1598 Lucilius,
996 1523 1058 1585 alii
1080 1526 1206 1586 multos
1225 1523 1320 1587 nobi·

275 1633 341 1704 les,
365 1629 458 1712 quod
479 1627 620 1710 quisque
639 1625 826 1706 potuisset,
851 1623 1003 1686 inillam
1025 1626 1216 1689 orationem
1240 1645 1320 1687 con·

276 1731 410 1794 tulisse.
446 1733 537 1792 Turn
559 1748 644 1809 ego:
665 1726 783 1789 audiui
797 1726 953 1808 equidem
976 1727 1045 1789 ista
1067 1728 1108 1790 de
1129 1726 1320 1790 maioribus

275 1844 379 1908 natu,
413 1832 476 1895 secl
505 1848 693 1913 numquam
725 1849 802 1890 sum
833 1827 1021 1904 adductus,
1055 1841 1093 1892 ut
1121 1829 1317 1902 crederem,

277 1955 419 2018 eamque
454 1931 685 2014 suspicionem
722 1940 869 2013 propter
907 1933 996 1993 banc
1035 1953 1177 1994 eausam
1216 1931 1321 1994 credo

271 2035 408 2124 fuisse,
433 2035 526 2120 quod
547 2033 698 2098 Fannius
724 2033 759 2096 in
786 2033 1014 2098 mediocribus
1038 2033 1237 2098 oratoribus
1258 2035 1319 2096 ba·

277 2139 370 2202 bitus
395 2149 502 2214 esset,
538 2136 653 2200 oratio
678 2147 795 2198 autem
823 2137 874 2198 vel
895 2135 1028 2219 optima
1048 2147 1137 2200 esset
1161 2136 1220 2200 illo
1245 2135 1320 2220 qui·

277 2241 355 2304 dem
369 2252 527 2328 tempore
549 2238 748 2304 orationum
771 2236 938 2300 omnium.
982 2238 1051 2302 Sed
1072 2259 1132 2301 nec
1151 2237 1321 2302 eiusmodi

277 2355 347 2417 est,
371 2355 410 2406 ut
433 2363 455 2404 o
469 2341 629 2426 pluribus
646 2337 799 2430 confuso
815 2339 972 2404 videatur
988 2341 1094 2422 (unus
1109 2341 1199 2404 enim
1214 2359 1320 2405 sonus

276 2457 328 2509 est
354 2444 463 2509 totius
495 2441 664 2507 orationis
699 2453 732 2504 et
761 2442 852 2505 idem
878 2443 996 2524 stilus)
1040 2465 1101 2507 nec
1131 2445 1172 2508 cle
1200 2441 1320 2508 Persio

276 2547 469 2612 reticuisset
498 2547 697 2618 Gracchus,
732 2565 811 2608 cum
842 2556 875 2606 et
907 2545 1058 2609 Fannius
1087 2547 1130 2610 tle
1158 2547 1321 2610 Menelao

277 2651 490 2715 Maratheno
515 2660 548 2710 et
574 2647 615 2709 tle
639 2646 761 2710 ceteris
787 2645 966 2710 obiecisset
973 2668 985 2719 ,⁶
1009 2647 1218 2730 praesertim
1243 2667 1322 2709 cum

277 2751 428 2816 Fannius
447 2769 622 2832 nunquam
636 2749 683 2810 sit
700 2748 838 2811 babitus
858 2748 1021 2832 elinguis.
1045 2771 1126 2812 nam
1144 2760 1177 2812 et
1195 2768 1321 2811 causas

277 2851 502 2943 ‹llefensitavit
529 2862 562 2914 et
593 2850 789 2914 tribunatus
819 2850 894 2914 eius
925 2852 1071 2914 arbitrio
1105 2863 1139 2912 et
1167 2849 1321 2915 auctori-

276 2968 348 3019 tate
370 2957 409 3019 P.
427 2951 596 3043 Africani
619 2964 740 3035 gestus
765 2973 834 3015 non
856 2952 1021 3016 obscurus
1043 2949 1133 3039 fuit.

314 3099 476 3158 tribunatus]
512 3101 617 3145 Pacuius
636 3101 744 3144 lribunus
767 3102 801 3156 pl.
823 3114 847 3148 u.
862 3093 911 3143 62⁰
931 3095 1020 3154 (13⁴),
1044 3113 1090 3157 quo
1104 3113 1166 3144 unua
1190 3097 1219 3142 1².
1241 3098 1321 3154 Scipio

349 3191 437 3234 iterum
458 3190 540 3232 consul
559 3188 612 3232 luit.

342 3357 462 3423 Cicero
487 3362 525 3422 de
543 3361 684 3424 Oratore
708 3355 745 3432 3,
770 3355 825 3428 17,
851 3351 924 3414 183.
968 3353 1035 3416 Est
1051 3371 1166 3433 paeon
1187 3353 1242 3413 hie
1258 3371 1321 3434 po·

277 3457 405 3524 sterion
419 3482 488 3526 non
503 3461 717 3547 syllabarum
733 3475 895 3529 numero,
920 3453 981 3516 sed
999 3454 1140 3516 aurium
1160 3473 1322 3516 mensura

275 3583 342 3644 par
353 3562 444 3655 sere
467 3563 611 3637 cretico,
637 3560 695 3645 qui
718 3571 770 3623 est
793 3580 840 3620 eu
859 3559 965 3640 longo
979 3568 1012 3619 et
1035 3557 1128 3618 breui
1147 3567 1181 3617 et
1203 3558 1320 3637 longo.

218 3721 253 3751 s
280 3666 312 3727 A
331 3685 398 3747 quo
422 3686 565 3728 numero
584 3683 734 3727 exorsus
758 3672 809 3724 est
824 3659 992 3724 Fannius:
1016 3658 1076 3735 si,
1102 3655 1320 3740 Quirites,

280 3767 414 3829 minas
445 3767 572 3831 illius
598 3777 663 3828 etc.

313 3899 394 3964 illius]
432 3917 461 3946 aa
483 3902 528 3946 (ἑνί
550 3899 675 3946 Gracchi?

345 4061 455 4121 Locus
478 4054 651 4121 Ciceronis
678 4054 709 4117 in
730 4053 815 4117 libro
839 4053 948 4117 Rulini
972 4056 1010 4116 de
1032 4051 1269 4134 compositione
1293 4060 1323 4112 ct

280 4164 319 4222 tle
334 4159 441 4222 metris
456 4170 618 4222 oratorum
643 4179 677 4236 p.
698 4156 757 4218 187
779 4159 829 4218 ed.
853 4156 957 4220 Orell.
984 4155 1139 4237 repetitur
1166 4175 1226 4218 una
1252 4173 1321 4215 cum

278 4261 457 4344 fragmento
486 4257 639 4322 orationis
663 4257 854 4322 Fannianee.
