2992 4844
1063 321 1067 328 ’
1164 365 1223 428 sn

172 525 267 605 lepos
291 517 430 602 agentis
458 517 523 582 sub
555 517 753 596 Veteribus,
779 541 857 583 cum
884 521 982 586 testis
1000 524 1224 604 compellatus

172 625 339 687 instaret:
380 621 447 687 Dio
499 642 603 704 ergo,
646 624 787 698 Crasse,
835 625 970 707 qualem
1012 645 1065 688 me
1107 624 1224 688 reris?

178 728 318 801 Talem,
346 724 475 810 inquit,
510 724 693 788 ostendens
727 725 762 787 in
793 726 911 788 tabula
941 725 1075 809 pictum
1101 725 1222 803 infice-

174 828 308 894 tissime
334 829 473 892 Gallu'm
491 839 690 890 exerentem
715 827 885 911 linguam.

207 971 307 1033 Crassi]
343 975 407 1018 idem
426 973 477 1018 fere
497 975 586 1018 dictum
605 988 618 1016 a
636 973 754 1019 Cicerone
775 973 812 1018 De
829 973 900 1019 Orat.
924 939 950 1034 l,
971 970 1014 1021 66.
1036 975 1064 1020 C.
1086 977 1146 1020 lulio
1160 976 1221 1020 Cne-

242 1063 292 1108 sari
311 1062 423 1107 Straboni
446 1061 570 1106 tribuitur.

208 1171 254 1216 rub
274 1167 416 1228 Veteribus]
455 1167 556 1213 Veteres
581 1167 715 1212 Tabernae
742 1171 766 1213 in
790 1169 845 1214 foro
868 1175 945 1215 erant.
972 1171 1069 1216 Bnnseu
1093 1171 1220 1216 116661661-

244 1259 308 1318 burg
328 1271 373 1302 von
399 1257 470 1305 Rom.
493 1262 511 1302 t.
536 1253 560 1302 3.
586 1257 616 1302 P.
640 1255 665 1305 2.
688 1271 712 1314 p.
734 1253 776 1312 21,
800 1272 852 1316 sqq.

303 1432 406 1490 XLIX.
449 1432 483 1502 Q.
503 1427 613 1492 Mucius
632 1431 765 1490 Scaevola
784 1433 913 1505 Pontisen
931 1433 1085 1493 discimus.

237 1567 338 1629 Natus
360 1568 473 1629 eodem
500 1564 570 1628 sere
594 1586 686 1641 anuo,
710 1586 774 1651 quo
799 1565 946 1642 Crassus,
968 1565 1001 1628 id
1024 1577 1081 1641 est,
1105 1588 1133 1630 a.
1159 1569 1220 1629 611

173 1669 282 1750 (110);
308 1668 456 1753 aequales
479 1667 560 1731 enim
583 1689 640 1731 eos
664 1667 774 1743 fuisse,
793 1667 913 1733 Cicero
936 1667 968 1732 iu
988 1670 1091 1732 Bruto
1108 1669 1222 1732 scribit

173 1793 204 1834 c.
229 1773 281 1848 10,
307 1771 381 1834 160.
413 1771 575 1851 Quaestor
597 1791 627 1834 a.
653 1771 714 1834 610
737 1773 837 1851 (111),
861 1770 1008 1834 tribunus
1031 1773 1076 1855 pl.
1101 1794 1131 1836 a.
1157 1773 1218 1835 618

172 1873 272 1953 (106),
296 1872 406 1936 aedilis
428 1895 458 1936 a.
484 1875 543 1937 651
568 1875 674 1954 (103),
698 1885 834 1955 praetor
855 1896 885 1936 a.
909 1875 971 1937 666
994 1875 1081 1954 (99),
1106 1875 1219 1939 consul

172 1998 202 2039 a.
228 1977 288 2040 669
310 1977 396 2056 (96),
430 1976 607 2057 proconsul
634 1974 746 2038 Asiam
780 1975 983 2058 provinciam
1013 1999 1042 2040 a.
1068 1978 1129 2039 660
1151 1978 1219 2055 (91)

172 2078 402 2143 administravit
433 2078 597 2155 (Valerius
637 2080 731 2141 Max.
767 2079 805 2153 8,
842 2081 899 2154 16,
938 2081 984 2158 6.)
1015 2091 1046 2141 et
1077 2079 1218 2164 legatum

174 2181 285 2245 habuit
301 2183 342 2246 P.
361 2180 515 2246 Rutilium
533 2182 664 2245 Rulum.
682 2182 850 2266 (Madwig
865 2185 903 2244 de
918 2181 1064 2246 Asconio
1082 2204 1116 2264 p.
1134 2185 1220 2259 110.)

173 2285 262 2348 ldcm
292 2283 439 2369 pontifex
462 2284 629 2347 maximus.
659 2284 796 2348 Occisus
827 2298 874 2347 est
896 2283 1008 2348 Mario
1032 2295 1163 2348 auctore
1185 2306 1216 2347 a.

173 2390 234 2451 672
258 2389 337 2469 (82).
361 2388 612 2471 Distinguendus
639 2399 687 2449 est
718 2409 748 2449 a.
775 2388 817 2468 Q.
843 2385 959 2450 Mucio
983 2387 1140 2450 Scaevola
1163 2385 1218 2447 iu·

173 2513 268 2577 gure.
308 2491 388 2554 Vid.
431 2490 680 2558 Onomastieon
721 2485 936 2553 Tullianum.
1000 2487 1079 2550 Eius
1121 2487 1216 2550 vitam

172 2593 336 2658 enarravit
354 2592 533 2658 Maiaasius
556 2593 589 2656 in
604 2590 807 2677 Fragmeutis
831 2588 915 2654 luris
939 2589 1156 2653 consultorum
1174 2594 1216 2653 T.

174 2701 204 2760 1.
229 2721 262 2781 p.
289 2698 359 2768 169.
382 2696 530 2782 idemque
560 2694 712 2781 reliquias
745 2693 903 2757 librorum
933 2695 971 2755 de
993 2691 1063 2755 iure
1087 2691 1217 2777 collegit

171 2812 202 2863 et
224 2799 407 2863 illustravit.

235 2920 311 2985 Cic.
329 2923 422 2985 Brut.
440 2923 493 2986 39.
517 2921 762 3017 Eloquentiam
776 2918 1097 3003 iurisperitissimus
1112 2922 1216 2984 Cras-

170 3045 243 3100 sus,
270 3026 555 3108 iurisperitorum
574 3023 872 3110 eloquentissimus
894 3024 1069 3086 Scaevola.

233 3144 313 3208 ibid.
332 3169 364 3208 c.
381 3148 434 3209 10.
479 3149 628 3211 Crassus
650 3157 728 3208 erat
748 3143 959 3226 elegantium
974 3141 1214 3226 parcissimus,

170 3251 335 3313 Scaevola
346 3270 537 3332 parcorum
557 3247 848 3332 elegantissimus.
866 3249 1017 3311 Crassus
1032 3245 1067 3308 in
1080 3267 1217 3309 surnma

169 3351 332 3415 comitate
364 3352 508 3415 babebat
535 3352 640 3414 etiam
672 3349 867 3414 seueritatis
894 3348 1005 3424 sutis,
1032 3351 1217 3413 Scaeuolae

173 3456 282 3516 multa
304 3454 340 3516 in
366 3455 547 3518 seueritate
571 3475 639 3519 666
666 3455 785 3520 deerat
807 3465 922 3516 tamen
945 3451 1099 3515 comitas.

233 3573 313 3637 ibid.
338 3575 391 3637 11.
436 3573 619 3640 Scaeuolae
648 3575 784 3638 dicendi
816 3573 1026 3656 elegantiam
1057 3572 1144 3636 satis
1170 3595 1216 3635 ex

170 3675 214 3738 iis
234 3677 461 3753 orationibus,
485 3699 573 3761 quas
596 3678 747 3762 reliquit,
773 3675 938 3738 habemus
960 3674 1149 3758 cognitam.

234 3797 378 3862 Velleius
401 3801 437 3875 2,
461 3800 490 3863 9.
534 3799 667 3864 Eodem
689 3811 803 3862 tractu
825 3809 1019 3880 temporum
1039 3797 1216 3861 nituerunt

169 3911 330 3964 oratores
351 3903 468 3987 Scipio
496 3902 712 3966 Aemilianus
740 3900 965 3984 Laeliusque,
993 3902 1069 3964 Ser.
1091 3898 1212 3972 Galba,

168 4001 238 4066 duo
252 4003 418 4080 Gracchi,
444 4007 482 4069 0.
506 4003 668 4078 Fannius,
693 4003 805 4068 Carbo
827 4002 1001 4084 Papirius,
1028 4021 1087 4061 nec
1111 4018 1212 4079 prae-

166 4107 356 4170 tereundus
381 4108 543 4172 Metellus
570 4105 779 4170 Numidicus
813 4115 846 4167 et
876 4107 1047 4174 Scaurus,
1078 4110 1213 4162 stante

167 4227 286 4272 omnes
313 4212 357 4273 L.
386 4212 536 4274 Crassus
558 4217 591 4268 et
616 4209 672 4270 M.
700 4207 886 4272 Antonius.
922 4206 1080 4286 Quorum
1106 4202 1214 4265 aetati

167 4310 385 4396 ingeniisque
402 4328 595 4373 successere
611 4311 649 4373 0.
666 4311 796 4373 Caesar
809 4306 947 4380 Strabo,
966 4305 1004 4368 P.
1025 4304 1212 4388 Sulpicius.
