2992 4840
247 392 307 455 908

248 563 305 614 tua
326 561 428 633 utque
453 547 576 622 victus,
609 544 868 629 perdidicimus.
918 544 1046 620 Verba,
1072 567 1160 628 quae
1185 567 1292 630 appo·

248 652 399 726 suimus,
427 649 635 714 Favorini
661 651 743 711 baec
765 658 854 711 sunt.

312 751 442 834 Duplex
462 764 509 816 est
535 748 696 834 quaestio,
722 771 800 824 una,
825 746 896 832 quis
921 758 968 810 est
992 747 1190 825 Favorinus,
1218 771 1292 813 ora·

248 867 301 921 tor
324 859 437 918 vetus?
467 853 584 929 altera,
619 873 700 937 quae
734 863 780 914 est
806 850 860 912 lex
884 848 1011 912 Licinia
1039 853 1077 912 de
1105 863 1208 914 sumtu
1234 849 1293 912 mi·

247 959 372 1022 ruendo
399 957 589 1040 quandoque
613 953 697 1016 lata?

313 1056 447 1122 Oratori
475 1055 553 1119 nulli
572 1077 705 1119 romano
730 1075 845 1119 nomen
871 1065 917 1116 est
942 1053 1119 1116 Favorini:
1151 1053 1184 1116 id
1209 1053 1291 1117 enim

249 1181 364 1224 nomen
402 1157 532 1220 latinum
566 1177 629 1220 nou
665 1169 724 1220 est.
786 1155 890 1238 lgitur
925 1155 1009 1217 aliud
1046 1176 1162 1218 nornen
1196 1177 1292 1240 quae-

248 1263 379 1325 rendum
407 1271 439 1322 et
467 1279 508 1321 ex
538 1257 644 1320 uerbis
675 1255 773 1320 Gellii
801 1256 1045 1336 explorandum.
1091 1257 1160 1318 Nec
1188 1256 1292 1320 credi·

248 1362 368 1438 derim,
399 1359 537 1423 Gellium
562 1359 664 1441 ipsum
691 1370 754 1421 tam
778 1357 927 1422 stolidum
954 1356 1070 1432 fuisse,
1095 1370 1128 1419 ut
1153 1358 1292 1422 Favori-

248 1487 321 1528 num
346 1474 486 1526 veterem
510 1473 672 1525 oratorem
696 1461 825 1523 latinum
850 1471 989 1541 putaret.
1020 1459 1184 1523 Falsterus
1205 1461 1293 1524 solus

248 1568 280 1630 iu
296 1565 470 1631 Memoriis
489 1587 523 1646 p.
543 1564 583 1624 54
602 1563 681 1625 nihil
704 1565 883 1624 mutandum
905 1583 989 1636 esse,
1013 1561 1143 1624 scribit:
1169 1567 1294 1642 „Favo-

249 1670 346 1732 rinus
379 1678 501 1730 orator
533 1685 718 1739 romanus,
753 1664 851 1726 cuius
885 1663 1011 1726 aetatis
1044 1665 1168 1727 nescio.
1218 1667 1295 1747 Ego

247 1781 387 1854 praeter
409 1767 647 1832 necessitatem
670 1787 692 1828 a
714 1765 887 1829 codicibus
912 1765 1051 1828 minime
1070 1765 1295 1828 recedendum

249 1895 323 1935 esse
348 1870 523 1943 arbitror,
556 1867 770 1930 retinendum
801 1890 882 1931 vero
916 1888 1038 1930 nomen
1069 1867 1292 1942 Favorini,

249 1973 342 2058 quod
363 1982 441 2054 post
466 1981 624 2033 nostrum
647 1982 863 2051 usurparunt
884 1969 1039 2032 Fauori
1047 1990 1129 2032 nus
1155 1959 1321 2051 peripa?

250 2075 373 2138 reticita
399 2073 494 2153 oprud
522 2074 613 2135 Plut.
636 2075 798 2156 Sympos.
826 2075 908 2137 VII.
934 2075 973 2132 to
998 2084 1031 2134 et
1055 2071 1295 2134 Favorinus

250 2176 447 2241 Platonicus
469 2173 580 2256 (apud
599 2173 762 2249 Suidam,
787 2174 935 2237 Gellium
957 2173 1137 2256 aliosque).

314 2261 469 2342 Pithoeus
487 2273 627 2358 corrigit
645 2275 814 2353 Fannius,
837 2274 1025 2357 praesertim
1049 2297 1119 2337 cum
1142 2277 1195 2337 lex
1211 2274 1296 2337 Fan·

250 2380 302 2442 uia
327 2377 514 2453 sumtuaria,
545 2398 575 2438 a.
599 2377 661 2442 593
687 2378 777 2456 (161)
798 2380 876 2453 lata,
900 2376 941 2440 sit
963 2375 1140 2440 notissima.
1172 2376 1296 2441 Gellius

251 2483 289 2558 2,
314 2483 366 2543 tt.

313 2583 380 2645 Iac.
412 2581 600 2648 Gronovius
627 2585 667 2646 P.
691 2584 915 2666 Augurinum
945 2604 1007 2664 pro
1035 2581 1202 2646 Favorino
1227 2602 1295 2646 esse

250 2687 415 2769 legendum
439 2684 523 2748 dicit.

313 2785 419 2847 Micb.
445 2785 630 2871 Virdungus
657 2789 710 2866 (ad
731 2787 924 2869 Agricolam
946 2786 1066 2866 Taciti)
1086 2786 1199 2848 tribuit
1223 2807 1295 2850 ora-

250 2888 368 2950 tionem
388 2888 548 2952 Favonio.
587 2887 692 2972 Eique
715 2888 860 2970 opinioni
881 2887 913 2951 in
934 2888 1074 2951 editione
1094 2887 1203 2968 priore
1228 2910 1295 2949 sum

251 3009 405 3064 assensus,
425 3011 495 3051 cum
511 2989 698 3066 arbitrarer,
716 2991 768 3053 M.
785 2991 962 3053 Favonium
979 3013 1008 3053 a.
1027 2989 1087 3054 699
1107 2991 1176 3069 (55)
1192 2989 1296 3072 legem

250 3089 477 3166 sumtuariam,
510 3113 528 3152 a
555 3093 608 3154 M.
636 3091 765 3155 Licinio
798 3091 916 3156 Crasso
955 3105 986 3155 et
1016 3090 1175 3172 Pompeio
1210 3112 1295 3154 coss.

251 3193 485 3275 promulgatam
516 3195 588 3273 (nec
613 3205 716 3258 tamen
738 3194 911 3276 perlatam,
944 3207 977 3256 ut
1006 3216 1046 3256 ex
1072 3193 1177 3256 Dione
1203 3191 1294 3256 Cass.

251 3295 311 3369 39,
336 3295 374 3355 37
402 3299 549 3376 apparet)
571 3294 718 3358 suasisse.
764 3299 827 3359 Sed
846 3318 882 3359 ea
902 3295 1033 3377 opinio,
1058 3297 1297 3378 quaeWester·

253 3417 365 3459 rnanno
388 3417 515 3480 quoque
538 3419 572 3478 p.
590 3398 651 3459 218
671 3399 835 3479 placebat,
864 3397 1048 3462 coniectura
1071 3409 1210 3473 tantum,
1234 3416 1297 3458 uon

252 3497 441 3560 auctoritate
469 3511 501 3561 et
527 3499 708 3563 testimonio
740 3499 933 3582 scriptorum
963 3499 1092 3575 nititur,
1117 3510 1148 3561 et
1171 3521 1187 3560 a
1211 3499 1298 3561 Dru·

254 3620 367 3662 {nanno
392 3602 513 3662 Gesch.
536 3603 639 3664 Rome
661 3614 685 3664 t.
704 3605 735 3665 3.
757 3626 791 3684 p.
810 3603 851 3664 34
874 3614 967 3687 atque
990 3625 1007 3664 a
1030 3601 1163 3663 Baitero
1188 3599 1220 3662 in
1244 3599 1298 3661 In-

251 3700 320 3763 dice
349 3703 474 3785 Legum
501 3724 536 3783 p.
561 3704 622 3765 276
652 3726 715 3768 non
745 3705 811 3767 sine
840 3727 931 3766 causa
965 3701 1165 3785 repudiatur,
1197 3723 1298 3782 prop-

252 3812 337 3864 terca
368 3806 455 3887 quod
485 3804 538 3866 isti
571 3806 717 3868 consules
750 3807 852 3888 legem
884 3829 968 3867 snam
1010 3804 1072 3886 ipsi
1109 3801 1296 3878 abiecerint,

254 3907 351 3964 verba
379 3918 481 3966 autem
507 3905 605 3968 Gellii
631 3919 662 3969 et
689 3908 855 3970 Macrobii
880 3921 910 3970 et
938 3909 1026 3971 Festi
1054 3905 1236 3970 necessario
1262 3907 1300 3965 ad

254 4003 355 4087 legem
378 4008 531 4086 perlatam
552 4009 720 4072 referenda
747 4009 818 4074 sint.

316 4106 430 4169 Altera
449 4107 548 4190 igitur
568 4109 712 4192 quaestio
738 4121 803 4172 est:
830 4125 976 4194 quaeest
999 4115 1052 4176 lex
1068 4111 1193 4176 Licinia
1215 4130 1300 4172 sum·

254 4206 382 4270 tuaria?
439 4211 573 4272 Licinia
602 4214 681 4288 lex,
711 4211 812 4295 inquit
837 4214 1029 4276 Macrobius
1059 4217 1126 4277 Sat.
1158 4215 1195 4289 2,
1229 4211 1299 4282 ts,

255 4311 326 4368 lato
350 4321 399 4370 est
421 4333 443 4370 α
466 4316 504 4373 Ρ.
523 4313 654 4375 Licinio
680 4317 807 4377 Crasso
832 4315 958 4376 Divite.
