2992 4844
249 367 309 428 352

251 537 375 587 senatu
398 537 582 589 accusatus
609 524 789 587 obmutuit.
836 521 946 586 Nabis
969 519 1107 601 priuata
1137 516 1172 577 in
1193 535 1299 578 caiisa

252 647 381 708 magno
406 640 438 689 et
464 628 584 710 graui,
612 647 690 688 cum
717 625 882 706 coepisset
909 623 1011 686 Curio
1035 631 1136 702 pater
1158 637 1298 699 respon·

252 728 344 801 dere,
366 729 480 790 subito
499 729 641 805 assedit,
665 749 742 790 cum
766 725 830 788 sibi
851 724 987 787 uenenis
1002 733 1155 804 ereptam
1175 741 1301 799 memo·

252 830 341 891 riam
366 829 507 893 diceret.

449 970 479 1026 8.
518 968 617 1026 Oratio
638 970 668 1025 in
691 969 744 1026 Cn.
766 969 932 1040 Pompeium
953 966 1100 1036 Magnum.

315 1082 361 1142 Ea
389 1080 494 1144 oratio
517 1081 548 1143 in
576 1077 700 1156 senatu,
725 1081 858 1164 opinor,
885 1077 992 1140 hahita
1016 1101 1045 1140 a.
1073 1075 1134 1140 695
1160 1077 1241 1152 (59).

316 1183 484 1245 Suetonius
500 1184 531 1244 in
545 1181 683 1246 Caesare
700 1206 730 1246 c.
744 1185 797 1246 50.
811 1185 989 1246 Caesarem
998 1201 1147 1262 pronum
1159 1191 1191 1240 et
1207 1201 1299 1240 sum·

252 1297 390 1347 tuosum
405 1286 440 1346 in
457 1286 614 1348 libidines
623 1285 762 1376 fuisse,
784 1298 946 1348 constans
968 1283 1086 1365 opinio
1109 1294 1171 1357 est,
1187 1282 1298 1362 piuri-

252 1407 393 1470 maspue
427 1401 459 1449 et
494 1387 645 1450 illustres
675 1385 834 1476 feminas
862 1389 1077 1468 corrupisse,
1107 1385 1142 1446 in
1178 1385 1299 1466 picibus

251 1490 465 1552 Postumiam
480 1490 590 1552 Servii
606 1490 762 1571 Sulpicii,
778 1489 925 1552 Lolliam
945 1487 1028 1550 Auli
1045 1487 1194 1560 Gabinii,
1214 1490 1298 1549 Ter·

252 1592 372 1652 tullum
394 1595 444 1654 M.
460 1591 593 1666 Crassi,
618 1592 724 1653 etiam
749 1593 804 1654 Cn.
830 1590 985 1671 Pompeii
1005 1590 1174 1653 Muciam.
1204 1591 1298 1652 Nam

251 1703 340 1754 certe
363 1696 527 1775 Pompeia
551 1705 584 1756 et
614 1715 636 1754 a
667 1692 886 1765 Curionibus,
909 1702 1010 1772 patre
1040 1702 1071 1751 et
1087 1689 1195 1766 filio,
1218 1701 1251 1749 et
1277 1709 1300 1750 a

252 1795 370 1857 multis
391 1796 642 1876 exprobratum
665 1805 728 1864 est,
757 1792 861 1876 quod,
888 1793 985 1854 cuius
1008 1813 1115 1853 causa
1132 1802 1212 1872 post
1228 1801 1299 1853 tres

250 1896 375 1959 liberos
387 1897 568 1978 ,exegisset
587 1917 746 1969 uxorem,
765 1906 798 1957 et
820 1915 918 1976 quem
933 1913 1073 1976 gemens
1092 1894 1299 1975 Aegisthum

253 2001 429 2080 appellare
462 2009 675 2070 consuesset,
709 1997 784 2059 eius
818 2007 942 2076 pastea
971 1994 1093 2072 filiam
1124 1996 1299 2077 potentiae

252 2099 438 2181 cupiditate
459 2101 493 2162 in
517 2098 778 2163 matrimonium
802 2097 993 2178 recepisset.

287 2244 414 2304 Pompeio]
460 2246 551 2289 Caesar
575 2258 597 2287 a.
629 2240 677 2288 ⁶95
697 2237 759 2303 (59)
784 2243 868 2286 lutiam
895 2241 969 2287 filiam
991 2243 1108 2298 Pompeio
1132 2246 1154 2288 in
1174 2246 1298 2288 inatrimo·

323 2336 385 2378 nium
406 2333 479 2376 dedit.
517 2333 551 2374 Ea
567 2345 607 2374 res
628 2331 717 2375 multos
742 2330 894 2386 offendebat,
917 2331 1070 2386 Ciceronem,
1097 2331 1223 2386 Catonem,
1247 2333 1299 2377 Cu·

321 2423 414 2465 cionem
437 2425 529 2474 patrem
551 2423 575 2463 et
598 2416 682 2462 filium.
703 2419 825 2462 Druinann
851 2423 869 2462 t.
897 2416 920 2463 3.
944 2433 969 2474 p.
992 2416 1052 2464 203.

317 2530 503 2604 Goniiciunt
526 2536 673 2621 quidam,
697 2537 798 2600 eidem
828 2537 968 2601 orationi
987 2537 1209 2602 vindicandum
1230 2561 1297 2603 esse

254 2642 369 2704 dictum
392 2643 568 2722 quoddam,
590 2642 676 2723 quod
696 2643 779 2722 apud
801 2639 966 2702 Claudium
984 2641 1189 2706 Sacerdotem
1208 2665 1241 2725 p.
1258 2643 1298 2704 38

252 2744 303 2804 ed.
334 2741 484 2806 Endlich.
511 2752 616 2804 extat:
648 2746 714 2804 Per
741 2743 1001 2804 similitudinem
1028 2744 1156 2806 dietum
1187 2757 1238 2806 est
1258 2745 1298 2806 de

253 2845 427 2926 Pompeio,
443 2844 500 2926 qui
515 2845 641 2907 coloris
653 2857 727 2906 erat
742 2845 850 2920 rubei,
866 2846 927 2907 secl
937 2847 1045 2908 animi
1060 2847 1297 2909 inverecundi:

252 2969 351 3030 quem
374 2967 441 3009 non
463 2947 570 3027 pudet
592 2958 625 3008 et
640 2947 755 3021 rubet,
774 2959 907 3011 nonest
924 2950 1044 3023 homo,
1066 2949 1239 3030 sedropio
1256 2984 1294 2996 -

252 3049 353 3131 ropio
378 3041 493 3110 autem
519 3059 571 3110 est
593 3061 654 3110 aut
685 3049 828 3112 minium
856 3063 918 3112 aut
940 3051 1048 3132 piscis
1078 3051 1218 3128 robeus,
1235 3064 1296 3114 aut

249 3170 363 3231 penis.

485 3273 513 3328 9.
554 3272 653 3329 Oratio
671 3274 701 3328 in
723 3273 755 3331 C.
777 3275 880 3331 lulium
900 3272 1064 3330 Caesarem.

318 3382 421 3446 Curio
450 3382 599 3448 Caesaris
630 3385 848 3459 adversarius,
885 3405 954 3446 cum
982 3382 1058 3444 alias
1085 3393 1149 3443 tum
1181 3404 1208 3446 a.
1235 3385 1296 3447 695

252 3485 336 3562 (59),
362 3507 428 3571 quo
453 3507 535 3549 anno
563 3486 697 3550 Bibulus
722 3487 831 3551 consui
856 3507 872 3546 a
900 3483 1038 3548 Caesare
1059 3484 1183 3567 collega
1201 3487 1298 3548 vehe-

255 3600 375 3650 menter
404 3587 531 3651 irrideri
562 3589 703 3662 solebat,
737 3591 869 3651 acerbas
896 3585 1058 3650 orationes
1090 3599 1201 3651 contra
1226 3609 1295 3650 euni

257 3689 403 3752 habuisse
427 3689 564 3754 videtur.
729 3683 731 3686 ¹

321 3792 490 3856 Suetonius
507 3793 538 3854 iu
554 3791 693 3857 Caesare
706 3815 733 3861 c.
754 3792 806 3855 219.
839 3795 1022 3855 Praetereo
1030 3792 1297 3857 actionesDola·

255 3897 360 3957 bellae
375 3909 406 3959 et
424 3895 581 3959 Curionis
592 3895 717 3977 patris,
738 3895 773 3956 in
789 3894 910 3978 quibus
926 3897 1105 3958 Caesarem
1119 3898 1298 3959 Dolabella

251 3999 408 4077 pellicem
425 3997 582 4078 reginae,
601 3997 768 4078 spondam
791 3997 990 4061 interiorem
1011 3998 1129 4081 regiae
1144 4000 1294 4074 lecticae,

255 4109 287 4158 et
303 4099 409 4162 Curio
423 4099 594 4164 stabulum
611 4099 811 4164 Nicomedis
833 4112 865 4163 et
884 4101 1103 4185 Bithynicum
1112 4097 1299 4190 fornicem

256 4197 385 4260 dicunt.
1118 4198 1126 4204 ’

319 4297 403 4358 Ibid.
420 4321 450 4359 c.
469 4301 521 4363 52.
567 4307 618 4366 Ac
642 4325 683 4367 ne
703 4305 759 4368 cui
782 4305 922 4367 dubium
938 4305 993 4380 sit,
1015 4317 1048 4366 et
1064 4302 1298 4385 impudicitiae
