2984 4842
244 347 304 408 132

309 503 430 570 Cicero
448 508 486 568 ad
509 503 649 586 Appium
674 506 702 578 3,
731 508 782 578 11,
808 507 836 563 1.
883 505 1107 587 Respondebo
1123 505 1298 580 superiori

242 608 343 690 prins
351 631 363 680 ,·
374 608 410 670 in
422 629 490 691 qao
503 607 624 670 scribis
637 608 682 667 all
695 629 746 668 me
759 607 800 668 de
811 608 1025 670 absolutione
1036 607 1294 671 maiestatis.

279 804 307 860 3.
346 801 446 860 Oratio
467 819 519 874 pro
539 819 570 858 ss
590 804 627 858 ds
647 804 756 859 ambItu
777 806 876 859 contra
898 802 928 858 P.
954 802 1040 858 Corn.
1063 803 1254 860 Dolabellam.
1290 859 1294 878 ζ

311 932 417 998 Causa
444 946 490 997 cst
522 945 591 997 acta
621 957 651 997 a.
685 936 745 996 706
769 935 849 1012 (50).
878 933 1015 1015 Appius,
1038 938 1109 996 dum
1132 953 1296 996 censuram

246 1039 375 1118 petebat
406 1059 436 1099 a.
473 1039 534 1098 701
568 1038 654 1116 (60),
690 1041 728 1100 dc
757 1035 878 1099 ambitu
908 1039 948 1098 ab
983 1039 1093 1100 codem
1128 1037 1319 1099 Dolabella·

247 1161 320 1204 rsus
346 1140 530 1203 calfactus.
565 1141 743 1204 absolutus
763 1153 821 1202 cst.
847 1138 919 1204 Cic.
943 1143 983 1203 ad
1008 1138 1150 1222 Appium
1174 1140 1212 1219 0,
1245 1142 1296 1201 11.

392 1335 421 1392 l.
462 1336 561 1392 Oratio
581 1353 633 1407 pro
652 1352 684 1392 sa
704 1341 804 1392 contra
824 1337 864 1394 ll.
886 1336 1019 1394 Coelium
1039 1337 1154 1392 Italum.

312 1471 393 1530 Acta
418 1479 465 1530 cst
488 1490 581 1530 causa
608 1490 637 1530 a.
669 1469 729 1528 704
754 1469 834 1546 (50).

316 1569 447 1634 Coelius
477 1575 516 1632 ad
547 1570 742 1636 Ciceronem
776 1570 832 1640 lib.
865 1572 903 1647 8,
933 1571 984 1634 Ii.
1038 1575 1117 1654 Ego
1147 1571 1299 1653 Appium

252 1694 428 1739 censorem
454 1677 529 1756 lege
553 1675 730 1737 Scantinia
754 1675 940 1756 postulavi.
992 1677 1176 1738 Praeterea
1203 1675 1300 1756 coepi

251 1779 432 1849 sacellam,
459 1777 494 1838 in
517 1777 621 1838 domo
643 1777 735 1860 quod
756 1789 823 1846 est,
852 1777 895 1837 ab
920 1798 960 1839 eo
981 1788 1108 1858 petere.

316 2069 350 2128 ln
372 2065 450 2128 edit.
479 2065 587 2146 priore
612 2069 691 2128 duos
717 2086 848 2129 errores
870 2066 1027 2139 commisi,
1049 2087 1119 2128 cum
1138 2064 1299 2138 dixissem,

253 2170 292 2229 ab
323 2167 434 2249 Appio
457 2180 488 2230 et
510 2169 694 2232 Gabinium
722 2181 753 2230 et
780 2169 949 2234 Milonem
972 2191 1059 2231 rcum
1083 2167 1201 2232 sactum
1222 2189 1300 2230 csse.

252 2270 378 2351 Appius
403 2269 485 2332 enim
512 2269 543 2332 in
573 2283 682 2333 senatu
715 2271 746 2334 in
774 2271 946 2336 Gabinium
969 2271 1114 2333 invectus
1144 2282 1211 2348 cst,
1242 2290 1302 2332 nec

251 2386 355 2437 tamen
383 2395 453 2436 eum
485 2394 574 2435 rcum
604 2373 695 2448 lecit,
731 2395 789 2436 nec
823 2374 980 2437 Milonem
1010 2373 1202 2454 postulavit:
1236 2383 1302 2434 tum

251 2475 354 2552 enirn,
381 2498 451 2538 cum
478 2497 571 2538 causa
606 2476 740 2540 Milonis
766 2479 920 2560 agebatur
940 2471 976 2538 a.
1007 2475 1168 2559 76261),
1192 2475 1223 2538 in
1245 2473 1303 2539 Ci-

252 2577 324 2642 licia
351 2579 526 2660 proconsul
548 2590 633 2651 erat;
655 2579 797 2664 aliusque
820 2579 945 2660 Appius
967 2590 1079 2642 contra
1106 2602 1177 2642 eum
1202 2578 1299 2644 stetit.

567 2755 755 2812 LXXXVIII.
797 2755 825 2812 C.
847 2755 993 2815 Manilius.

318 2885 359 2951 C.
400 2887 554 2950 Manilius
591 2887 737 2948 tribunus
781 2887 885 2968 plebis
918 2911 947 2950 a.
992 2887 1053 2950 688
1097 2889 1164 2965 (66)
1200 2887 1304 2964 legem

136 2985 139 2990 ’
255 2990 493 3073 promulgavit,
523 3003 555 3084 ut
581 2989 697 3052 bellum
739 2989 994 3054 Mithridaticum
1022 2989 1113 3054 Gneo
1143 2987 1302 3070 Pompeio

255 3094 381 3172 Magno
403 3096 596 3155 traderetur.
623 3091 701 3160 Vid.
723 3094 889 3156 Drumann
909 3105 934 3156 t.
959 3095 989 3155 ll.
1014 3115 1046 3172 p.
1071 3095 1142 3157 lto.
1382 3171 1388 3180 Ι

318 3192 432 3254 Liuius
450 3194 537 3274 Epit.
554 3193 612 3255 lib.
637 3197 710 3257 100.
756 3200 794 3258 0.
823 3195 995 3258 Manilius
1021 3193 1307 3275 tribunusplebis

256 3314 385 3376 magna
406 3295 646 3376 indignatione
675 3297 864 3357 nobilitatis
890 3298 1000 3374 legem
1022 3294 1118 3366 tulit,
1144 3306 1183 3354 ut
1206 3299 1306 3357 Pom-

252 3396 333 3479 peio
355 3395 636 3459 Mithridaticam
663 3396 788 3457 bellum
814 3394 1053 3458 mandaretur.
1082 3395 1208 3458 Gonoio
1231 3395 1307 3458 eius

256 3499 358 3561 bona.

291 3644 377 3687 concio
397 3643 452 3687 eius
471 3639 547 3700 bono]
585 3644 666 3686 nescio
685 3658 713 3687 an
734 3643 770 3686 his
791 3643 872 3687 verbis
895 3643 1028 3703 indicetur,
1047 3643 1181 3686 orationem
1201 3644 1229 3687 C.
1254 3645 1306 3686 Ma·

326 3732 377 3775 nllii
407 3736 489 3776 extare
518 3745 616 3786 sarnqus
643 3746 697 3796 essa
724 3733 856 3790 egregiam.
887 3731 994 3776 Orellius
1025 3735 1104 3774 autern
1131 3732 1153 3774 ln
1177 3732 1306 3774 novissuna

327 3820 431 3864 editione
449 3819 616 3875 Epilomaruru
633 3819 695 3864 Livii
719 3827 798 3875 putat,
829 3819 970 3863 vocabulum
993 3819 1057 3863 bona
1081 3820 1110 3862 ab
1134 3819 1306 3874 interpolatore

328 3910 430 3954 inculcat
432 3921 558 3952 ssssssss

599 4053 758 4111 LXXXIX.
800 4055 831 4111 P.
855 4053 969 4112 Sestias.

321 4187 424 4248 Natus
446 4206 528 4248 anno
558 4184 689 4249 circiter
717 4186 779 4247 660
804 4184 885 4271 (96).
919 4186 1079 4266 Quaestor
1103 4184 1145 4249 C.
1170 4180 1308 4246 Antonii

259 4285 398 4347 consulis
420 4307 451 4348 a.
474 4289 533 4351 691
559 4289 640 4368 (63).
673 4289 897 4373 Proquacstor
924 4287 1035 4352 deinde
1057 4287 1088 4351 in
1113 4283 1308 4350 Macedonia
