2966 4842
1211 344 1268 410 191

226 503 364 587 quidem
398 499 492 584 apud
524 499 738 574 Ciceronem,
762 497 976 588 frequenter
1011 512 1126 565 tamen
1154 501 1270 584 apud

227 609 261 670 A
272 605 310 668 si
317 605 430 668 nium
451 602 554 668 etiam
575 613 608 665 et
630 613 773 676 ceteros,
789 602 856 684 ‚qui
878 612 957 664 sunt
975 602 1151 684 proximi,
1183 603 1269 667 uidi·

233 728 308 770 mus
329 705 445 780 Ennii,
470 705 577 779 Accii,
601 703 753 777 Pacuvii,
778 702 932 774 Lucilii,
947 704 1266 780 Terentii,Caecilii

226 821 258 871 et
279 809 427 873 aliorum
448 807 555 869 inseri
577 827 695 868 versus
717 827 853 868 summa
864 825 932 866 non
946 805 1152 882 eruditionis
1168 807 1270 870 mado

225 909 353 991 gratia,
377 909 438 972 sed
459 909 564 972 etiam
585 906 823 970 iucunditatis.
868 905 947 968 ibid.
972 907 1007 980 9,
1032 907 1062 980 1,
1088 905 1139 970 76.
1189 909 1269 971 Tri-

223 1011 322 1073 metri
344 1031 462 1074 uersus
485 1011 598 1072 minus
621 1022 701 1073 sunt
736 1007 920 1084 notabiles,
955 1008 1037 1092 quia
1068 1008 1131 1070 hoc
1158 1027 1270 1088 genus

222 1113 375 1176 sermoni
385 1113 592 1193 proximum
606 1123 669 1185 cst,
693 1111 808 1194 itaque
830 1093 863 1172 ei
885 1133 1004 1173 versus
1027 1109 1062 1171 tn·
1071 1106 1162 1196 fere
1175 1109 1270 1170 eaeci-

222 1215 327 1288 dunt,
359 1233 446 1295 quos
472 1215 602 1274 Brutus
635 1213 711 1292 ipso
743 1212 968 1292 componendi
1000 1211 1122 1274 ductus
1154 1209 1271 1272 studia

221 1312 423 1394 saepissime
444 1311 565 1402 facit,
589 1332 670 1375 non
703 1331 815 1374 raro
837 1311 1040 1386 Asinius,
1073 1312 1134 1374 sed
1165 1311 1269 1374 etiam

223 1415 344 1481 Cicero
365 1433 635 1496 nonnumquam.
737 1487 739 1491 ,

407 1571 434 1626 t.
457 1569 556 1626 Oratio
576 1571 716 1628 adversus
736 1569 769 1627 C.
791 1569 922 1625 Porcium
943 1569 1090 1626 Catonem.

287 1683 372 1746 Acta
395 1693 442 1745 est
465 1703 557 1744 causa
580 1703 610 1744 a.
637 1683 697 1742 700
720 1682 787 1758 (st)
810 1693 880 1742 aute
903 1679 983 1742 diem
1007 1681 1135 1744 tertium
1158 1683 1269 1746 Nonas

224 1783 393 1872 Quintiles.
416 1786 649 1867 Argumentum
678 1794 750 1864 pete
773 1803 815 1844 cx
847 1783 994 1845 oratione
1018 1781 1111 1845 Calvi
1140 1805 1201 1865 pro
1227 1785 1268 1849 C.

158 1909 162 1915 ·
225 1886 348 1951 Catone
370 1909 401 1972 p.
425 1888 498 1955 478.
803 1967 805 1972 Ι

285 1988 372 2058 Dial.
397 1991 435 2049 de
459 1987 656 2051 Oratoribus
679 1987 731 2048 31.
756 1988 862 2050 Nono
884 1986 1014 2049 decimo
1035 1989 1162 2050 aetatis
1177 2010 1269 2052 anuo

224 2094 266 2153 1..
290 2091 495 2153 Crassus.C.
509 2091 711 2162 Carbonem,
736 2109 806 2150 uno
827 2099 860 2174 ct
882 2089 1041 2151 vicesimo
1054 2092 1183 2153 Caesar
1198 2093 1268 2153 Do-

223 2192 391 2263 labellam,
417 2191 558 2252 altero
580 2201 618 2252 et
639 2190 840 2252 vicesimo
863 2190 1045 2252 Asinius
1067 2191 1212 2253 Pollio
1227 2195 1266 2256 C.

224 2293 443 2365 Catonem,
467 2311 535 2353 non
557 2295 665 2354 multo
687 2303 799 2353 aetate
829 2291 1029 2353 antecedens
1052 2294 1174 2355 Calvus
1199 2296 1269 2356 Va·

226 2393 352 2454 tinium
373 2392 417 2454 iis
440 2393 653 2456 orationibus
683 2393 828 2456 insecuti
857 2405 953 2466 sunt,
988 2414 1074 2476 quas
1103 2393 1269 2481 hodieque

223 2515 300 2554 cum
322 2493 551 2556 admiratione
574 2495 731 2578 legimus.
856 2499 857 2502 ’

289 2594 423 2676 Quintil.
438 2596 490 2672 12,
508 2600 539 2672 6,
561 2600 590 2659 1.
636 2600 768 2672 Caluus,
792 2601 932 2671 Caesar,
958 2599 1053 2660 Poll
1061 2597 1073 2658 i
1081 2618 1102 2658 o
1124 2599 1269 2660 multum

222 2709 301 2760 ante
324 2699 558 2781 quaestoriam
593 2721 709 2762 omnes
731 2711 879 2761 aetatem
900 2698 1107 2781 grauissima
1139 2699 1269 2762 iudicia

222 2812 457 2881 susceperunt.

485 2957 512 3012 2.
536 2956 635 3013 Oratio
655 2973 707 3028 pro
729 2960 760 3014 L.
783 2956 866 3012 Aelio
888 2957 997 3014 Lamia.

285 3087 377 3150 Haec
400 3087 505 3151 oratio
529 3087 611 3149 dicta
633 3089 716 3168 apud
738 3085 926 3149 triumviros
950 3107 1031 3150 anno
1054 3085 1183 3150 circiter
1207 3091 1267 3151 712

223 3189 302 3266 (di),
326 3211 389 3254 non
413 3191 541 3251 multum
566 3201 638 3270 post
662 3201 794 3254 mortem
819 3187 1006 3262 Ciceronis,
1030 3201 1063 3251 ut
1086 3211 1125 3253 ex
1149 3211 1187 3253 eo
1211 3212 1266 3272 ap-

222 3302 324 3371 paret,
348 3294 433 3375 qnod
457 3293 578 3353 Seneca
600 3291 740 3355 tradidit.
785 3293 827 3353 L.
853 3291 964 3354 Aelius
983 3291 1104 3364 Lamia,
1131 3290 1267 3356 Cicero-

221 3391 271 3454 nis
292 3391 476 3464 familiaris,
501 3415 530 3456 a.
555 3395 614 3454 711
639 3395 718 3472 (dd),
749 3415 814 3478 quo
838 3393 958 3457 Cicero
990 3393 1267 3474 proscribebatur,

221 3506 402 3573 praeturam
427 3494 538 3576 gessit.
585 3493 655 3559 Cic.
678 3499 717 3556 ad
738 3493 835 3563 famil.
858 3497 921 3571 XI,
947 3497 1003 3571 16,
1031 3500 1079 3564 17.
1125 3496 1267 3560 Orellius

172 3629 174 3633 ,
222 3593 255 3654 in
279 3595 499 3658 Onomastico.

288 3729 407 3790 Seneca
422 3727 571 3791 Suasoris
588 3730 647 3792 VI.
673 3729 903 3793 Deliberat
927 3733 1096 3810 Cicero,
1122 3758 1173 3798 an
1187 3741 1266 3800 An·

223 3829 389 3897 torrium
412 3830 687 3910 deprecetur.
705 3850 737 3910 p.
753 3830 805 3890 41.
829 3832 976 3914 Quando
998 3835 1033 3894 in
1046 3838 1267 3900 hancsuaso-

222 3931 313 4000 riam
335 3931 530 4007 incidimus,
553 3952 620 3994 non
643 3933 794 3997 alienum
808 3942 894 4012 puto
909 3932 1073 4006 indicare,
1097 3938 1268 4018 quomodo

221 4033 363 4117 quisque
385 4054 421 4095 se
443 4052 490 4093 ex
511 4032 684 4095 historicis
706 4033 868 4095 adversus
882 4033 1082 4096 memoriam
1093 4035 1267 4099 Ciceronis

223 4135 383 4218 gesserit.
405 4136 499 4200 Nam
512 4133 592 4217 quin
612 4135 730 4197 Cicero
743 4157 802 4197 nec
825 4145 896 4196 tam
918 4134 1059 4197 timidus
1069 4135 1205 4226 fuerit,
1229 4150 1268 4200 ut

222 4250 365 4321 rogaret
375 4237 578 4312 Antonium,
603 4257 662 4298 nec
684 4248 755 4304 tam
778 4239 916 4313 stultus,
942 4249 979 4300 ut
1000 4237 1146 4301 exorari
1164 4260 1267 4320 posse
