2966 4842
1148 369 1206 426 171

159 526 197 585 0.
228 522 349 586 Mario
370 518 431 589 cn.
457 523 609 586 Carbone
634 525 699 587 111.
725 541 814 582 coss.
844 544 877 582 a.
907 523 939 582 d.
972 525 1012 585 V.
1038 525 1119 586 Kal.
1149 526 1206 585 lu·

159 626 235 688 nias
260 627 312 690 Μ.
337 625 473 687 Caelius
490 622 608 712 Rufru
635 633 668 687 et
689 627 726 688 0.
746 618 911 686 'Licinius
932 623 1055 687 Calvus
1083 624 1205 686 eadem

160 728 214 789 die
236 727 347 810 geniti
370 737 469 799 sunt,
502 738 661 789 oratores
688 725 823 808 quidem
855 726 975 798 ambo,
1004 725 1065 786 sed
1090 719 1205 788 tamen

162 829 297 910 dispari
322 839 453 890 eventu.
496 827 546 890 De
579 826 819 911 magistratibus
853 824 919 889 eius
953 825 1031 888 nihil
1065 837 1206 890 constat:

158 950 228 991 nam
263 941 383 991 matius
417 941 561 992 mortuus
591 942 656 1005 est,
687 929 719 990 id
753 940 816 1001 est,
852 948 933 990 anno
965 930 1025 990 707
1056 929 1141 1006 (47),
1173 939 1206 989 ut

159 1030 288 1092 Ellendt
303 1053 337 1110 p.
349 1029 480 1095 CXIX.
504 1041 535 1093 et
548 1031 679 1094 Clinton
697 1029 728 1092 in
749 1030 852 1092 Fastis
875 1034 913 1093 ad
929 1051 1042 1091 annum
1061 1029 1121 1091 708
1137 1028 1206 1111 [16]

156 1131 319 1208 scribunt,
344 1135 394 1196 vel
424 1154 454 1194 a.
481 1134 540 1194 tot
563 1134 652 1212 (18),
682 1144 716 1195 ut
740 1132 908 1195 Wsichert
931 1130 1089 1194 existimat
1113 1133 1205 1198 Post.

157 1235 213 1295 lat.
239 1235 309 1302 Rel.
332 1256 409 1318 pag.
435 1235 508 1297 108.

220 1334 340 1399 Cicero
364 1335 477 1398 scribit
499 1339 536 1397 ad
562 1336 762 1399 Trebonium
788 1357 817 1398 s.
844 1339 900 1397 707
925 1338 992 1412 (17)
1016 1334 1038 1395 l.
1065 1336 1124 1408 15,
1150 1336 1202 1397 21.

156 1440 239 1502 Illas
272 1440 376 1504 Calvo
405 1438 525 1500 literas
556 1437 650 1510 misi,
682 1458 750 1500 uon
777 1442 857 1519 plus
883 1459 985 1521 quam
1010 1440 1092 1511 has,
1118 1459 1205 1520 quas

157 1560 246 1601 nunc
258 1541 358 1622 legis,
373 1539 579 1602 existimans
590 1541 760 1602 exituras.
782 1539 894 1602 Aliter
909 1541 999 1602 enim
1010 1539 1203 1615 scribimus,

156 1642 250 1725 quod
264 1663 322 1704 eos
337 1645 445 1716 solos,
471 1642 593 1724 quibus
617 1641 802 1712 mittimus,
828 1642 941 1714 aliter,
966 1642 1058 1724 quod
1080 1644 1206 1703 multas

155 1747 306 1806 lecturos
324 1756 501 1825 putamus.
542 1743 677 1806 Deinde
705 1743 883 1825 ingenium
909 1742 982 1805 eius
1008 1742 1205 1804 melioribus

156 1846 269 1908 extuli
293 1847 472 1921 laudibus,
500 1867 604 1929 quam
629 1858 668 1908 tu
694 1846 731 1907 id
754 1867 830 1907 cere
856 1845 1012 1926 potuisse
1029 1843 1121 1920 fieri
1141 1865 1205 1926 pu-

155 1959 220 2012 tas.
248 1947 402 2011 Primum
428 1949 537 2032 (quod
561 1949 611 2010 ita
632 1948 845 2028 iudicabam)
867 1959 965 2008 acute
990 1947 1200 2020 mouebatur,

154 2071 264 2132 genus
298 2050 471 2132 quoddam
496 2051 721 2133 sequebatur,
757 2050 792 2110 in
828 2070 895 2133 quo
922 2048 1050 2110 iudicio
1072 2051 1202 2128 lapsus,

154 2174 222 2236 quo
257 2152 405 2226 calebat,
444 2163 558 2214 tamen
595 2154 861 2235 assequebatur,
906 2149 998 2233 quod
1025 2149 1202 2230 probaret.

155 2257 292 2318 Multae
327 2265 427 2314 erant
461 2265 493 2315 et
529 2254 726 2316 reconditae
757 2255 915 2324 litterae,
951 2251 998 2315 cis
1023 2269 1091 2312 non
1114 2263 1202 2312 erat.

155 2356 212 2419 Ad
234 2376 309 2417 eam
332 2355 444 2438 igitur
472 2357 697 2418 adhortabar.
751 2359 792 2420 In
817 2353 1004 2416 excitando
1028 2363 1146 2414 autem
1170 2365 1203 2416 et

154 2458 309 2520 acuendo
321 2457 511 2538 plurimum
537 2460 636 2530 calet,
664 2457 695 2518 si
722 2457 856 2519 laudes,
871 2477 949 2518 eum
967 2475 1068 2537 quem
1082 2456 1202 2517 cohor·

154 2573 238 2622 tere.
283 2560 398 2624 Habes
424 2560 465 2622 de
491 2563 595 2624 Caluo
623 2559 790 2621 iudicium
813 2571 846 2622 et
871 2556 1050 2621 consilium
1073 2577 1203 2627 meums

153 2663 354 2737 consilium,
382 2663 474 2745 quod
503 2661 667 2724 bor-tandi
697 2681 805 2723 causa
838 2658 997 2730 laudavi,·
1022 2656 1200 2733 iudicium,

152 2766 246 2848 quod
267 2766 308 2828 de
331 2764 471 2847 ingenio
495 2764 567 2828 eius
589 2763 685 2826 valde
709 2763 909 2826 existimavi
931 2763 1025 2825 bene.

218 2865 338 2931 Cicero
355 2867 459 2930 Bruto
481 2888 511 2928 c.
538 2865 590 2928 81.
635 2857 805 2929 Facienda
832 2865 959 2927 mentio
985 2875 1037 2926 est
1053 2863 1202 2926 duorum

152 2970 431 3042 adolescentium,
453 2967 512 3052 qui
524 2967 555 3029 si
571 2967 703 3030 diutius
718 2967 897 3041 vixissent,
916 2985 1079 3048 magnam
1090 2976 1201 3028 essent

154 3073 368 3155 eloquentiae
394 3071 531 3133 laudem
562 3069 749 3132 consecuti.
775 3103 813 3114 -
839 3071 877 3132 0.
902 3063 1087 3132 Curionem
1110 3077 1143 3128 te
1168 3079 1202 3129 et

153 3177 191 3238 0.
215 3174 387 3237 Licinium
411 3176 552 3238 Calvum
570 3170 730 3236 arbitror
761 3171 884 3235 dicere.
913 3203 950 3218 -··
974 3172 1097 3234 Calvus
1120 3190 1200 3232 ora-

152 3287 209 3338 tor
231 3273 317 3366 fuit
349 3288 422 3338 tum
458 3275 583 3338 litteris
616 3276 786 3338 eruditior
831 3294 935 3358 quam
967 3272 1094 3344 cario,
1127 3284 1202 3335 tum

154 3379 257 3442 etiam
272 3380 470 3442 accuratius
490 3377 665 3463 quoddam
687 3377 822 3441 dicendi
842 3388 875 3438 et
890 3374 1099 3460 exquisitius
1114 3374 1200 3462 affe-

153 3481 248 3542 rebat
273 3501 402 3564 genus:
425 3482 518 3564 quod
548 3501 756 3564 qua-mquam
785 3479 932 3542 scienter
959 3481 1200 3561 eleganterque

152 3582 341 3658 tractabat,
368 3582 513 3644 nimium
535 3595 648 3644 tamen
674 3583 851 3665 inquirens
875 3582 911 3643 in
938 3601 974 3643 se
1003 3591 1105 3663 atque
1127 3579 1200 3660 ipse

145 3679 226 3742 'sese
261 3682 466 3757 observans,
500 3694 719 3764 metuensque
752 3703 794 3745 ne
820 3683 980 3745 vitiosum
1009 3681 1197 3763 colligeret,

152 3780 258 3842 etiam
298 3803 417 3844 verum
446 3783 653 3866 sanguinem
691 3785 909 3865 deperdebat.
975 3788 1095 3866 Itaque
1125 3783 1200 3844 eius

152 3880 285 3958 oratio,
317 3883 426 3945 nimia
451 3884 618 3967 religione
644 3898 841 3960 attenuata,
876 3885 985 3948 doctis
1011 3896 1046 3946 et
1070 3893 1198 3944 attente

152 3984 370 4046 audientibus
398 3999 474 4048 erat
503 3987 669 4061 illustris,
694 4009 718 4048 a
742 3987 960 4050 multitudine
981 3995 1098 4046 autem
1118 3993 1152 4044 et
1176 4003 1199 4044 a

140 4083 250 4175 foro,
275 4086 332 4150 cui
356 4098 441 4149 nata
461 4086 656 4170 eloquentia
675 4100 744 4164 est,
770 4087 1011 4150 decorabatur.
1042 4083 1198 4145 Atticum

152 4211 187 4252 se
209 4191 334 4276 Calvus
355 4188 424 4252 dici
449 4201 626 4254 oratorem
650 4189 801 4260 voleban-
824 4187 904 4250 inde
929 4196 1006 4248 erat
1031 4183 1102 4246 ista
1121 4185 1196 4248 exi·

152 4293 239 4366 titas,
266 4313 370 4377 quam
391 4290 447 4354 ille
475 4291 515 4355 de
537 4287 712 4353 industria
736 4288 1018 4370 consequebatur.
