2976 4844
1149 419 1209 481 101

153 564 255 628 nihili
288 565 347 640 sit,
383 565 445 650 qui
471 567 700 632 venumdatus
738 571 781 634 ob
813 572 957 658 aliquod
989 573 1111 638 vitium
1143 593 1209 646 aut

154 671 383 758 malejactum
393 690 416 730 a
425 668 635 734 distr-actore
646 673 848 756 recipiatur.
879 676 948 740 Sed
961 697 1044 740 uera
1054 680 1137 740 haec
1152 689 1206 742 est

155 773 231 837 eius
257 771 407 834 nominis
433 771 693 855 interpretatio,
726 797 827 860 quem
857 777 893 840 in
926 778 1011 841 data
1038 779 1119 844 dote
1146 791 1211 842 aut

155 875 343 940 donatione
364 874 442 959 quis
463 877 649 960 exceperit,
675 879 769 963 qnod
790 892 841 942 est
857 881 1003 964 proprie
1025 882 1207 965 receperit.

156 982 279 1044 Galo:
301 978 468 1042 Mulier
485 991 524 1041 et
545 1001 744 1063 magnam
771 982 911 1046 dotem
935 983 1011 1046 dat
1033 995 1074 1048 et
1097 1005 1210 1066 mag·

155 1103 253 1144 nam
277 1081 506 1162 pecuniam
533 1083 702 1146 retinet
727 1096 759 1147 et
785 1097 892 1148 cetera
916 1107 997 1170 quac
1023 1090 1108 1169 apud
1131 1087 1211 1150 Gel-

155 1183 231 1246 lium
258 1193 449 1268 sequuntur.
526 1183 529 1188 ’

191 1327 302 1388 Nonius]
340 1329 433 1374 Nonius
453 1330 525 1375 Gellii
545 1331 730 1386 explicationem
752 1331 863 1376 vocabuli
885 1338 951 1378 reete
970 1333 1122 1389 approbarit.

223 1448 346 1512 Gellius
363 1450 392 1526 7,
409 1450 464 1512 13.
499 1449 644 1514 Classici
669 1449 870 1512 dicebantur
897 1472 967 1515 non
993 1472 1123 1528 omnes,
1153 1453 1214 1538 qui

159 1553 194 1615 in
216 1553 384 1615 classibus
410 1564 521 1627 erant,
547 1553 609 1616 sed
626 1553 764 1635 primae
790 1563 926 1615 tantum
952 1555 1074 1620 classis
1095 1554 1206 1618 homi·

159 1677 230 1730 nes,
254 1655 313 1740 qui
338 1668 474 1718 centum
497 1667 530 1718 et
556 1654 683 1740 viginti
709 1643 858 1740 ¹quinque
884 1655 994 1720 millia
1021 1656 1116 1720 aeris
1137 1679 1213 1720 am·

158 1758 291 1840 pliusce
309 1758 402 1820 censi
416 1769 528 1820 erant.
565 1755 674 1848 Infra
694 1760 839 1822 classem
854 1771 971 1822 antem
991 1761 1212 1842 appellaban-

160 1874 221 1923 tur
242 1861 412 1924 secundae
435 1859 557 1923 classis
579 1873 841 1944 ceterarumque
859 1861 1015 1925 omnium
1034 1863 1210 1935 classium,

160 1962 221 2048 qui
245 1962 378 2027 minore
403 1984 541 2026 summa
562 1963 678 2038 aeris,
702 1985 807 2048 quam
830 1984 939 2048 supra
968 1963 1069 2042 dixi,
1097 1987 1213 2028 cense-

160 2067 300 2128 bantur.
359 2068 435 2130 Hoc
469 2088 510 2129 eo
539 2065 689 2128 strictim
718 2065 856 2140 notavi,
894 2067 1059 2152 quoniam
1087 2067 1123 2129 in
1154 2069 1211 2132 M.

161 2168 305 2233 Catonis
324 2167 495 2242 oratione,
515 2189 585 2251 qua
608 2168 800 2233 Voconiam
817 2170 929 2252 legem
948 2168 1073 2244 suasit,
1091 2167 1214 2254 quaeri

161 2273 260 2347 solet,
285 2271 369 2356 quid
389 2271 436 2334 sit
461 2270 677 2333 classicus
709 2271 793 2354 quid
818 2269 946 2362 infra
972 2273 1168 2334 classem.

196 2415 313 2474 classici]
352 2417 417 2462 lianc
443 2422 536 2474 pectem
564 2417 625 2475 legis
651 2416 775 2460 Voconiae
806 2415 915 2460 Niebuhr
938 2417 968 2460 fl.
990 2417 1062 2461 Rom.
1092 2422 1110 2462 t.
1132 2416 1157 2462 1.
1185 2431 1212 2474 p.

233 2501 293 2550 459.
317 2511 337 2550 t.
360 2501 386 2552 3.
411 2519 435 2560 p.
455 2500 513 2549 llll.
538 2510 608 2562 alque
628 2504 763 2567 Boccllbius
788 2503 978 2564 Metrologisehe
997 2492 1213 2564 Untersucbungen

233 2606 258 2648 p.
284 2587 332 2637 430
352 2607 406 2651 sqq.
429 2594 562 2638 illustrant·

228 2710 361 2776 Servius
392 2710 425 2774 in
452 2710 589 2796 Virgilii
616 2711 702 2775 Acn.
737 2712 765 2787 1,
794 2711 868 2775 573.
921 2712 997 2776 Hoc
1019 2711 1148 2774 schema
1174 2713 1213 2775 de

164 2812 399 2900 antiquioribus
429 2825 591 2878 sumtum:
620 2812 664 2876 ait
690 2813 773 2899 cuitu
798 2817 885 2880 Cato
906 2813 943 2877 in
966 2815 1077 2898 legem
1103 2817 1214 2882 Voco-

163 2917 281 2980 niam:
305 2921 446 3001 Agrum
469 2939 570 3002 quem
596 2917 647 2981 uir
672 2917 784 2994 habet,
810 2917 958 2982 tollitur.

199 3063 227 3108 in
252 3063 334 3123 legem
360 3060 506 3122 Voconium]
550 3065 567 3108 i.
599 3077 622 3107 e.
649 3065 678 3108 dc
710 3065 761 3120 lege
787 3063 898 3108 Voconia
924 3063 961 3107 tel
991 3063 1015 3108 in
1044 3064 1154 3106 oratione
1182 3063 1210 3107 de

236 3153 288 3210 lege
314 3149 431 3196 Voconia.
469 3151 556 3196 Cicero
577 3153 600 3196 in
626 3151 700 3196 bruto
723 3165 745 3194 c.
770 3147 812 3205 lt,
838 3145 896 3194 164.
924 3151 971 3194 illc
992 3151 1020 3195 in
1043 3151 1126 3210 legem
1148 3148 1215 3194 Gae-

229 3239 319 3297 pionis
336 3240 423 3283 oratio
454 3241 471 3284 i.
496 3254 519 3284 e.
544 3240 584 3282 ille
605 3241 633 3284 ds
656 3241 710 3298 lege
733 3239 863 3294 Caepionis
888 3239 967 3282 oratio
992 3240 1043 3284 site
1066 3240 1144 3282 oratio
1167 3251 1213 3292 pro

234 3328 288 3388 lege
309 3328 421 3372 Servilia.
459 3339 480 3375 c.
501 3321 621 3382 43,160.
647 3333 719 3371 extat
734 3327 760 3370 in
778 3341 833 3370 enm
851 3327 935 3388 legem
953 3328 1048 3382 senior,
1073 3327 1153 3370 utile
1171 3325 1214 3369 di-

235 3427 308 3475 carn,
329 3429 404 3474 quam
425 3421 497 3460 actos
519 3416 565 3460 illc
582 3411 701 3474 serebat,
724 3415 824 3476 oratio,
848 3418 865 3459 i.
890 3429 912 3462 e.
935 3417 964 3458 tle
985 3427 1012 3459 ea
1035 3416 1096 3471 legs.
1135 3413 1214 3458 Aliter

234 3503 369 3549 Maiensins
396 3517 421 3559 p.
443 3501 493 3566 32,
514 3506 554 3561 qui
577 3503 687 3550 Servium
708 3504 883 3562 corrigendum
908 3515 961 3547 esse
983 3502 1086 3547 scribit:
1111 3514 1156 3556 pro
1177 3501 1216 3547 nit

236 3591 300 3635 enirn
321 3587 381 3636 Calo
398 3592 426 3636 in
443 3593 526 3653 tegern
548 3588 685 3636 Voconiam
714 3592 762 3650 legi
784 3591 855 3636 debet
882 3591 910 3634 in
930 3590 1051 3635 suasione
1070 3589 1138 3650 legis
1162 3587 1214 3634 Vc·

237 3679 345 3735 conice,'
357 3687 398 3725 cut
417 3682 468 3734 ipse
489 3677 588 3724 Servius
610 3681 709 3723 erravit.

382 3911 430 3968 58.
464 3910 564 3968 Oratio
587 3909 623 3966 de
642 3909 814 3968 Macedonia
835 3910 996 3966 liberanda.
1052 3873 1053 3876 Ἴ

230 4063 279 4125 Ea
306 4060 413 4126 oratio
439 4060 524 4123 dicta
546 4071 594 4124 cst
620 4081 650 4122 a.
674 4057 735 4122 587
763 4061 865 4139 (167).

230 4165 409 4249 Postquam
441 4164 579 4227 Perseus
612 4183 673 4224 ccx
705 4159 806 4223 victus
832 4171 935 4235 esset,
961 4171 992 4222 et
1019 4156 1216 4220 Macedonia

167 4275 235 4330 lota
258 4265 414 4331 Romanis
434 4285 468 4328 se
492 4263 640 4340 dedisset,
667 4285 685 4326 a
707 4274 817 4324 senatu
840 4261 1048 4324 deliberatum
1071 4271 1131 4336 cst,
1152 4281 1216 4344 qna

168 4368 238 4453 lege
264 4367 305 4434 sit
328 4369 462 4433 tenenda
488 4378 582 4449 atque
605 4363 863 4428 administranda.
898 4362 1003 4428 Vario
1021 4363 1102 4427 enim
1118 4363 1214 4426 modo
