<?xml version="1.0" encoding="UTF-8"?>
<!DOCTYPE html PUBLIC "-//W3C//DTD XHTML 1.0 Transitional//EN"
    "http://www.w3.org/TR/xhtml1/DTD/xhtml1-transitional.dtd">
<html xmlns="http://www.w3.org/1999/xhtml" xml:lang="en" lang="en">
 <head>
  <title>
</title>
<meta http-equiv="Content-Type" content="text/html;charset=utf-8" />
  <meta name='ocr-system' content='tesseract 3.04.00' />
  <meta name='ocr-capabilities' content='ocr_page ocr_carea ocr_par ocr_line ocrx_word'/>
</head>
<body>
  <div class='ocr_page' id='page_1' title='image "./oratorumromanor02meyegoog_0586.png"; bbox 0 0 2958 4840; ppageno 0'>
   <div class='ocr_carea' id='block_1_1' title="bbox 274 351 336 418">
    <p class='ocr_par' dir='ltr' id='par_1_1' title="bbox 274 351 336 418">
     <span class='ocr_line' id='line_1_1' title="bbox 274 351 336 418; baseline -0.032 0"><span class='ocrx_word' id='word_1_1' title='bbox 274 351 336 418; x_wconf 87' lang='grc'><strong>666</strong></span> 
     </span>
    </p>
   </div>
   <div class='ocr_carea' id='block_1_2' title="bbox 478 506 1116 578">
    <p class='ocr_par' dir='ltr' id='par_1_2' title="bbox 478 506 1116 578">
     <span class='ocr_line' id='line_1_2' title="bbox 478 506 1116 578; baseline -0.011 -8"><span class='ocrx_word' id='word_1_2' title='bbox 478 511 508 570; x_wconf 73' lang='lat'><em>2</em></span> <span class='ocrx_word' id='word_1_3' title='bbox 530 507 629 568; x_wconf 66' lang='lat' dir='ltr'><strong>&amp;aas</strong></span> <span class='ocrx_word' id='word_1_4' title='bbox 649 512 750 566; x_wconf 79' lang='lat' dir='ltr'><strong>conus</strong></span> <span class='ocrx_word' id='word_1_5' title='bbox 769 507 877 566; x_wconf 83' lang='lat' dir='ltr'><strong>Varum</strong></span> <span class='ocrx_word' id='word_1_6' title='bbox 896 506 1116 578; x_wconf 76' lang='lat' dir='ltr'><strong>Quintilianum,</strong></span> 
     </span>
    </p>
   </div>
   <div class='ocr_carea' id='block_1_3' title="bbox 273 617 1329 1933">
    <p class='ocr_par' dir='ltr' id='par_1_3' title="bbox 274 617 1329 905">
     <span class='ocr_line' id='line_1_3' title="bbox 336 617 1328 701; baseline -0.004 -15"><span class='ocrx_word' id='word_1_7' title='bbox 336 622 421 686; x_wconf 75' lang='lat' dir='ltr'><strong>aaa</strong></span> <span class='ocrx_word' id='word_1_8' title='bbox 445 636 492 686; x_wconf 87' lang='lat' dir='ltr'><strong>est</strong></span> <span class='ocrx_word' id='word_1_9' title='bbox 513 641 608 686; x_wconf 67' lang='lat' dir='ltr'><strong>caua</strong></span> <span class='ocrx_word' id='word_1_10' title='bbox 632 643 662 684; x_wconf 87' lang='lat' dir='ltr'><strong>a.</strong></span> <span class='ocrx_word' id='word_1_11' title='bbox 686 621 748 684; x_wconf 81' lang='lat'><strong>780</strong></span> <span class='ocrx_word' id='word_1_12' title='bbox 770 621 850 700; x_wconf 78' lang='grc'><strong>(27),</strong></span> <span class='ocrx_word' id='word_1_13' title='bbox 879 617 1015 684; x_wconf 85' lang='lat' dir='ltr'><strong>Tiberio</strong></span> <span class='ocrx_word' id='word_1_14' title='bbox 1035 617 1224 701; x_wconf 82' lang='lat' dir='ltr'><strong>imperante.</strong></span> <span class='ocrx_word' id='word_1_15' title='bbox 1255 619 1328 682; x_wconf 89' lang='lat' dir='ltr'><strong>Va·</strong></span> 
     </span>
     <span class='ocr_line' id='line_1_4' title="bbox 274 720 1329 808; baseline 0 -22"><span class='ocrx_word' id='word_1_16' title='bbox 274 743 329 787; x_wconf 76' lang='lat' dir='ltr'><strong>ras</strong></span> <span class='ocrx_word' id='word_1_17' title='bbox 360 723 549 808; x_wconf 71' lang='lat' dir='ltr'><strong>Quintilius,</strong></span> <span class='ocrx_word' id='word_1_18' title='bbox 582 723 691 788; x_wconf 87' lang='lat' dir='ltr'><strong>Publii</strong></span> <span class='ocrx_word' id='word_1_19' title='bbox 718 722 863 804; x_wconf 81' lang='lat' dir='ltr'><strong>Quintilii</strong></span> <span class='ocrx_word' id='word_1_20' title='bbox 899 721 982 786; x_wconf 79' lang='lat' dir='ltr'><strong>Vari</strong></span> <span class='ocrx_word' id='word_1_21' title='bbox 1008 720 1151 786; x_wconf 86' lang='lat' dir='ltr'><strong>consulis</strong></span> <span class='ocrx_word' id='word_1_22' title='bbox 1184 743 1217 786; x_wconf 90' lang='lat' dir='ltr'><strong>a.</strong></span> <span class='ocrx_word' id='word_1_23' title='bbox 1265 723 1329 786; x_wconf 76' lang='grc'><strong>766</strong></span> 
     </span>
     <span class='ocr_line' id='line_1_5' title="bbox 275 825 462 905; baseline 0.011 -17"><span class='ocrx_word' id='word_1_24' title='bbox 275 826 343 905; x_wconf 83' lang='grc'><strong>(13)</strong></span> <span class='ocrx_word' id='word_1_25' title='bbox 370 825 462 890; x_wconf 87' lang='lat' dir='ltr'><strong>lilius.</strong></span> 
     </span>
    </p>

    <p class='ocr_par' dir='ltr' id='par_1_4' title="bbox 273 927 1325 1933">
     <span class='ocr_line' id='line_1_6' title="bbox 339 927 1325 1009; baseline 0.001 -18"><span class='ocrx_word' id='word_1_26' title='bbox 339 927 471 992; x_wconf 75' lang='lat' dir='ltr'><strong>Tacitus</strong></span> <span class='ocrx_word' id='word_1_27' title='bbox 494 928 612 994; x_wconf 83' lang='lat' dir='ltr'><strong>Annal.</strong></span> <span class='ocrx_word' id='word_1_28' title='bbox 637 928 667 1006; x_wconf 85' lang='lat' dir='ltr'><strong>t,</strong></span> <span class='ocrx_word' id='word_1_29' title='bbox 691 929 745 992; x_wconf 93' lang='grc'><strong>66.</strong></span> <span class='ocrx_word' id='word_1_30' title='bbox 789 929 857 994; x_wconf 82' lang='lat' dir='ltr'><strong>Sed</strong></span> <span class='ocrx_word' id='word_1_31' title='bbox 877 941 916 992; x_wconf 88' lang='lat' dir='ltr'><strong>ut</strong></span> <span class='ocrx_word' id='word_1_32' title='bbox 937 928 1055 994; x_wconf 84' lang='lat' dir='ltr'><strong>studia</strong></span> <span class='ocrx_word' id='word_1_33' title='bbox 1084 949 1268 1009; x_wconf 81' lang='lat' dir='ltr'><strong>proceram</strong></span> <span class='ocrx_word' id='word_1_34' title='bbox 1290 943 1325 992; x_wconf 89' lang='lat' dir='ltr'><strong>et</strong></span> 
     </span>
     <span class='ocr_line' id='line_1_7' title="bbox 273 1029 1321 1114; baseline 0.004 -22"><span class='ocrx_word' id='word_1_35' title='bbox 273 1029 418 1114; x_wconf 81' lang='lat' dir='ltr'><strong>largitio</strong></span> <span class='ocrx_word' id='word_1_36' title='bbox 436 1031 606 1114; x_wconf 87' lang='lat' dir='ltr'><strong>principis</strong></span> <span class='ocrx_word' id='word_1_37' title='bbox 626 1031 810 1094; x_wconf 81' lang='lat' dir='ltr'><strong>adversum</strong></span> <span class='ocrx_word' id='word_1_38' title='bbox 837 1052 940 1094; x_wconf 83' lang='lat' dir='ltr'><strong>rasus</strong></span> <span class='ocrx_word' id='word_1_39' title='bbox 970 1031 1133 1094; x_wconf 84' lang='lat' dir='ltr'><strong>solatiam</strong></span> <span class='ocrx_word' id='word_1_40' title='bbox 1155 1035 1321 1107; x_wconf 87' lang='lat' dir='ltr'><strong>tulerant,</strong></span> 
     </span>
     <span class='ocr_line' id='line_1_8' title="bbox 273 1131 1324 1224; baseline 0.002 -28"><span class='ocrx_word' id='word_1_41' title='bbox 273 1132 325 1196; x_wconf 91' lang='lat' dir='ltr'><strong>ita</strong></span> <span class='ocrx_word' id='word_1_42' title='bbox 345 1145 587 1198; x_wconf 73' lang='lat' dir='ltr'><strong>accusatorum</strong></span> <span class='ocrx_word' id='word_1_43' title='bbox 610 1131 722 1196; x_wconf 88' lang='lat' dir='ltr'><strong>maior</strong></span> <span class='ocrx_word' id='word_1_44' title='bbox 750 1133 787 1196; x_wconf 92' lang='lat' dir='ltr'><strong>in</strong></span> <span class='ocrx_word' id='word_1_45' title='bbox 815 1131 889 1197; x_wconf 78' lang='lat' dir='ltr'><strong>dies</strong></span> <span class='ocrx_word' id='word_1_46' title='bbox 918 1145 951 1196; x_wconf 92' lang='lat' dir='ltr'><strong>et</strong></span> <span class='ocrx_word' id='word_1_47' title='bbox 978 1131 1145 1224; x_wconf 86' lang='lat' dir='ltr'><strong>infestior</strong></span> <span class='ocrx_word' id='word_1_48' title='bbox 1172 1135 1223 1197; x_wconf 85' lang='lat' dir='ltr'><strong>cis</strong></span> <span class='ocrx_word' id='word_1_49' title='bbox 1252 1135 1324 1198; x_wconf 85' lang='lat' dir='ltr'><strong>sine</strong></span> 
     </span>
     <span class='ocr_line' id='line_1_9' title="bbox 273 1236 1324 1320; baseline 0 -22"><span class='ocrx_word' id='word_1_50' title='bbox 273 1236 463 1300; x_wconf 75' lang='lat' dir='ltr'><strong>levamento</strong></span> <span class='ocrx_word' id='word_1_51' title='bbox 484 1237 727 1320; x_wconf 74' lang='lat' dir='ltr'><strong>grassabatur,</strong></span> <span class='ocrx_word' id='word_1_52' title='bbox 750 1237 1032 1320; x_wconf 79' lang='lat' dir='ltr'><strong>corripueratque</strong></span> <span class='ocrx_word' id='word_1_53' title='bbox 1057 1239 1192 1301; x_wconf 83' lang='lat' dir='ltr'><strong>Varum</strong></span> <span class='ocrx_word' id='word_1_54' title='bbox 1212 1239 1324 1320; x_wconf 80' lang='lat' dir='ltr'><strong>Quin·</strong></span> 
     </span>
     <span class='ocr_line' id='line_1_10' title="bbox 273 1336 1324 1422; baseline 0 -20"><span class='ocrx_word' id='word_1_55' title='bbox 273 1336 404 1413; x_wconf 73' lang='lat' dir='ltr'><strong>citima,</strong></span> <span class='ocrx_word' id='word_1_56' title='bbox 442 1338 582 1402; x_wconf 83' lang='lat' dir='ltr'><strong>diuitem</strong></span> <span class='ocrx_word' id='word_1_57' title='bbox 617 1351 651 1402; x_wconf 89' lang='lat' dir='ltr'><strong>et</strong></span> <span class='ocrx_word' id='word_1_58' title='bbox 683 1338 827 1404; x_wconf 72' lang='lat' dir='ltr'><strong>Curari</strong></span> <span class='ocrx_word' id='word_1_59' title='bbox 859 1337 1109 1422; x_wconf 76' lang='lat' dir='ltr'><strong>propinquum,</strong></span> <span class='ocrx_word' id='word_1_60' title='bbox 1146 1339 1324 1402; x_wconf 68' lang='lat' dir='ltr'><strong>Domitius</strong></span> 
     </span>
     <span class='ocr_line' id='line_1_11' title="bbox 274 1437 1321 1524; baseline 0.001 -20"><span class='ocrx_word' id='word_1_61' title='bbox 274 1437 386 1524; x_wconf 80' lang='lat' dir='ltr'><strong>Afer,</strong></span> <span class='ocrx_word' id='word_1_62' title='bbox 418 1441 583 1508; x_wconf 78' lang='lat' dir='ltr'><strong>Claudiae</strong></span> <span class='ocrx_word' id='word_1_63' title='bbox 604 1443 773 1506; x_wconf 74' lang='lat' dir='ltr'><strong>Pulchrae</strong></span> <span class='ocrx_word' id='word_1_64' title='bbox 798 1441 925 1504; x_wconf 86' lang='lat' dir='ltr'><strong>matria</strong></span> <span class='ocrx_word' id='word_1_65' title='bbox 956 1440 1032 1504; x_wconf 83' lang='lat' dir='ltr'><strong>eius</strong></span> <span class='ocrx_word' id='word_1_66' title='bbox 1063 1441 1321 1517; x_wconf 81' lang='lat' dir='ltr'><strong>cottdemnator,</strong></span> 
     </span>
     <span class='ocr_line' id='line_1_12' title="bbox 274 1543 1324 1628; baseline 0.003 -23"><span class='ocrx_word' id='word_1_67' title='bbox 274 1545 369 1606; x_wconf 78' lang='lat' dir='ltr'><strong>nullo</strong></span> <span class='ocrx_word' id='word_1_68' title='bbox 392 1543 551 1618; x_wconf 83' lang='lat' dir='ltr'><strong>mirante,</strong></span> <span class='ocrx_word' id='word_1_69' title='bbox 575 1544 668 1628; x_wconf 79' lang='lat' dir='ltr'><strong>qaod</strong></span> <span class='ocrx_word' id='word_1_70' title='bbox 689 1544 750 1606; x_wconf 75' lang='lat' dir='ltr'><strong>atu</strong></span> <span class='ocrx_word' id='word_1_71' title='bbox 770 1563 875 1626; x_wconf 74' lang='lat' dir='ltr'><strong>egens</strong></span> <span class='ocrx_word' id='word_1_72' title='bbox 897 1554 930 1606; x_wconf 89' lang='lat' dir='ltr'><strong>et</strong></span> <span class='ocrx_word' id='word_1_73' title='bbox 951 1554 1055 1624; x_wconf 86' lang='lat' dir='ltr'><strong>parto</strong></span> <span class='ocrx_word' id='word_1_74' title='bbox 1080 1564 1191 1624; x_wconf 77' lang='lat' dir='ltr'><strong>nuper</strong></span> <span class='ocrx_word' id='word_1_75' title='bbox 1217 1565 1324 1626; x_wconf 81' lang='lat' dir='ltr'><strong>prae·</strong></span> 
     </span>
     <span class='ocr_line' id='line_1_13' title="bbox 275 1645 1324 1739; baseline 0.002 -31"><span class='ocrx_word' id='word_1_76' title='bbox 275 1645 346 1708; x_wconf 78' lang='lat' dir='ltr'><strong>snio</strong></span> <span class='ocrx_word' id='word_1_77' title='bbox 367 1649 456 1710; x_wconf 84' lang='lat' dir='ltr'><strong>male</strong></span> <span class='ocrx_word' id='word_1_78' title='bbox 477 1667 561 1710; x_wconf 73' lang='lat' dir='ltr'><strong>auur</strong></span> <span class='ocrx_word' id='word_1_79' title='bbox 573 1647 739 1730; x_wconf 78' lang='lat' dir='ltr'><strong>plasmati</strong></span> <span class='ocrx_word' id='word_1_80' title='bbox 748 1646 907 1739; x_wconf 77' lang='lat' dir='ltr'><strong>flagitia</strong></span> <span class='ocrx_word' id='word_1_81' title='bbox 916 1645 1172 1728; x_wconf 64' lang='lat' dir='ltr'><strong>atinga-»eom</strong></span> <span class='ocrx_word' id='word_1_82' title='bbox 1195 1649 1237 1710; x_wconf 76' lang='lat' dir='ltr'><strong>t’.</strong></span> <span class='ocrx_word' id='word_1_83' title='bbox 1249 1649 1324 1712; x_wconf 87' lang='lat' dir='ltr'><strong>Do·</strong></span> 
     </span>
     <span class='ocr_line' id='line_1_14' title="bbox 275 1747 1320 1825; baseline 0.002 -15"><span class='ocrx_word' id='word_1_84' title='bbox 275 1747 433 1810; x_wconf 84' lang='lat' dir='ltr'><strong>labellum</strong></span> <span class='ocrx_word' id='word_1_85' title='bbox 454 1749 587 1814; x_wconf 76' lang='lat' dir='ltr'><strong>socium</strong></span> <span class='ocrx_word' id='word_1_86' title='bbox 618 1748 802 1812; x_wconf 66' lang='lat' dir='ltr'><strong>deladonir</strong></span> <span class='ocrx_word' id='word_1_87' title='bbox 834 1748 994 1812; x_wconf 72' lang='lat' dir='ltr'><strong>extitisse</strong></span> <span class='ocrx_word' id='word_1_88' title='bbox 1029 1749 1197 1812; x_wconf 74' lang='lat' dir='ltr'><strong>miraculo</strong></span> <span class='ocrx_word' id='word_1_89' title='bbox 1229 1762 1320 1825; x_wconf 81' lang='lat' dir='ltr'><strong>erat,</strong></span> 
     </span>
     <span class='ocr_line' id='line_1_15' title="bbox 274 1849 1323 1933; baseline 0.004 -23"><span class='ocrx_word' id='word_1_90' title='bbox 274 1849 358 1932; x_wconf 75' lang='lat' dir='ltr'><strong>quia</strong></span> <span class='ocrx_word' id='word_1_91' title='bbox 378 1851 484 1914; x_wconf 80' lang='lat' dir='ltr'><strong>elaris</strong></span> <span class='ocrx_word' id='word_1_92' title='bbox 505 1851 696 1915; x_wconf 83' lang='lat' dir='ltr'><strong>maioribus</strong></span> <span class='ocrx_word' id='word_1_93' title='bbox 725 1862 759 1914; x_wconf 89' lang='lat' dir='ltr'><strong>et</strong></span> <span class='ocrx_word' id='word_1_94' title='bbox 781 1853 880 1915; x_wconf 59' lang='lat' dir='ltr'><strong>,Varo</strong></span> <span class='ocrx_word' id='word_1_95' title='bbox 909 1871 1087 1914; x_wconf 74' lang='lat' dir='ltr'><strong>eonnemu</strong></span> <span class='ocrx_word' id='word_1_96' title='bbox 1120 1871 1221 1916; x_wconf 79' lang='lat' dir='ltr'><strong>ruam</strong></span> <span class='ocrx_word' id='word_1_97' title='bbox 1252 1851 1323 1933; x_wconf 80' lang='lat' dir='ltr'><strong>ipss</strong></span> 
     </span>
    </p>
   </div>
   <div class='ocr_carea' id='block_1_4' title="bbox 142 1951 1324 2036">
    <p class='ocr_par' dir='ltr' id='par_1_5' title="bbox 142 1951 1324 2036">
     <span class='ocr_line' id='line_1_16' title="bbox 142 1951 1324 2036; baseline 0.006 -25"><span class='ocrx_word' id='word_1_98' title='bbox 142 1962 146 1970; x_wconf 88' lang='lat'>&#39;</span> <span class='ocrx_word' id='word_1_99' title='bbox 279 1951 503 2026; x_wconf 86' lang='lat' dir='ltr'><strong>nobilitatem,</strong></span> <span class='ocrx_word' id='word_1_100' title='bbox 526 1953 855 2036; x_wconf 54' lang='lat' dir='ltr'><strong>cumsanguineus</strong></span> <span class='ocrx_word' id='word_1_101' title='bbox 876 1953 1141 2034; x_wconf 80' lang='lat' dir='ltr'><strong>perclitamibat.</strong></span> <span class='ocrx_word' id='word_1_102' title='bbox 1184 1954 1324 2018; x_wconf 74' lang='lat' dir='ltr'><strong>Restitit</strong></span> 
     </span>
    </p>
   </div>
   <div class='ocr_carea' id='block_1_5' title="bbox 276 2055 1319 2140">
    <p class='ocr_par' dir='ltr' id='par_1_6' title="bbox 276 2055 1319 2140">
     <span class='ocr_line' id='line_1_17' title="bbox 276 2055 1319 2140; baseline 0.001 -23"><span class='ocrx_word' id='word_1_103' title='bbox 276 2065 390 2117; x_wconf 79' lang='lat' dir='ltr'><strong>tamen</strong></span> <span class='ocrx_word' id='word_1_104' title='bbox 412 2067 555 2120; x_wconf 79' lang='lat' dir='ltr'><strong>renotata</strong></span> <span class='ocrx_word' id='word_1_105' title='bbox 576 2068 610 2118; x_wconf 85' lang='lat' dir='ltr'><strong>et</strong></span> <span class='ocrx_word' id='word_1_106' title='bbox 631 2056 877 2140; x_wconf 80' lang='lat' dir='ltr'><strong>opperiendum</strong></span> <span class='ocrx_word' id='word_1_107' title='bbox 902 2055 1149 2138; x_wconf 74' lang='lat' dir='ltr'><strong>imperatorem</strong></span> <span class='ocrx_word' id='word_1_108' title='bbox 1177 2057 1319 2122; x_wconf 83' lang='lat' dir='ltr'><strong>cenauit.</strong></span> 
     </span>
    </p>
   </div>
   <div class='ocr_carea' id='block_1_6' title="bbox 536 2195 1057 2268">
    <p class='ocr_par' dir='ltr' id='par_1_7' title="bbox 536 2195 1057 2268">
     <span class='ocr_line' id='line_1_18' title="bbox 536 2195 1057 2268; baseline -0.006 -14"><span class='ocrx_word' id='word_1_109' title='bbox 536 2195 566 2254; x_wconf 83' lang='lat' dir='ltr'><strong>a.</strong></span> <span class='ocrx_word' id='word_1_110' title='bbox 587 2195 688 2254; x_wconf 86' lang='lat' dir='ltr'><strong>Oratio</strong></span> <span class='ocrx_word' id='word_1_111' title='bbox 707 2211 761 2268; x_wconf 87' lang='lat' dir='ltr'><strong>pro</strong></span> <span class='ocrx_word' id='word_1_112' title='bbox 778 2195 925 2252; x_wconf 81' lang='lat' dir='ltr'><strong>Voluseno</strong></span> <span class='ocrx_word' id='word_1_113' title='bbox 943 2195 1057 2252; x_wconf 85' lang='lat' dir='ltr'><strong>Catulo.</strong></span> 
     </span>
    </p>
   </div>
   <div class='ocr_carea' id='block_1_7' title="bbox 271 2307 1325 3320">
    <p class='ocr_par' dir='ltr' id='par_1_8' title="bbox 273 2307 1322 2581">
     <span class='ocr_line' id='line_1_19' title="bbox 337 2307 1321 2390; baseline -0.002 -18"><span class='ocrx_word' id='word_1_114' title='bbox 337 2307 387 2372; x_wconf 90' lang='lat' dir='ltr'><strong>De</strong></span> <span class='ocrx_word' id='word_1_115' title='bbox 409 2319 555 2390; x_wconf 88' lang='lat' dir='ltr'><strong>tempore</strong></span> <span class='ocrx_word' id='word_1_116' title='bbox 582 2330 694 2372; x_wconf 86' lang='lat' dir='ltr'><strong>causae</strong></span> <span class='ocrx_word' id='word_1_117' title='bbox 721 2307 799 2371; x_wconf 91' lang='lat' dir='ltr'><strong>nihil</strong></span> <span class='ocrx_word' id='word_1_118' title='bbox 822 2307 906 2371; x_wconf 89' lang='lat' dir='ltr'><strong>aliud</strong></span> <span class='ocrx_word' id='word_1_119' title='bbox 930 2307 1037 2370; x_wconf 87' lang='lat' dir='ltr'><strong>dicere</strong></span> <span class='ocrx_word' id='word_1_120' title='bbox 1061 2330 1228 2390; x_wconf 86' lang='lat' dir='ltr'><strong>possumus</strong></span> <span class='ocrx_word' id='word_1_121' title='bbox 1258 2307 1321 2371; x_wconf 87' lang='lat' dir='ltr'><strong>nisi</strong></span> 
     </span>
     <span class='ocr_line' id='line_1_20' title="bbox 273 2409 1322 2495; baseline 0.005 -24"><span class='ocrx_word' id='word_1_122' title='bbox 273 2429 341 2471; x_wconf 89' lang='lat' dir='ltr'><strong>eam</strong></span> <span class='ocrx_word' id='word_1_123' title='bbox 364 2422 465 2472; x_wconf 87' lang='lat' dir='ltr'><strong>actam</strong></span> <span class='ocrx_word' id='word_1_124' title='bbox 488 2432 557 2474; x_wconf 83' lang='lat' dir='ltr'><strong>esse</strong></span> <span class='ocrx_word' id='word_1_125' title='bbox 580 2423 652 2474; x_wconf 90' lang='lat' dir='ltr'><strong>ante</strong></span> <span class='ocrx_word' id='word_1_126' title='bbox 672 2434 701 2475; x_wconf 90' lang='lat' dir='ltr'><strong>a.</strong></span> <span class='ocrx_word' id='word_1_127' title='bbox 728 2413 789 2476; x_wconf 80' lang='lat'><strong>790</strong></span> <span class='ocrx_word' id='word_1_128' title='bbox 811 2413 897 2489; x_wconf 78' lang='grc'><strong>(37),</strong></span> <span class='ocrx_word' id='word_1_129' title='bbox 921 2433 987 2495; x_wconf 86' lang='lat' dir='ltr'><strong>quo</strong></span> <span class='ocrx_word' id='word_1_130' title='bbox 1003 2409 1131 2474; x_wconf 87' lang='lat' dir='ltr'><strong>Laelius</strong></span> <span class='ocrx_word' id='word_1_131' title='bbox 1151 2411 1268 2473; x_wconf 85' lang='lat' dir='ltr'><strong>Balbus</strong></span> <span class='ocrx_word' id='word_1_132' title='bbox 1290 2409 1322 2476; x_wconf 91' lang='lat' dir='ltr'><strong>in</strong></span> 
     </span>
     <span class='ocr_line' id='line_1_21' title="bbox 273 2511 1000 2581; baseline 0.01 -7"><span class='ocrx_word' id='word_1_133' title='bbox 273 2511 403 2576; x_wconf 84' lang='lat' dir='ltr'><strong>exilium</strong></span> <span class='ocrx_word' id='word_1_134' title='bbox 427 2511 545 2576; x_wconf 89' lang='lat' dir='ltr'><strong>eiectus</strong></span> <span class='ocrx_word' id='word_1_135' title='bbox 569 2525 628 2577; x_wconf 90' lang='lat' dir='ltr'><strong>est.</strong></span> <span class='ocrx_word' id='word_1_136' title='bbox 998 2576 1000 2581; x_wconf 91' lang='lat'><strong>.</strong></span> 
     </span>
    </p>

    <p class='ocr_par' dir='ltr' id='par_1_9' title="bbox 271 2613 1325 3320">
     <span class='ocr_line' id='line_1_22' title="bbox 338 2613 1323 2700; baseline -0.001 -23"><span class='ocrx_word' id='word_1_137' title='bbox 338 2613 472 2696; x_wconf 87' lang='lat' dir='ltr'><strong>Quintil.</strong></span> <span class='ocrx_word' id='word_1_138' title='bbox 498 2619 548 2694; x_wconf 85' lang='lat'><strong>10,</strong></span> <span class='ocrx_word' id='word_1_139' title='bbox 575 2621 603 2691; x_wconf 90' lang='grc'><strong>1,</strong></span> <span class='ocrx_word' id='word_1_140' title='bbox 627 2617 679 2679; x_wconf 80' lang='lat'><strong>24.</strong></span> <span class='ocrx_word' id='word_1_141' title='bbox 725 2617 954 2700; x_wconf 84' lang='lat' dir='ltr'><strong>Quinetiam,</strong></span> <span class='ocrx_word' id='word_1_142' title='bbox 979 2619 1116 2678; x_wconf 76' lang='lat' dir='ltr'><strong>easdem</strong></span> <span class='ocrx_word' id='word_1_143' title='bbox 1138 2637 1262 2678; x_wconf 73' lang='lat' dir='ltr'><strong>coutras</strong></span> <span class='ocrx_word' id='word_1_144' title='bbox 1285 2625 1323 2676; x_wconf 81' lang='lat' dir='ltr'><strong>ut</strong></span> 
     </span>
     <span class='ocr_line' id='line_1_23' title="bbox 272 2717 1325 2802; baseline 0 -24"><span class='ocrx_word' id='word_1_145' title='bbox 272 2717 414 2800; x_wconf 79' lang='lat' dir='ltr'><strong>quiaque</strong></span> <span class='ocrx_word' id='word_1_146' title='bbox 435 2719 557 2802; x_wconf 82' lang='lat' dir='ltr'><strong>egerit,</strong></span> <span class='ocrx_word' id='word_1_147' title='bbox 581 2720 664 2782; x_wconf 80' lang='lat' dir='ltr'><strong>utile</strong></span> <span class='ocrx_word' id='word_1_148' title='bbox 686 2719 752 2782; x_wconf 84' lang='lat' dir='ltr'><strong>erit</strong></span> <span class='ocrx_word' id='word_1_149' title='bbox 774 2719 873 2781; x_wconf 84' lang='lat' dir='ltr'><strong>seire.</strong></span> <span class='ocrx_word' id='word_1_150' title='bbox 915 2719 1011 2784; x_wconf 89' lang='lat' dir='ltr'><strong>Nam</strong></span> <span class='ocrx_word' id='word_1_151' title='bbox 1041 2717 1083 2778; x_wconf 81' lang='lat' dir='ltr'><strong>tie</strong></span> <span class='ocrx_word' id='word_1_152' title='bbox 1105 2718 1209 2780; x_wconf 81' lang='lat' dir='ltr'><strong>domo</strong></span> <span class='ocrx_word' id='word_1_153' title='bbox 1232 2718 1325 2782; x_wconf 86' lang='lat' dir='ltr'><strong>Cice-</strong></span> 
     </span>
     <span class='ocr_line' id='line_1_24' title="bbox 274 2819 1323 2902; baseline 0.001 -23"><span class='ocrx_word' id='word_1_154' title='bbox 274 2821 369 2882; x_wconf 86' lang='lat' dir='ltr'><strong>ronis</strong></span> <span class='ocrx_word' id='word_1_155' title='bbox 392 2821 484 2884; x_wconf 79' lang='lat' dir='ltr'><strong>dixit</strong></span> <span class='ocrx_word' id='word_1_156' title='bbox 507 2821 661 2886; x_wconf 79' lang='lat' dir='ltr'><strong>Calidius</strong></span> <span class='ocrx_word' id='word_1_157' title='bbox 683 2833 715 2883; x_wconf 90' lang='lat' dir='ltr'><strong>et</strong></span> <span class='ocrx_word' id='word_1_158' title='bbox 735 2843 802 2902; x_wconf 89' lang='lat' dir='ltr'><strong>pro</strong></span> <span class='ocrx_word' id='word_1_159' title='bbox 825 2821 958 2884; x_wconf 83' lang='lat' dir='ltr'><strong>Milone</strong></span> <span class='ocrx_word' id='word_1_160' title='bbox 980 2819 1173 2881; x_wconf 82' lang='lat' dir='ltr'><strong>orationem</strong></span> <span class='ocrx_word' id='word_1_161' title='bbox 1191 2821 1323 2882; x_wconf 82' lang='lat' dir='ltr'><strong>Brutus</strong></span> 
     </span>
     <span class='ocr_line' id='line_1_25' title="bbox 272 2921 1323 3007; baseline 0 -23"><span class='ocrx_word' id='word_1_162' title='bbox 272 2921 533 2986; x_wconf 80' lang='lat' dir='ltr'><strong>exercitationis</strong></span> <span class='ocrx_word' id='word_1_163' title='bbox 555 2923 674 3007; x_wconf 85' lang='lat' dir='ltr'><strong>gratio</strong></span> <span class='ocrx_word' id='word_1_164' title='bbox 695 2921 845 3005; x_wconf 80' lang='lat' dir='ltr'><strong>scripsit.</strong></span> <span class='ocrx_word' id='word_1_165' title='bbox 891 2925 937 2986; x_wconf 82' lang='lat' dir='ltr'><strong>Et</strong></span> <span class='ocrx_word' id='word_1_166' title='bbox 960 2921 1067 2985; x_wconf 90' lang='lat' dir='ltr'><strong>Pollio</strong></span> <span class='ocrx_word' id='word_1_167' title='bbox 1097 2932 1129 2983; x_wconf 92' lang='lat' dir='ltr'><strong>et</strong></span> <span class='ocrx_word' id='word_1_168' title='bbox 1154 2923 1323 2984; x_wconf 86' lang='lat' dir='ltr'><strong>Messalla</strong></span> 
     </span>
     <span class='ocr_line' id='line_1_26' title="bbox 275 3021 1323 3114; baseline 0.003 -29"><span class='ocrx_word' id='word_1_169' title='bbox 275 3021 508 3114; x_wconf 70' lang='lat' dir='ltr'><strong>defenderunt</strong></span> <span class='ocrx_word' id='word_1_170' title='bbox 536 3026 691 3101; x_wconf 79' lang='lat' dir='ltr'><strong>eosdem,</strong></span> <span class='ocrx_word' id='word_1_171' title='bbox 723 3037 756 3088; x_wconf 91' lang='lat' dir='ltr'><strong>et</strong></span> <span class='ocrx_word' id='word_1_172' title='bbox 785 3025 882 3088; x_wconf 89' lang='lat' dir='ltr'><strong>nobis</strong></span> <span class='ocrx_word' id='word_1_173' title='bbox 913 3024 1030 3108; x_wconf 87' lang='lat' dir='ltr'><strong>pueris</strong></span> <span class='ocrx_word' id='word_1_174' title='bbox 1060 3024 1214 3108; x_wconf 82' lang='lat' dir='ltr'><strong>insignes</strong></span> <span class='ocrx_word' id='word_1_175' title='bbox 1241 3047 1323 3107; x_wconf 84' lang='lat' dir='ltr'><strong>pro</strong></span> 
     </span>
     <span class='ocr_line' id='line_1_27' title="bbox 277 3123 1323 3216; baseline -0.004 -24"><span class='ocrx_word' id='word_1_176' title='bbox 277 3131 493 3192; x_wconf 78' lang='lat' dir='ltr'><strong>Voluseno</strong></span> <span class='ocrx_word' id='word_1_177' title='bbox 523 3132 681 3193; x_wconf 82' lang='lat' dir='ltr'><strong>Catulo</strong></span> <span class='ocrx_word' id='word_1_178' title='bbox 710 3127 894 3191; x_wconf 89' lang='lat' dir='ltr'><strong>Domitii</strong></span> <span class='ocrx_word' id='word_1_179' title='bbox 923 3123 1049 3216; x_wconf 86' lang='lat' dir='ltr'><strong>Afri,</strong></span> <span class='ocrx_word' id='word_1_180' title='bbox 1094 3126 1209 3209; x_wconf 81' lang='lat' dir='ltr'><strong>Crispi</strong></span> <span class='ocrx_word' id='word_1_181' title='bbox 1238 3129 1323 3190; x_wconf 85' lang='lat' dir='ltr'><strong>Paa-</strong></span> 
     </span>
     <span class='ocr_line' id='line_1_28' title="bbox 271 3227 1108 3320; baseline 0 -29"><span class='ocrx_word' id='word_1_182' title='bbox 271 3229 370 3301; x_wconf 85' lang='lat' dir='ltr'><strong>aieni,</strong></span> <span class='ocrx_word' id='word_1_183' title='bbox 397 3229 530 3292; x_wconf 85' lang='lat' dir='ltr'><strong>Decimi</strong></span> <span class='ocrx_word' id='word_1_184' title='bbox 552 3231 664 3294; x_wconf 87' lang='lat' dir='ltr'><strong>Laelii</strong></span> <span class='ocrx_word' id='word_1_185' title='bbox 685 3229 861 3292; x_wconf 85' lang='lat' dir='ltr'><strong>orationes</strong></span> <span class='ocrx_word' id='word_1_186' title='bbox 878 3227 1108 3320; x_wconf 83' lang='lat' dir='ltr'><strong>ferebantur.</strong></span> 
     </span>
    </p>
   </div>
   <div class='ocr_carea' id='block_1_8' title="bbox 306 3351 1181 3412">
    <p class='ocr_par' dir='ltr' id='par_1_10' title="bbox 306 3351 1181 3412">
     <span class='ocr_line' id='line_1_29' title="bbox 306 3351 1181 3412; baseline 0.002 -16"><span class='ocrx_word' id='word_1_187' title='bbox 306 3354 378 3398; x_wconf 76' lang='lat' dir='ltr'><strong>nobis</strong></span> <span class='ocrx_word' id='word_1_188' title='bbox 393 3351 494 3412; x_wconf 83' lang='lat' dir='ltr'><strong>pueris]</strong></span> <span class='ocrx_word' id='word_1_189' title='bbox 529 3355 689 3411; x_wconf 74' lang='lat' dir='ltr'><strong>Quintilianus</strong></span> <span class='ocrx_word' id='word_1_190' title='bbox 708 3369 770 3399; x_wconf 83' lang='lat' dir='ltr'><strong>anno</strong></span> <span class='ocrx_word' id='word_1_191' title='bbox 790 3353 838 3400; x_wconf 80' lang='grc'><strong>795</strong></span> <span class='ocrx_word' id='word_1_192' title='bbox 859 3352 915 3412; x_wconf 78' lang='grc'><strong>(12)</strong></span> <span class='ocrx_word' id='word_1_193' title='bbox 934 3362 1003 3400; x_wconf 89' lang='lat' dir='ltr'><strong>natus</strong></span> <span class='ocrx_word' id='word_1_194' title='bbox 1022 3370 1075 3400; x_wconf 86' lang='lat' dir='ltr'><strong>esse</strong></span> <span class='ocrx_word' id='word_1_195' title='bbox 1095 3357 1181 3400; x_wconf 79' lang='lat' dir='ltr'><strong>fertur.</strong></span> 
     </span>
    </p>
   </div>
   <div class='ocr_carea' id='block_1_9' title="bbox 591 3471 994 3546">
    <p class='ocr_par' dir='ltr' id='par_1_11' title="bbox 591 3471 994 3546">
     <span class='ocr_line' id='line_1_30' title="bbox 591 3471 994 3546; baseline 0.005 -17"><span class='ocrx_word' id='word_1_196' title='bbox 591 3472 620 3530; x_wconf 77' lang='grc'><strong>4.</strong></span> <span class='ocrx_word' id='word_1_197' title='bbox 642 3471 742 3530; x_wconf 79' lang='lat' dir='ltr'><strong>Oratio</strong></span> <span class='ocrx_word' id='word_1_198' title='bbox 762 3490 815 3546; x_wconf 80' lang='lat' dir='ltr'><strong>pro</strong></span> <span class='ocrx_word' id='word_1_199' title='bbox 834 3476 994 3534; x_wconf 85' lang='lat' dir='ltr'><strong>Domitilla.</strong></span> 
     </span>
    </p>
   </div>
   <div class='ocr_carea' id='block_1_10' title="bbox 334 3604 1322 3690">
    <p class='ocr_par' dir='ltr' id='par_1_12' title="bbox 334 3604 1322 3690">
     <span class='ocr_line' id='line_1_31' title="bbox 334 3604 1322 3690; baseline -0.001 -21"><span class='ocrx_word' id='word_1_200' title='bbox 334 3608 417 3669; x_wconf 82' lang='lat' dir='ltr'><strong>Acta</strong></span> <span class='ocrx_word' id='word_1_201' title='bbox 437 3616 488 3668; x_wconf 85' lang='lat' dir='ltr'><strong>est</strong></span> <span class='ocrx_word' id='word_1_202' title='bbox 509 3625 605 3669; x_wconf 83' lang='lat' dir='ltr'><strong>causa</strong></span> <span class='ocrx_word' id='word_1_203' title='bbox 633 3604 769 3670; x_wconf 77' lang='lat' dir='ltr'><strong>Claudio</strong></span> <span class='ocrx_word' id='word_1_204' title='bbox 793 3605 986 3690; x_wconf 80' lang='lat' dir='ltr'><strong>imperante,</strong></span> <span class='ocrx_word' id='word_1_205' title='bbox 1012 3607 1043 3672; x_wconf 82' lang='lat' dir='ltr'><strong>it</strong></span> <span class='ocrx_word' id='word_1_206' title='bbox 1068 3620 1131 3682; x_wconf 87' lang='lat' dir='ltr'><strong>est,</strong></span> <span class='ocrx_word' id='word_1_207' title='bbox 1161 3607 1244 3670; x_wconf 86' lang='lat' dir='ltr'><strong>inter</strong></span> <span class='ocrx_word' id='word_1_208' title='bbox 1266 3625 1322 3668; x_wconf 85' lang='lat' dir='ltr'><strong>aa·</strong></span> 
     </span>
    </p>
   </div>
   <div class='ocr_carea' id='block_1_11' title="bbox 270 3707 1457 3795">
    <p class='ocr_par' dir='ltr' id='par_1_13' title="bbox 270 3707 1457 3795">
     <span class='ocr_line' id='line_1_32' title="bbox 270 3707 1457 3795; baseline 0.008 -27"><span class='ocrx_word' id='word_1_209' title='bbox 270 3727 343 3768; x_wconf 80' lang='lat' dir='ltr'><strong>nant</strong></span> <span class='ocrx_word' id='word_1_210' title='bbox 360 3708 526 3770; x_wconf 76' lang='lat' dir='ltr'><strong>tot-806</strong></span> <span class='ocrx_word' id='word_1_211' title='bbox 546 3709 688 3787; x_wconf 76' lang='lat' dir='ltr'><strong>(tt-tt</strong></span> <span class='ocrx_word' id='word_1_212' title='bbox 711 3731 744 3792; x_wconf 87' lang='lat' dir='ltr'><strong>p.</strong></span> <span class='ocrx_word' id='word_1_213' title='bbox 765 3708 863 3788; x_wconf 84' lang='lat' dir='ltr'><strong>Cltr.)</strong></span> <span class='ocrx_word' id='word_1_214' title='bbox 880 3711 1064 3792; x_wconf 77' lang='lat' dir='ltr'><strong>Quaeritur,</strong></span> <span class='ocrx_word' id='word_1_215' title='bbox 1089 3731 1171 3795; x_wconf 89' lang='lat' dir='ltr'><strong>quae</strong></span> <span class='ocrx_word' id='word_1_216' title='bbox 1193 3707 1233 3771; x_wconf 92' lang='lat' dir='ltr'><strong>sit</strong></span> <span class='ocrx_word' id='word_1_217' title='bbox 1248 3708 1321 3771; x_wconf 86' lang='lat' dir='ltr'><strong>Do·</strong></span> <span class='ocrx_word' id='word_1_218' title='bbox 1456 3775 1457 3778; x_wconf 74' lang='grc'><strong>,</strong></span> 
     </span>
    </p>
   </div>
   <div class='ocr_carea' id='block_1_12' title="bbox 269 3808 1322 4405">
    <p class='ocr_par' dir='ltr' id='par_1_14' title="bbox 269 3808 1322 4405">
     <span class='ocr_line' id='line_1_33' title="bbox 272 3808 1320 3896; baseline 0.001 -25"><span class='ocrx_word' id='word_1_219' title='bbox 272 3809 403 3874; x_wconf 75' lang='lat' dir='ltr'><strong>mititte?</strong></span> <span class='ocrx_word' id='word_1_220' title='bbox 430 3810 588 3874; x_wconf 80' lang='lat' dir='ltr'><strong>Novimus</strong></span> <span class='ocrx_word' id='word_1_221' title='bbox 603 3823 669 3875; x_wconf 89' lang='lat' dir='ltr'><strong>tres</strong></span> <span class='ocrx_word' id='word_1_222' title='bbox 688 3812 881 3888; x_wconf 79' lang='lat' dir='ltr'><strong>Domitillae,</strong></span> <span class='ocrx_word' id='word_1_223' title='bbox 900 3833 1034 3896; x_wconf 86' lang='lat' dir='ltr'><strong>quarum</strong></span> <span class='ocrx_word' id='word_1_224' title='bbox 1058 3833 1116 3874; x_wconf 90' lang='lat' dir='ltr'><strong>una</strong></span> <span class='ocrx_word' id='word_1_225' title='bbox 1129 3808 1320 3893; x_wconf 77' lang='lat' dir='ltr'><strong>Vespasiani</strong></span> 
     </span>
     <span class='ocr_line' id='line_1_34' title="bbox 270 3910 1322 3996; baseline -0.001 -21"><span class='ocrx_word' id='word_1_226' title='bbox 270 3935 355 3977; x_wconf 87' lang='lat' dir='ltr'><strong>uxor</strong></span> <span class='ocrx_word' id='word_1_227' title='bbox 379 3913 526 3989; x_wconf 79' lang='lat' dir='ltr'><strong>(Sueten.</strong></span> <span class='ocrx_word' id='word_1_228' title='bbox 553 3915 689 3996; x_wconf 87' lang='lat' dir='ltr'><strong>Vespas.</strong></span> <span class='ocrx_word' id='word_1_229' title='bbox 709 3917 768 3991; x_wconf 86' lang='grc'><strong>3.),</strong></span> <span class='ocrx_word' id='word_1_230' title='bbox 791 3915 890 3977; x_wconf 85' lang='lat' dir='ltr'><strong>altera</strong></span> <span class='ocrx_word' id='word_1_231' title='bbox 915 3912 1105 3996; x_wconf 88' lang='lat' dir='ltr'><strong>Vespasiani</strong></span> <span class='ocrx_word' id='word_1_232' title='bbox 1128 3910 1212 3987; x_wconf 87' lang='lat' dir='ltr'><strong>lilia;</strong></span> <span class='ocrx_word' id='word_1_233' title='bbox 1242 3915 1322 3976; x_wconf 85' lang='lat' dir='ltr'><strong>haec</strong></span> 
     </span>
     <span class='ocr_line' id='line_1_35' title="bbox 269 4013 1319 4102; baseline -0.002 -24"><span class='ocrx_word' id='word_1_234' title='bbox 269 4038 399 4102; x_wconf 84' lang='lat' dir='ltr'><strong>qnoque</strong></span> <span class='ocrx_word' id='word_1_235' title='bbox 426 4015 522 4078; x_wconf 82' lang='lat' dir='ltr'><strong>iiliatn</strong></span> <span class='ocrx_word' id='word_1_236' title='bbox 557 4016 667 4083; x_wconf 89' lang='lat' dir='ltr'><strong>habuit</strong></span> <span class='ocrx_word' id='word_1_237' title='bbox 704 4013 831 4082; x_wconf 86' lang='lat' dir='ltr'><strong>nomine</strong></span> <span class='ocrx_word' id='word_1_238' title='bbox 859 4015 1068 4080; x_wconf 82' lang='lat' dir='ltr'><strong>Domitillam.</strong></span> <span class='ocrx_word' id='word_1_239' title='bbox 1111 4014 1195 4090; x_wconf 85' lang='lat' dir='ltr'><strong>(Dio</strong></span> <span class='ocrx_word' id='word_1_240' title='bbox 1225 4013 1319 4078; x_wconf 84' lang='lat' dir='ltr'><strong>Cass.</strong></span> 
     </span>
     <span class='ocr_line' id='line_1_36' title="bbox 271 4116 1319 4200; baseline -0.002 -18"><span class='ocrx_word' id='word_1_241' title='bbox 271 4121 292 4182; x_wconf 89' lang='lat' dir='ltr'><strong>l.</strong></span> <span class='ocrx_word' id='word_1_242' title='bbox 321 4123 376 4192; x_wconf 84' lang='grc'><strong>67,</strong></span> <span class='ocrx_word' id='word_1_243' title='bbox 403 4121 469 4197; x_wconf 76' lang='lat' dir='ltr'><strong>ts).</strong></span> <span class='ocrx_word' id='word_1_244' title='bbox 493 4116 591 4186; x_wconf 86' lang='lat' dir='ltr'><strong>Conl.</strong></span> <span class='ocrx_word' id='word_1_245' title='bbox 613 4118 744 4180; x_wconf 47' lang='lat' dir='ltr'><strong>‘liclt&#39;hel</strong></span> <span class='ocrx_word' id='word_1_246' title='bbox 764 4117 918 4182; x_wconf 81' lang='lat' dir='ltr'><strong>Doctrina</strong></span> <span class='ocrx_word' id='word_1_247' title='bbox 944 4139 1069 4182; x_wconf 87' lang='lat' dir='ltr'><strong>numor.</strong></span> <span class='ocrx_word' id='word_1_248' title='bbox 1094 4130 1114 4180; x_wconf 92' lang='lat' dir='ltr'><strong>t.</strong></span> <span class='ocrx_word' id='word_1_249' title='bbox 1139 4121 1170 4180; x_wconf 90' lang='grc'><strong>6.</strong></span> <span class='ocrx_word' id='word_1_250' title='bbox 1193 4139 1227 4200; x_wconf 93' lang='lat' dir='ltr'><strong>p.</strong></span> <span class='ocrx_word' id='word_1_251' title='bbox 1244 4117 1319 4180; x_wconf 79' lang='grc'><strong>616.</strong></span> 
     </span>
     <span class='ocr_line' id='line_1_37' title="bbox 270 4217 1321 4305; baseline 0 -24"><span class='ocrx_word' id='word_1_252' title='bbox 270 4222 333 4282; x_wconf 83' lang='lat' dir='ltr'><strong>Sed</strong></span> <span class='ocrx_word' id='word_1_253' title='bbox 355 4221 445 4284; x_wconf 88' lang='lat' dir='ltr'><strong>aliam</strong></span> <span class='ocrx_word' id='word_1_254' title='bbox 465 4241 534 4282; x_wconf 86' lang='lat' dir='ltr'><strong>esse</strong></span> <span class='ocrx_word' id='word_1_255' title='bbox 557 4220 730 4293; x_wconf 83' lang='lat' dir='ltr'><strong>mulierem,</strong></span> <span class='ocrx_word' id='word_1_256' title='bbox 753 4241 815 4302; x_wconf 89' lang='lat' dir='ltr'><strong>pro</strong></span> <span class='ocrx_word' id='word_1_257' title='bbox 835 4243 898 4305; x_wconf 81' lang='lat' dir='ltr'><strong>qua</strong></span> <span class='ocrx_word' id='word_1_258' title='bbox 921 4221 1004 4284; x_wconf 81' lang='lat' dir='ltr'><strong>Afer</strong></span> <span class='ocrx_word' id='word_1_259' title='bbox 1027 4219 1161 4295; x_wconf 84' lang='lat' dir='ltr'><strong>dixerat,</strong></span> <span class='ocrx_word' id='word_1_260' title='bbox 1191 4219 1258 4282; x_wconf 90' lang='lat' dir='ltr'><strong>veri</strong></span> <span class='ocrx_word' id='word_1_261' title='bbox 1278 4217 1321 4282; x_wconf 85' lang='lat' dir='ltr'><strong>si·</strong></span> 
     </span>
     <span class='ocr_line' id='line_1_38' title="bbox 270 4320 1320 4405; baseline 0.007 -26"><span class='ocrx_word' id='word_1_262' title='bbox 270 4321 342 4382; x_wconf 85' lang='lat' dir='ltr'><strong>mile</strong></span> <span class='ocrx_word' id='word_1_263' title='bbox 359 4332 418 4397; x_wconf 84' lang='lat' dir='ltr'><strong>est,</strong></span> <span class='ocrx_word' id='word_1_264' title='bbox 443 4333 473 4384; x_wconf 80' lang='lat' dir='ltr'><strong>et</strong></span> <span class='ocrx_word' id='word_1_265' title='bbox 489 4323 624 4390; x_wconf 82' lang='lat' dir='ltr'><strong>tortasse</strong></span> <span class='ocrx_word' id='word_1_266' title='bbox 642 4320 743 4405; x_wconf 83' lang='lat' dir='ltr'><strong>ipsius</strong></span> <span class='ocrx_word' id='word_1_267' title='bbox 760 4321 895 4388; x_wconf 86' lang='lat' dir='ltr'><strong>Domitii</strong></span> <span class='ocrx_word' id='word_1_268' title='bbox 919 4321 1110 4390; x_wconf 80' lang='lat' dir='ltr'><strong>necessaria.</strong></span> <span class='ocrx_word' id='word_1_269' title='bbox 1135 4323 1320 4405; x_wconf 77' lang='lat' dir='ltr'><strong>Argumen-</strong></span> 
     </span>
    </p>
   </div>
   <div class='ocr_carea' id='block_1_13' title="bbox 0 0 1484 4840">
    <p class='ocr_par' dir='ltr' id='par_1_15' title="bbox 0 0 1484 4840">
     <span class='ocr_line' id='line_1_39' title="bbox 0 0 1484 4840; baseline 0 0"><span class='ocrx_word' id='word_1_270' title='bbox 0 0 1484 4840; x_wconf 95' lang='lat' dir='ltr'><strong> </strong></span> 
     </span>
    </p>
   </div>
  </div>
 </body>
</html>
