2984 4842
239 363 302 426 tto

238 523 469 600 μετετίθεντο,
491 526 585 614 μέχρι
613 518 746 601 Κάτων,
766 520 827 603 ἤδη
846 524 962 613 σαφῶς
978 517 1217 588 ἀνακαλύπτων
1233 521 1291 604 τὴν

239 627 272 702 ἐς
302 621 360 691 τὸν
393 625 553 714 Καίσαρα
588 621 757 717 ὑποψίαν,
790 631 846 691 καὶ
872 621 890 691 ὁ
915 627 1064 710 Κικέρων
1093 625 1227 692 ἔπεισαν
1250 624 1292 704 ὡς

240 722 445 817 αὐτοφώρων
467 724 545 794 ἄνευ
566 729 700 817 κρίσεως
718 729 936 814 recuperarat.

307 830 441 893 Sueton.
460 827 580 894 Caesar
599 834 647 897 lli.
695 835 823 898 Caesar
845 845 989 914 praetor
1003 844 1141 895 creatus
1160 833 1292 898 detecta

241 932 481 995 coniuratione
511 935 680 998 Catilinae
709 947 897 1018 senatuque
926 935 1083 997 uniuerso
1113 935 1149 998 in
1178 937 1291 1000 socios

231 1031 418 1123 facinoris
430 1037 588 1100 ultimam
602 1049 773 1100 statuente
784 1058 933 1120 poenam
945 1040 1042 1100 solus
1054 1033 1292 1120 municipatim

242 1138 443 1202 diuidendos
458 1141 767 1224 custodiendosque
777 1140 962 1223 publicatis
977 1141 1076 1203 bonis
1091 1142 1233 1217 censuit,
1249 1177 1290 1189 —

242 1241 529 1325 obtinuissetque‚
557 1243 771 1306 transductis
794 1243 841 1304 od
869 1263 905 1304 se
928 1244 998 1305 iam
1020 1243 1198 1324 pluribus,
1224 1244 1291 1306 nisi

243 1344 415 1407 labantem
430 1345 586 1408 ordinem
602 1346 847 1425 confirmasset
862 1350 917 1410 M.
939 1349 1074 1410 Coton
1084 1346 1120 1408 is
1135 1347 1290 1410 oratio.

306 1447 418 1510 Schol.
440 1447 616 1512 Bobiensia
640 1446 672 1511 in
705 1460 791 1512 orat.
820 1470 882 1529 pro
909 1447 1015 1512 Sestio
1040 1469 1070 1511 o.
1096 1449 1148 1513 29.
1168 1471 1201 1530 p.
1220 1450 1291 1517 302.

242 1553 318 1632 Ipse
333 1552 420 1614 Cato
441 1552 601 1614 tribunus
621 1553 670 1633 pl.
695 1552 897 1634 designatus
918 1554 1102 1614 Lentulum
1124 1563 1157 1614 et
1175 1555 1290 1616 Cethe·

243 1674 327 1736 gum
347 1665 381 1716 et
402 1664 533 1716 ceteros
555 1667 735 1717 censuerat
757 1653 867 1736 capite
888 1654 1093 1736 puniendos.

508 1829 665 1886 Lxxxvt.
705 1829 739 1902 L.
764 1829 929 1902 Calpurnius
948 1831 1022 1886 Piso.

312 1943 413 2004 Natus
428 1953 475 2005 est
502 1963 531 2006 a.
560 1942 621 2005 663
651 1940 748 2026 (101),
774 1944 913 2007 Praetor
936 1965 965 2006 a.
994 1943 1055 2006 698
1075 1943 1157 2024 (ol),
1183 1944 1296 2008 deinde

246 2042 447 2126 provinciam
475 2043 629 2120 obtinuit,
654 2048 736 2110 unde
766 2067 915 2110 reversus
942 2048 1188 2128 repetundarum
1211 2069 1227 2108 a
1252 2049 1293 2111 P.

247 2146 367 2211 Clodio
394 2147 586 2230 postulatur.
621 2146 746 2213 Consul
767 2171 797 2214 a.
825 2149 885 2213 696
913 2150 996 2229 (68),
1027 2149 1139 2212 deinde
1162 2149 1194 2211 in
1217 2171 1293 2231 pro-

247 2247 381 2312 vinciam
406 2249 628 2313 Macedoniarn
654 2252 806 2326 decessit,
837 2255 918 2314 unde
948 2251 1043 2314 rediit
1069 2273 1099 2314 a.
1129 2253 1190 2316 699
1218 2252 1294 2336 (66).

246 2351 319 2416 Cic.
338 2356 376 2416 de
392 2373 488 2435 prov.
515 2375 605 2417 cons.
632 2356 662 2429 2,
691 2354 720 2418 lt.
747 2375 838 2440 seqq.
863 2354 894 2416 in
920 2355 1031 2418 Pison.
1055 2357 1104 2430 16,
1132 2356 1184 2419 38.
1211 2353 1296 2420 Cen-

245 2456 302 2518 so'r
321 2478 351 2519 a.
375 2458 437 2519 tot
456 2458 537 2535 (60).
564 2455 664 2522 Conf.
690 2458 854 2522 Drumsnn
880 2468 905 2520 t.
935 2459 965 2521 2.
994 2481 1028 2540 p.
1055 2459 1108 2521 66.
1280 2473 1310 2506 s·

434 2633 535 2690 Oratio
554 2637 694 2691 adversus
714 2635 752 2692 M.
776 2635 903 2695 Tullium
925 2635 1106 2692 Ciceronem.

311 2746 359 2808 Ea
384 2758 431 2808 est
457 2746 576 2828 scripta
605 2767 636 2809 a.
674 2751 735 2809 700
758 2747 839 2832 (st).
872 2746 952 2812 Piso
980 2759 1011 2812 et
1035 2747 1154 2812 Cicero
1181 2753 1298 2810 sdver-

248 2845 325 2910 sarii
347 2859 448 2911 erant.
487 2851 586 2912 Extat
615 2849 786 2915 Ciceronis
812 2849 844 2912 in
871 2871 941 2914 euin
969 2851 1091 2925 oratio,
1109 2850 1296 2913 iniuriarum

250 2962 281 3014 et
304 2950 542 3016 maledictorum
569 2952 673 3033 plena,
697 2975 725 3024 a.
750 2955 811 3019 699
837 2955 906 3034 (66)
935 2953 1051 3027 habita,
1079 2952 1130 3016 cui
1154 2951 1297 3034 rescrip-

247 3052 290 3116 sit
314 3052 405 3118 Piso.

312 3153 382 3223 Cic.
413 3159 452 3218 ad
486 3158 529 3237 Q.
564 3157 659 3222 fratr.
694 3161 731 3236 6,
766 3165 803 3237 1,
836 3163 868 3223 lt.
925 3161 1101 3242 Rescripsi
1134 3160 1299 3242 epistolae

250 3258 438 3320 maximae.
463 3261 558 3324 Audi
584 3284 673 3324 nunc
700 3264 742 3326 de
770 3263 975 3325 minuscula.
1000 3264 1035 3324 in
1059 3283 1129 3344 qua
1143 3263 1299 3342 primurn

248 3371 300 3422 est
324 3359 365 3424 de
397 3362 508 3425 Clodii
538 3366 584 3426 od
613 3370 797 3430 Caesarem
824 3365 960 3425 litteris.
997 3364 1154 3424 Alterum
1182 3372 1234 3422 est
1256 3362 1299 3422 de

249 3465 471 3528 Caluentii
493 3468 630 3530 Marii
651 3468 868 3530 oratione.
908 3463 1011 3543 Quod
1031 3461 1163 3534 scribis,
1188 3462 1299 3524 miror

249 3564 311 3630 tibi
334 3568 471 3650 placere
500 3592 552 3633 me
584 3569 631 3630 ad
661 3589 737 3631 eom
762 3565 969 3639 rescribere,
996 3564 1203 3646 praesertim
1221 3585 1300 3626 curn

248 3667 343 3732 illam
355 3691 454 3734 nemo
466 3674 618 3733 lecturus
633 3672 697 3742 sit‚·
713 3670 743 3734 si
758 3691 824 3751 ego
841 3668 927 3730 nihil
944 3667 1174 3750 rescripsero,
1188 3687 1300 3729 meam

247 3771 283 3833 in
305 3772 405 3836 illum
422 3774 525 3855 pueri
547 3792 665 3836 omnes
693 3783 869 3854 tamquam
895 3770 1026 3833 dictata
1048 3769 1262 3852 perdiscant.

282 3913 407 3963 Galvsnlii
418 3914 510 3974 Marii]
547 3915 634 3960 Cicero
654 3917 771 3961 Pisonem
789 3913 946 3961 Calocntium
965 3921 1036 3974 etque
1053 3913 1165 3959 Marium
1179 3916 1299 3970 appellare

319 4009 382 4050 solet
401 4005 519 4059 ludibci03
543 4009 619 4048 uniter
640 4007 703 4050 enim
724 4006 776 4050 eius
798 4005 916 4050 Calventii
937 4003 986 4049 filiu
1008 4019 1021 4050 s
1039 4004 1164 4048 Placentia
1185 4001 1300 4046 inGnlliu

320 4101 382 4139 erut.
415 4093 525 4138 Eundem
543 4093 648 4137 Marium
667 4095 786 4149 appellet,
816 4095 852 4138 vel
877 4107 931 4138 cum
955 4093 1138 4149 imperatorium
1161 4093 1300 4149 dignitatern

318 4180 451 4234 affectaret,
471 4181 509 4224 vel
528 4192 568 4238 so,
589 4181 661 4238 quod,
681 4194 734 4224 eum
754 4179 897 4226 Ciceronem
917 4183 940 4224 in
961 4181 1060 4226 exilium
1080 4180 1201 4234 eiecisset,
1220 4177 1300 4222 Mario

319 4279 344 4309 se
363 4266 468 4312 similem
496 4281 550 4313 esse
572 4270 679 4324 diceret,
701 4269 742 4326 qni
768 4269 798 4325 Q.
822 4270 948 4315 Metellum
976 4268 1127 4313 Numidicum
1153 4270 1176 4310 in
1202 4265 1301 4310 exilium

320 4352 426 4399 iniceret.
448 4354 519 4398 Cani.
544 4356 667 4400 Drurnsnn
690 4363 707 4404 t,
732 4354 757 4402 2.
782 4369 805 4410 p.
830 4355 871 4400 li.
