2992 4844
266 359 328 424 346

269 537 358 600 opus
390 536 463 580 esse
495 516 600 582 dixit.
635 517 724 582 Idem
763 517 864 582 relert
898 517 947 584 lo.
980 516 1233 584 Saresberiensis
1269 523 1320 588 De

272 622 362 704 Nug.
386 619 467 684 Cur.
492 620 516 683 l.
542 619 624 694 VII,
655 620 708 684 25.
735 642 770 701 p.
794 620 869 688 518.

536 799 563 854 3.
606 796 707 854 Oratio
725 814 778 870 pro
799 797 877 854 Gneo
897 797 1042 870 Pompeio.

334 931 383 992 Ea
404 927 511 992 habita
536 941 583 992 est
608 951 638 994 a.
665 930 726 992 668
754 931 833 1006 (86).
861 927 924 992 Cu.
952 929 1127 1010 Pompeius
1155 929 1212 992 illu
1235 952 1319 996 anno

271 1053 343 1096 reus
368 1032 471 1094 factus
500 1042 565 1108 est,
588 1034 676 1116 quod
704 1031 736 1094 iu
767 1032 852 1096 bello
881 1029 1029 1095 Marsico
1062 1031 1176 1094 Asculi
1202 1054 1232 1096 a.
1257 1033 1319 1096 665

272 1135 339 1213 (89)
364 1137 512 1216 praedam
542 1132 771 1219 pecuniamque
804 1133 1004 1215 diripuisset,
1035 1146 1129 1218 atque
1160 1134 1318 1198 aerarium

272 1236 385 1319 pupuli
417 1236 541 1300 romani
576 1236 840 1302 defraudavisset.
878 1237 985 1320 Atque
1021 1246 1226 1300 accusatores
1260 1239 1318 1323 qui

272 1361 343 1402 eum
364 1343 408 1404 ob
433 1339 466 1404 id
494 1339 695 1422 potissimum
725 1342 875 1414 oderant,
909 1342 999 1423 quod
1029 1350 1141 1403 contra
1174 1340 1319 1404 Marium

272 1453 414 1520 steterat,
432 1446 693 1506 condemnassent
709 1465 796 1518 eum,
816 1441 877 1504 uisi
898 1441 1060 1505 connubio
1076 1441 1209 1522 gratiam
1224 1443 1320 1506 Anti·

272 1543 325 1608 stii
342 1545 537 1630 quaesitoris
552 1557 720 1627 captasset.
744 1547 812 1610 Pro
835 1566 875 1608 eo
896 1544 1006 1608 dixere
1025 1543 1210 1626 Philippus,
1227 1547 1320 1610 Hor·

273 1648 391 1711 tensius
416 1659 448 1711 et
480 1647 545 1712 Cu.
581 1647 731 1730 Papirius
759 1646 881 1714 Carbo.
907 1647 998 1725 (Val.
1029 1649 1123 1712 Max.
1148 1648 1181 1722 6,
1209 1649 1245 1724 2,
1271 1649 1321 1724 8.)

275 1748 377 1814 Conf.
403 1750 490 1814 Plut.
518 1748 693 1831 Pompeius
720 1750 751 1812 4.
780 1751 944 1812 Drumanu
970 1763 991 1818 t.
1017 1753 1048 1814 4.
1075 1773 1108 1832 p.
1135 1751 1209 1813 326.

341 1851 413 1918 Cic.
430 1853 533 1915 Bruto
553 1852 606 1914 64.
630 1852 809 1935 Philippus
832 1852 903 1915 inm
928 1873 1033 1916 senex
1052 1875 1119 1935 pro
1141 1856 1202 1918 Gn.
1220 1856 1321 1918 Pom·

272 1954 344 2037 peii
366 1955 463 2018 bonis
486 1953 590 2016 dixit.

310 2101 363 2144 ium
381 2098 471 2158 senex]
508 2099 573 2160 quod
591 2114 670 2144 senex
695 2098 740 2146 Ιιοε
767 2102 821 2145 loco
838 2100 952 2156 dicutur,
973 2102 1019 2145 uix
1039 2099 1197 2162 urgendum,
1216 2115 1276 2145 narn
1294 2116 1321 2146 ιι.

347 2185 395 2233 668
425 2202 506 2233 annos
525 2185 644 2242 fortusse
671 2194 724 2232 tres
752 2187 793 2232 vel
818 2197 926 2248 quotuor
956 2195 980 2234 et
1014 2189 1198 2249 qninquaginta
1224 2187 1321 2234 hebuit.

345 2276 441 2321 Ellendt
458 2289 482 2332 p.
503 2275 621 2320 LXXIX.
649 2275 773 2332 Philippus
794 2289 868 2322 senex
896 2277 981 2322 dicitur
1006 2282 1158 2333 comparatus
1185 2289 1238 2321 eum
1258 2275 1320 2320 llor-

345 2370 424 2409 teusro
442 2366 568 2408 admodum
588 2365 680 2409 iuvene.

340 2485 508 2548 Plutarch.
532 2505 561 2545 v.
577 2483 725 2566 Pompeii
748 2484 780 2547 2.
795 2470 866 2550 Ἦν
886 2485 922 2548 δέ
939 2507 989 2562 τις
1007 2489 1062 2548 καὶ
1082 2479 1249 2564 ἀναστολὴ
1265 2485 1324 2564 τῆς

276 2583 379 2672 κόμης
394 2583 521 2672 ἀτρέμα
536 2591 591 2652 καὶ
614 2589 677 2653 τῶν
695 2591 767 2676 περὶ
793 2582 834 2652 τὰ
857 2581 992 2670 ὄμματα
1016 2585 1158 2674 ῥυθμῶν
1180 2580 1324 2676 ὑγρότης

277 2689 336 2756 τοῦ
357 2685 535 2779 προσώπου
559 2691 703 2755 ποιοῦσα
725 2689 852 2773 μᾶλλον
874 2690 1049 2774 λεγομένην
1077 2683 1098 2768 ἢ
1121 2690 1324 2777 φαινομένην

205 2875 212 2882 ¹
278 2787 460 2876 ὁμοιότητα
475 2789 557 2880 πρὸς
572 2787 631 2868 τὰς
642 2785 865 2879 Ἀλεξάνδρου
887 2791 946 2855 τοῦ
964 2792 1127 2874 βασιλέως
1149 2779 1324 2882 εἰκόνας·ᾗ

278 2900 332 2960 καὶ
349 2889 494 2981 τοῦνομα
513 2894 642 2959 πολλῶν
659 2895 692 2959 έν
712 2889 795 2987 ἀρχῇ
813 2887 1094 2984 συνεπιφερόντων
1113 2888 1172 2958 οὐκ
1191 2891 1325 2984 ἔφευγεν

279 2993 297 3061 ὁ
324 2991 518 3082 Πομπήϊος,
552 2987 595 3073 ὥς
619 3019 652 3061 τε
675 3001 732 3061 καὶ
753 2990 972 3082 χλευάζοντας
1003 2989 1105 3060 αὐτὸν
1130 2993 1234 3071 ένίους
1260 2989 1324 3074 ἤδη

278 3103 388 3166 καλεῖν
415 3094 648 3188 Ἀλέξανδρον.
689 3096 842 3166 Διὸκαὶ
870 3094 1051 3176 Λεύκιος
1094 3098 1324 3178 Φίλιππος,

267 3198 368 3290 ’ἀνὴρ
402 3195 626 3282 ὑπατικὸς,
654 3201 906 3290 συνηγορῶν
939 3197 1046 3291 αὐτῷ
1075 3203 1206 3285 μηδὲν
1246 3199 1325 3291 ἔφη

278 3307 415 3370 ποιεῖν
431 3297 687 3392 παράλογον,
705 3301 741 3370 εἰ
763 3305 976 3382 Φίλιππος
993 3299 1043 3372 ὢν
1065 3302 1326 3396 φιλαλέξαν-

280 3400 502 3492 δρὸςέστι

386 3585 414 3642 l.
457 3585 557 3643 Oratio
576 3602 631 3656 pro
651 3585 737 3642 Sexto
758 3583 867 3644 Naevio
888 3587 989 3640 contra
1008 3584 1039 3640 P.
1063 3583 1221 3651 Quintium.

342 3720 386 3782 L.
410 3715 581 3799 Philippus
608 3737 762 3779 unacum
794 3711 973 3780 Hortensio
1008 3735 1038 3777 a.
1069 3714 1131 3777 673
1153 3712 1221 3797 (81)
1247 3713 1325 3775 Sex.

281 3819 439 3883 Naevium
464 3829 576 3882 contra
602 3817 793 3882 Ciceronem
815 3815 975 3892 defendit,
1003 3818 1043 3880 P.
1070 3813 1195 3898 Quintil
1213 3827 1327 3897 patro·

272 3943 365 3986 num.
389 3921 473 3985 Vide
493 3943 618 4004 argum.
646 3933 730 3984 orat.
756 3917 1004 3993 Ciceronianae;
1030 3917 1111 3981 ibid.
1133 3939 1164 3981 c.
1183 3918 1236 3981 22.

411 4098 439 4154 5.
481 4095 580 4156 Oratio
601 4098 739 4154 advorsus
758 4096 849 4154 Mam.
872 4095 1027 4154 Aemilium
1047 4095 1199 4168 Lepidum.

345 4217 499 4301 Legimus
523 4222 608 4300 apud
635 4215 803 4280 Salustium
834 4215 1011 4280 orationem
1038 4217 1145 4278 fictam
1171 4212 1327 4295 Philippi,

282 4341 311 4379 a.
339 4321 413 4379 677.
440 4320 508 4394 (77)
525 4331 638 4383 contra
664 4319 822 4401 Lepidum
852 4318 1014 4383 consulem
1046 4317 1079 4380 in
1106 4327 1215 4381 senatu
1234 4313 1330 4378 habi·
