2958 4840
1161 368 1222 432 635

100 573 103 578 .
176 525 276 590 nobis
308 525 397 589 misi.
419 529 574 591 'Earum
600 547 671 590 una
698 526 745 588 ad
778 527 929 590 urbanos
947 524 1077 617 fasces
1111 529 1221 590 meut-

176 640 308 691 tantem
329 631 437 692 tenuit
458 628 693 691 candidatum.

209 744 385 806 resultantem]
422 747 441 795 i.
462 761 485 793 e.
505 747 649 792 asnbientern
667 750 806 802 praeturam
827 747 951 795 urbanam.

264 864 311 922 ld.
352 863 516 922 Gratiarum
537 866 612 922 actio
631 882 684 937 pro
703 865 785 922 Decii
806 867 915 922 urbana
935 866 1126 938 praefectura.

238 975 350 1040 Maius
373 975 485 1039 scribit
514 999 548 1058 p.
573 977 726 1040 LVIII.:
763 975 946 1040 Gratiarum
969 977 1073 1053 aetio,
1111 991 1144 1041 ut
1173 979 1220 1042 vi·

175 1083 285 1156 detur,
315 1078 470 1144 Honorio
505 1100 566 1160 pro
597 1079 691 1144 Decii
720 1081 840 1142 urbana
870 1080 1090 1161 praefectura,
1129 1102 1221 1166 qoam

177 1182 230 1244 hic
263 1203 345 1245 anno
377 1180 457 1246 Chr.
493 1183 553 1244 tot
585 1181 828 1246 administravit.
872 1180 979 1262 Epist.
1013 1183 1070 1246 lib.
1102 1186 1137 1258 7,
1167 1185 1221 1248 50.

178 1285 336 1347 Fortasse
359 1295 462 1346 tamen
486 1306 549 1347 non
574 1285 680 1349 oratio
702 1284 780 1359 fuit,
804 1289 858 1348 sed
882 1283 1033 1368 epistola,
1059 1284 1152 1348 sicuti
1173 1285 1226 1348 illa

178 1387 217 1446 ad
241 1385 391 1446 Rufinum
416 1407 476 1466 pro
500 1385 666 1464 Flaviani,
689 1386 743 1470 qni
760 1387 893 1452 Decium
908 1387 1107 1480 praecessit,
1131 1409 1224 1470 prae-

178 1486 314 1548 fectura.
360 1488 425 1568 Ep.
450 1487 473 1550 l.
499 1489 535 1564 2,
559 1489 612 1550 tt.
657 1489 696 1566 3,
721 1490 771 1558 81,

458 1626 504 1682 15.
545 1626 645 1684 Oratio
665 1633 764 1684 contra
784 1628 947 1686 Gildonem.

242 1737 420 1802 Accusavit
441 1736 612 1801 maiestatis
633 1738 800 1802 Gildonem
815 1745 1050 1822 ,Syrnmachum
1075 1742 1223 1808 comitem

180 1841 344 1927 utriusque
376 1839 521 1918 militias,
553 1863 583 1904 a.
615 1843 696 1904 1149
723 1843 823 1921 (396).
860 1845 958 1909 Gildo
982 1845 1062 1909 enim
1093 1867 1162 1908 cum
1194 1846 1225 1909 in

178 1943 294 2008 Africa
315 1941 515 2023 tyrannidem
538 1943 723 2025 arripuisset
744 1958 776 2007 et
799 1948 933 2010 Romam
957 1959 1079 2011 retenta
1101 1969 1225 2012 annona

178 2047 261 2109 fame
284 2046 471 2128 pressisset:
508 2044 609 2108 hostis
631 2067 649 2106 a
670 2058 780 2108 senatu
807 2047 981 2121 iudicatus,
1006 2062 1037 2111 et
1059 2049 1227 2113 Honorius

178 2148 355 2230 imperator
382 2149 498 2212 bellum
531 2158 641 2210 eontra
671 2169 742 2209 eam
770 2148 909 2231 suscepit
933 2170 1065 2232 eumque
1095 2149 1172 2212 vicit
1200 2173 1227 2215 a.

186 2254 264 2313 1151
288 2252 388 2330 (398).
433 2250 533 2318 Cous.
563 2249 702 2315 Orosius
732 2251 755 2313 l.
787 2253 822 2326 7,
851 2252 905 2314 36.
951 2250 1119 2316 Claudiani
1147 2252 1228 2316 liber

181 2357 220 2416 de
244 2353 329 2416 bello
353 2352 538 2419 Gildonico.
585 2354 755 2416 Sohlosser
778 2354 876 2418 Univ.
902 2355 1037 2420 Uebers.
1065 2357 1123 2416 der
1144 2355 1226 2419 alten

187 2457 276 2518 Welt
296 2456 358 2521 Ili.
382 2457 413 2519 3.
437 2479 471 2538 p.
498 2458 570 2519 173.
595 2479 687 2542 seqq.
1274 2527 1275 2532 .

245 2560 453 2638 Symmachus
493 2558 600 2641 Epist.
639 2558 698 2622 lib.
733 2561 773 2634 4,
811 2562 842 2622 lt.
889 2559 1060 2624 Stilichoni
1093 2559 1223 2623 scribite

184 2661 277 2742 Quid
296 2661 337 2724 de
356 2660 532 2744 Afrorum
554 2662 672 2724 dolore
693 2673 726 2723 et
747 2663 950 2726 militarium
972 2663 1127 2726 virorum
1148 2685 1228 2746 qne·

183 2765 265 2825 relic
301 2766 478 2828 consultus
511 2776 697 2846 praecepto
737 2786 838 2828 sacro
874 2765 1108 2847 amplissimus
1143 2765 1230 2828 ordo

183 2867 370 2939 censuerit,
405 2869 504 2949 plene
544 2878 646 2950 atque
682 2881 801 2950 aperte
836 2879 1014 2950 gestorum
1046 2867 1230 2933 curialium

183 2968 393 3050 inspectione
415 2990 503 3051 cogn
527 2991 612 3032 sees.
657 2971 725 3035 sed
745 2971 827 3054 qaia
849 2991 901 3032 me
919 2967 1229 3058 quoquefamilia-

181 3071 268 3132 riter
300 3070 445 3134 indicem
484 3084 602 3156 gestae
632 3075 684 3136 rei
713 3097 786 3136 esse
817 3073 967 3147 iussisti,
1006 3073 1227 3144 summatim,

184 3193 271 3256 quae
289 3173 428 3234 decreto
448 3185 546 3248 sunt,
571 3195 638 3238 non
657 3179 787 3239 tacebo.
832 3176 946 3239 Lectis
966 3175 1098 3237 domini
1120 3174 1231 3236 nostri

183 3276 333 3340 Honorii
356 3278 510 3360 Augusti
538 3278 647 3341 literis
671 3291 772 3362 atque
797 3277 991 3350 sententiis,
1014 3277 1232 3358 decursisque

182 3379 340 3440 omnibus
359 3379 518 3461 paginis,
543 3400 629 3463 quae
648 3381 803 3443 Gildonis
825 3379 973 3441 crimina
994 3378 1227 3452 continebant,

181 3502 250 3560 par·
272 3481 441 3543 bonorum
461 3494 576 3544 motus
600 3483 730 3563 erupit:
753 3482 900 3543 consulti
923 3481 1032 3563 igitur
1057 3479 1092 3540 in
1111 3491 1234 3541 senatu

187 3604 281 3644 more
310 3584 481 3646 maiorum
510 3584 634 3667 (neque
667 3583 757 3644 enim
774 3583 943 3665 legitimo
967 3581 1088 3643 ordine
1114 3581 1234 3642 iudicii

189 3685 378 3747 auctoritas
410 3698 504 3749 stare
534 3687 730 3768 potuisset),
779 3685 911 3767 ingenti
943 3704 1069 3744 causae
1102 3683 1233 3744 deuotis

185 3787 361 3849 sententiis
380 3786 633 3878 satisfecimus.
678 3787 824 3851 Adiecta
842 3799 892 3849 est
912 3796 993 3869 post
1017 3785 1067 3847 rei
1087 3785 1231 3847 damno·

187 3886 314 3949 tionem
342 3910 410 3971 pro
435 3890 607 3952 alimentis
631 3890 754 3972 popuii
779 3889 916 3953 romoni
942 3887 1166 3971 supplicatio:
1196 3886 1233 3947 in
1313 3891 1317 3894 ’

184 3999 276 4048 metu
300 3990 390 4051 enim
415 4011 552 4066 sumus,
582 4014 623 4054 ne
649 3992 737 4056 obsit
764 3991 1006 4056 commeatibus
1031 3988 1232 4051 annonariis

184 4088 289 4150 medii
314 4091 481 4171 temporis
515 4113 614 4154 mora
639 4106 672 4155 et
699 4094 917 4175 perturbatio
946 4092 1054 4177 plebis
1082 4075 1230 4154 oriatur.

188 4190 308 4254 Veniet
331 4191 367 4253 ia
392 4212 515 4254 manus
529 4205 618 4269 tuus,
633 4195 717 4278 quid
730 4197 1045 4276 pronunciaverim.
1070 4194 1231 4276 Reperies

183 4303 215 4354 et
226 4291 330 4382 facti
356 4293 459 4355 huius
483 4315 535 4355 me
561 4290 750 4358 asseruisse
776 4298 962 4378 iustitiam,
998 4309 1030 4360 et
1057 4298 1152 4380 opud
1173 4298 1233 4360 do·
