2966 4842
1122 355 1181 418 ost

137 509 320 572 heredibus
356 507 505 591 imaginis
545 505 680 589 clipeum
715 507 884 571 masculine
920 508 1022 572 dixit:
1058 512 1187 594 clipeus

136 623 343 694 praetextae
365 609 528 693 imaginis
547 611 696 691 positus.

168 771 217 814 pro
236 755 326 801 Vinius
346 753 491 814 heredibus]
513 758 636 814 tegendum
662 769 714 800 esse
742 770 790 814 pro
809 755 929 802 Urbiniae
951 757 1087 804 heredibus
1113 761 1186 802 aneni·

205 846 291 890 testnm
311 849 355 887 est.

166 937 318 992 praetextae
338 927 471 990 irnaginie]
509 935 526 975 i.
548 946 569 976 e.
591 933 669 992 iinago
687 933 790 978 bominis
809 941 931 990 pmeteata
950 937 1037 980 induti.

455 1035 484 1090 7.
519 1032 618 1090 Oratio
641 1049 693 1103 pro
716 1034 864 1090 Liburnia.

199 1149 342 1212 Eandem
356 1146 517 1208 mulierem
528 1144 706 1208 defendisse
721 1145 992 1210 videtui-Messala
1002 1147 1184 1212 Corvinus:

138 1251 204 1314 eius
225 1249 306 1312 enim
323 1251 452 1312 extabat
472 1249 587 1311 oratio
608 1271 673 1330 pro
684 1249 864 1325 Liburnia,
881 1252 928 1327 (v.
942 1273 975 1332 p.
993 1253 1078 1330 510.)
1103 1263 1188 1315 etex

139 1352 335 1436 Quintiliano
351 1354 401 1429 10,
415 1357 443 1428 1,
455 1352 508 1413 nt.
520 1351 675 1423 novistine,
687 1350 866 1414 Pollionem
884 1363 914 1414 et
927 1354 1098 1415 Messalam
1113 1375 1186 1417 eos-

140 1460 208 1519 dem
232 1455 402 1539 aliquando
427 1453 603 1516 defendisse
626 1475 712 1516 reos.
762 1452 865 1516 Causa
897 1466 944 1518 est
978 1457 1190 1520 centumvira-

138 1559 180 1621 lis
199 1571 229 1621 et
255 1557 296 1621 lis
324 1557 355 1620 in
377 1556 507 1642 querela
532 1554 706 1619 inofficiosi
730 1556 884 1619 consistit.
931 1560 994 1636 (De
1017 1581 1052 1622 ea
1075 1581 1111 1622 re
1153 1581 1184 1621 v.

140 1661 221 1726 Rein
245 1663 341 1726 Riisn.
366 1659 573 1724 Privatrecbt
594 1681 628 1739 p.
654 1658 740 1736 390).
787 1659 942 1722 Liburnia
968 1673 1067 1724 mater
1085 1683 1101 1723 a
1119 1661 1187 1724 filio

140 1767 352 1840 exheredata,
377 1764 416 1832 P.
440 1760 606 1825 Novanius
631 1761 738 1824 Gallio
767 1783 827 1844 pro
852 1783 886 1824 ea
910 1764 1004 1826 heres
1027 1763 1187 1826 institutus

144 1877 204 1929 est.
250 1867 360 1928 Mater
383 1865 542 1949 querclam
567 1862 745 1926 inofficiosi
769 1863 884 1940 defert,
910 1865 1040 1950 eiusque
1064 1886 1187 1928 calisam

141 1990 309 2050 suscepere
334 1967 462 2030 Asinius
485 1978 515 2029 et
538 1967 692 2029 Messala.
943 1959 944 1962 ¹

206 2069 341 2153 Quintil.
366 2070 398 2146 9,
424 2071 452 2144 2,
477 2069 528 2134 33.
572 2073 672 2132 Falsa
694 2082 726 2132 et
756 2070 970 2158 incredibilia
989 2084 1116 2133 natura
1131 2093 1188 2134 ne·

141 2195 233 2236 cesse
255 2185 305 2234 est
328 2183 389 2233 aut
412 2172 525 2254 magis
548 2187 722 2247 moueant,
752 2173 834 2255 quia
861 2195 970 2253 supra
992 2194 1072 2235 cera
1094 2185 1185 2249 sunt,

141 2287 203 2339 aut
237 2297 302 2358 pro
342 2269 438 2336 vanis
476 2275 709 2356 accipiuntur,
741 2277 823 2358 qreia
857 2297 936 2337 uera
981 2296 1048 2339 non
1090 2288 1181 2341 stent.

144 2379 189 2440 Ut
210 2379 303 2439 dicta
330 2388 446 2438 autem
472 2378 656 2460 quaedam,
692 2379 743 2438 itu
770 2378 901 2459 scripta
933 2400 1066 2461 quoque
1092 2377 1188 2460 fingi

143 2482 269 2551 soient,
303 2479 396 2563 quod
419 2478 521 2568 facit
552 2480 695 2542 Asinius
729 2502 796 2561 pro
830 2463 1018 2543 Liburnia:
1046 2485 1193 2544 Meter

145 2604 243 2656 mea,
267 2602 374 2666 quae
398 2583 499 2643 mihi
532 2593 617 2644 tum
651 2583 890 2644 carissima
917 2595 1002 2644 tum
1031 2583 1192 2644 danicis·

144 2685 385 2776 simafuit‚
405 2707 593 2768 quaeque
615 2685 858 2759 mihivixit,
876 2685 1028 2768 bisque
1048 2687 1193 2778 eodem

144 2788 210 2850 die
233 2789 361 2851 uitam
383 2787 503 2850 dedit
525 2789 715 2872 etreliqua,
731 2788 852 2850 deinde
874 2790 1060 2850 exheres
1076 2793 1192 2850 esto!

144 2894 238 2953 Haec
260 2913 337 2952 cum
358 2913 421 2974 per
444 2913 479 2952 se
495 2891 626 2971 figura
647 2904 710 2963 est,
736 2902 808 2952 tum
829 2891 1036 2970 duplicatur,
1061 2890 1196 2972 qaroties

145 2993 289 3054 aientia
313 2997 376 3055 hac
398 3015 505 3055 eausa
526 2993 572 3054 ad
593 2992 821 3054 imitationem
843 2993 987 3054 alterius
1000 2993 1194 3074 scripturae

145 3095 374 3176 componitur.
435 3098 530 3161 Nam
558 3107 679 3158 contra
709 3095 919 3156 recitabatur
951 3107 1193 3158 testamentum

147 3199 186 3260 Ρ.
215 3199 446 3261 Novanius
479 3199 640 3272 Gallio,
673 3198 742 3260 cui
780 3220 858 3280 ego
891 3199 1036 3263 narnia
1070 3198 1193 3260 meri-

146 3300 327 3364 tissimo
350 3305 441 3364 uolo
463 3315 502 3364 et
525 3302 664 3377 debeo,
688 3325 769 3384 pro
792 3301 887 3364 eius
910 3301 1048 3364 animi
1070 3303 1111 3364 in
1136 3323 1196 3363 me

146 3425 306 3466 summa
328 3407 551 3468 voluntate
573 3419 605 3467 et
627 3406 768 3469 adiectis
791 3405 948 3486 deinceps
971 3405 1050 3468 aliis
1073 3408 1194 3467 heres

147 3518 252 3570 esto.

183 3656 262 3692 rnuter
281 3648 347 3706 meu]
384 3657 549 3696 testamentum
568 3651 610 3696 iiiii
630 3654 666 3696 bis
686 3655 765 3696 verbis
784 3661 923 3708 coriceptnm
941 3653 1010 3711 fingit
1028 3655 1132 3698 Asianos.

213 3765 348 3845 Quintil.
369 3769 398 3842 9,
421 3770 452 3844 9,
476 3772 507 3833 9.
554 3769 647 3851 Quid
675 3773 765 3832 enim
793 3784 864 3832 tam
887 3793 1064 3834 commune
1094 3791 1196 3852 qream

149 3867 369 3950 interrogare
399 3875 450 3931 vel
476 3867 816 3952 percontariirAut
846 3876 998 3937 instandi
1025 3872 1144 3956 gratia
1166 3884 1198 3932 et

149 3967 365 4060 auferendae
392 3972 677 4036 dissimulationis
705 3988 742 4036 ut
761 3978 956 4039 Asinius:
980 3975 1092 4038 Audi
1100 3973 1198 4034 sne?
1212 4013 1251 4042 x

136 4071 390 4162 furiosum,
416 4075 599 4158 inquam,
624 4096 705 4138 non
729 4077 1050 4166 inofficiosum
1069 4085 1198 4136 testa·

150 4189 338 4240 mentum
359 4175 746 4260 reprehendimus!

184 4320 301 4383 Asinius]
320 4324 343 4368 in
364 4324 474 4367 oratione
494 4335 537 4375 pro
555 4320 680 4372 Liburnia,
703 4325 727 4363 nt
746 4335 774 4364 ea
794 4325 934 4381 argumento
954 4338 1038 4369 causae
1059 4329 1167 4366 sonaret.

199 4448 273 4488 Meieri
283 4449 339 4488 Orat.
348 4449 406 4488 Rani.
415 4448 497 4498 Fragras.
513 4447 544 4484 ed.
553 4445 572 4486 ‘t
960 4445 1000 4506 32
