2966 4842
1174 347 1233 408 627

252 513 385 580 Tacitus
415 512 446 576 in
475 509 638 574 annalibus
667 510 702 586 4,
731 507 783 569 61.
839 504 920 568 line
947 503 1030 566 anni
1055 525 1235 570 excessere

160 620 342 703 ·insignes
370 615 436 680 uiri
458 613 601 679 Asinius
624 610 787 694 Agrippa
807 619 839 670 et
858 610 901 688 Q.
926 608 1104 682 Haterius,
1114 606 1235 698 fami·

186 721 235 784 lia
258 718 445 793 senatoria,
467 715 679 799 eloquentiae
701 711 816 796 quoccl
830 709 920 771 uixit
942 709 1143 774 celebratae.
1163 733 1235 775 mo·

187 837 350 887 numento
374 819 506 903 ingenii
537 819 612 882 eius
637 815 732 879 haud
747 812 892 896 perinde
917 811 1122 874 retinentur.
1145 814 1235 877 seili-

185 939 237 989 cet
259 927 390 1007 impetu
410 921 523 1004 magis
544 941 648 1004 quam
669 939 755 980 eura
780 915 932 999 uigebat,
956 925 1059 998 utque
1085 913 1235 978 oliorum

185 1025 364 1091 meditatio
390 1037 422 1087 et
453 1024 551 1087 labor
573 1023 610 1084 in
636 1033 818 1105 posterum
841 1017 998 1092 valescit,
1024 1016 1074 1079 sic
1096 1018 1235 1082 Haterii

184 1150 362 1192 canorum.
380 1125 468 1188 illud
491 1137 524 1188 et
553 1124 740 1207 profluens
767 1143 846 1186 cum
871 1120 947 1204 ipso
979 1118 1084 1182 simui
1105 1119 1236 1182 extinc-

185 1243 259 1293 tum
284 1241 347 1291 est.

221 1369 391 1430 monumenta]
428 1375 551 1414 orationes
569 1369 688 1426 intelligo,
708 1382 766 1425 quas
785 1368 897 1412 Haterius
917 1369 1034 1414 ediderat.

222 1458 372 1517 retinentur]
409 1459 574 1511 aestimantur,
594 1458 619 1500 in
638 1457 715 1510 pretio
734 1461 796 1503 sunt.
817 1457 942 1500 orationes
972 1457 1022 1500 eius
1050 1469 1142 1500 summa
1161 1457 1236 1500 adrni-

255 1548 349 1592 ratione
367 1545 533 1598 audiebantur,
556 1541 689 1602 laganlibus
707 1548 786 1588 autam
805 1543 884 1587 taedio
902 1542 981 1587 iussa.

253 1669 376 1732 Extant
403 1667 488 1747 apud
521 1665 575 1728 M.
608 1663 759 1726 Senecam
790 1673 943 1745 excerpta
975 1659 1236 1726 declamationum

188 1769 328 1835 Haterii.

581 1923 656 1983 CXI.
681 1924 845 1996 Torquatus.

250 2059 340 2122 Unus
360 2067 480 2118 tantum
501 2056 593 2119 locus
620 2065 719 2129 extat,
742 2076 784 2117 ex
804 2074 869 2138 quo
890 2055 1091 2138 Torquatum
1115 2054 1236 2118 oratio·

186 2181 255 2223 nem
280 2179 342 2239 pro
364 2158 507 2221 Moscho
533 2158 666 2219 rhetore
689 2156 858 2240 reliquisse
883 2155 1045 2220 discimus.
1089 2159 1237 2222 Adsum

191 2261 274 2324 enim
294 2259 451 2324 Horatius
477 2257 618 2340 Epistol.
645 2258 704 2321 lib.
729 2266 758 2333 1,
777 2253 852 2334 5,'8
876 2259 955 2321 haec
976 2258 1108 2322 scribit:

337 2380 416 2439 Mitte
435 2381 503 2436 lenes
522 2394 581 2449 spes
601 2387 626 2434 et
645 2381 796 2435 culumina
815 2381 979 2435 divitiarum

343 2481 369 2529 et
387 2473 494 2532 Moschi
513 2489 641 2528 causam:
663 2489 725 2527 cras
743 2479 809 2527 nato
827 2471 945 2529 Caesare
963 2476 1046 2542 festus
1154 2537 1157 2540 ,

338 2569 514 2623 dulcerium
533 2581 709 2636 somnumque
728 2569 794 2630 dies,
816 2568 927 2636 impune
947 2568 1037 2624 licebit

337 2657 477 2716 destinam
494 2675 617 2716 sumone
636 2660 750 2731 benique
770 2662 877 2715 tendere
894 2667 1009 2718 noctem.

187 2784 281 2857 atque
305 2770 484 2836 Scholiasta
509 2770 714 2856 Cruquianus
747 2770 779 2834 in
806 2771 965 2836 Auctario
988 2795 1024 2854 p.
1059 2773 1131 2843 692.
1162 2777 1236 2839 Ho-

186 2875 260 2940 ratii
298 2877 397 2938 verba
431 2874 478 2937 sic
514 2873 674 2936 illustrat:
717 2877 882 2938 Moschus
914 2875 969 2938 hic
1001 2878 1237 2960 Pergamenus

186 2982 305 3043 rhetor
311 2976 397 3068 suit
420 2976 632 3051 notissimus,
654 2997 734 3039 reus
755 2975 912 3052 ueneficii
925 2975 1023 3067 ficit,
1037 2978 1136 3041 euius
1150 3001 1233 3040 cau·

187 3100 263 3143 som
285 3078 466 3162 exprimit.
494 3081 580 3141 hanc
603 3090 763 3142 oratores
787 3090 934 3162 egerunt
950 3083 1150 3164 Torquatus
1166 3081 1235 3153 hic,

187 3183 229 3244 de
254 3203 321 3265 quo
348 3201 437 3243 nunc
468 3180 571 3255 dicit,
606 3181 728 3243 cuius
758 3192 883 3244 extat
904 3182 1072 3258 oratio,
1098 3195 1131 3244 et
1154 3185 1234 3246 Asi·

188 3284 267 3346 nius
289 3285 411 3347 Pollio.
463 3284 558 3347 Hanc
581 3304 705 3348 causam
733 3303 761 3348 a.
791 3283 851 3344 733
880 3284 946 3361 (21)
970 3285 1110 3360 Aetam,
1139 3307 1236 3367 supra

187 3385 324 3449 diximus
347 3407 421 3470 pag.
446 3387 521 3451 493.
556 3385 626 3450 Alii
648 3388 731 3448 hunc
752 3388 954 3470 Torquatum
978 3385 1149 3467 opinantur
1167 3406 1235 3450 esse

187 3491 231 3552 L.
255 3488 414 3552 Manlium
442 3490 657 3573 Torquatum,
682 3486 861 3572 Torquati,
892 3485 948 3572 qni
977 3487 1089 3550 consul
1114 3487 1176 3552 tuit
1203 3511 1234 3552 a.

188 3591 248 3654 689
265 3589 349 3672 (65),
366 3589 479 3650 lilium.
525 3590 614 3666 Quae
637 3589 749 3668 opinio
771 3589 851 3649 falsa
872 3599 929 3660 est,
952 3600 1128 3668 propterea
1148 3595 1236 3673 quod

186 3691 240 3752 hic
267 3693 454 3772 Torquatus
477 3709 559 3751 anno
591 3688 649 3749 707
683 3686 752 3769 (tt)
779 3685 901 3747 interiit
924 3686 1065 3762 (Hirtius
1094 3693 1132 3752 de
1157 3692 1234 3754 bell.

187 3789 347 3853 Africano
367 3811 399 3851 c.
423 3786 486 3871 96),
509 3787 644 3868 epistola
663 3799 764 3850 autem
784 3787 915 3851 Horatii
939 3810 1003 3852 non
1027 3802 1097 3854 ante
1120 3813 1233 3854 annum

189 3892 250 3955 733
276 3893 347 3969 (21)
377 3889 497 3972 scripta
532 3903 590 3954 est.
656 3889 723 3955 Alii
748 3901 897 3970 nepotem
925 3894 969 3955 L.
1004 3892 1121 3954 Manlii
1147 3895 1235 3955 Tor·

188 3993 278 4078 quati
315 3990 455 4056 consulis
492 4013 519 4054 a.
557 3992 618 4056 689
651 3993 718 4074 (65)
748 3992 988 4076 intelligendam
1028 3993 1235 4062 arbitrantur.

190 4097 254 4160 Sed
276 4117 347 4158 cuns
369 4093 437 4158 eius
459 4096 543 4176 apud
572 4094 691 4157 nullum
716 4095 907 4176 scriptorem
929 4094 1014 4157 facta
1037 4093 1081 4158 sit
1101 4095 1232 4173 mentio,

186 4199 252 4264 imo
270 4198 363 4260 fictus
389 4217 457 4260 esse
482 4195 639 4274 videatur,
658 4197 757 4262 inulto
778 4217 852 4260 sane
876 4193 1025 4260 libentius
1055 4198 1233 4280 amplector

188 4299 384 4366 Weichertii
410 4299 593 4384 opinionem
617 4304 670 4365 De
695 4300 817 4366 Cassio
841 4299 1020 4364 Parmensi
1039 4322 1071 4385 p.
1085 4301 1157 4376 310,
1178 4301 1234 4385 qui
