<?xml version="1.0" encoding="UTF-8"?>
<!DOCTYPE html PUBLIC "-//W3C//DTD XHTML 1.0 Transitional//EN"
    "http://www.w3.org/TR/xhtml1/DTD/xhtml1-transitional.dtd">
<html xmlns="http://www.w3.org/1999/xhtml" xml:lang="en" lang="en">
 <head>
  <title>
</title>
<meta http-equiv="Content-Type" content="text/html;charset=utf-8" />
  <meta name='ocr-system' content='tesseract 3.04.00' />
  <meta name='ocr-capabilities' content='ocr_page ocr_carea ocr_par ocr_line ocrx_word'/>
</head>
<body>
  <div class='ocr_page' id='page_1' title='image "./oratorumromanor02meyegoog_0023.png"; bbox 0 0 2970 4836; ppageno 0'>
   <div class='ocr_carea' id='block_1_1' title="bbox 1162 397 1181 460">
    <p class='ocr_par' dir='ltr' id='par_1_1' title="bbox 1162 397 1181 460">
     <span class='ocr_line' id='line_1_1' title="bbox 1162 397 1181 460; baseline 0 0"><span class='ocrx_word' id='word_1_1' title='bbox 1162 397 1181 460; x_wconf 82' lang='grc'><strong>3</strong></span> 
     </span>
    </p>
   </div>
   <div class='ocr_carea' id='block_1_2' title="bbox 162 556 1180 890">
    <p class='ocr_par' dir='ltr' id='par_1_2' title="bbox 162 556 1180 890">
     <span class='ocr_line' id='line_1_2' title="bbox 162 556 1179 624; baseline -0.002 -14"><span class='ocrx_word' id='word_1_2' title='bbox 162 570 258 623; x_wconf 74' lang='lat' dir='ltr'><strong>septem</strong></span> <span class='ocrx_word' id='word_1_3' title='bbox 269 563 386 610; x_wconf 78' lang='lat' dir='ltr'><strong>etdecem</strong></span> <span class='ocrx_word' id='word_1_4' title='bbox 396 563 484 624; x_wconf 81' lang='lat' dir='ltr'><strong>annis]</strong></span> <span class='ocrx_word' id='word_1_5' title='bbox 506 566 591 609; x_wconf 81' lang='lat' dir='ltr'><strong>centul</strong></span> <span class='ocrx_word' id='word_1_6' title='bbox 604 567 692 610; x_wconf 82' lang='lat' dir='ltr'><strong>iterum</strong></span> <span class='ocrx_word' id='word_1_7' title='bbox 705 565 751 610; x_wconf 77' lang='lat' dir='ltr'><strong>luit</strong></span> <span class='ocrx_word' id='word_1_8' title='bbox 763 558 844 612; x_wconf 62' lang='lat' dir='ltr'><strong>etat</strong></span> <span class='ocrx_word' id='word_1_9' title='bbox 856 557 939 618; x_wconf 76' lang='lat'><strong>(296).</strong></span> <span class='ocrx_word' id='word_1_10' title='bbox 955 557 1037 616; x_wconf 79' lang='lat' dir='ltr'><strong>t⁵t÷</strong></span> <span class='ocrx_word' id='word_1_11' title='bbox 1047 556 1179 610; x_wconf 78' lang='lat' dir='ltr'><strong>tt=ttt.</strong></span> 
     </span>
     <span class='ocr_line' id='line_1_3' title="bbox 200 647 1179 709; baseline -0.007 -10"><span class='ocrx_word' id='word_1_12' title='bbox 200 654 265 699; x_wconf 87' lang='lat' dir='ltr'><strong>Unde</strong></span> <span class='ocrx_word' id='word_1_13' title='bbox 286 655 423 708; x_wconf 76' lang='lat' dir='ltr'><strong>suspicatur</strong></span> <span class='ocrx_word' id='word_1_14' title='bbox 440 653 475 698; x_wconf 84' lang='lat' dir='ltr'><strong>St.</strong></span> <span class='ocrx_word' id='word_1_15' title='bbox 491 655 568 698; x_wconf 75' lang='lat' dir='ltr'><strong>attus</strong></span> <span class='ocrx_word' id='word_1_16' title='bbox 585 651 658 709; x_wconf 83' lang='lat' dir='ltr'><strong>(t’srt</strong></span> <span class='ocrx_word' id='word_1_17' title='bbox 669 655 698 698; x_wconf 86' lang='lat' dir='ltr'><strong>de</strong></span> <span class='ocrx_word' id='word_1_18' title='bbox 712 649 807 698; x_wconf 71' lang='lat' dir='ltr'><strong>virilius·</strong></span> <span class='ocrx_word' id='word_1_19' title='bbox 821 653 856 696; x_wconf 83' lang='lat' dir='ltr'><strong>les</strong></span> <span class='ocrx_word' id='word_1_20' title='bbox 866 654 943 696; x_wconf 77' lang='lat' dir='ltr'><strong>datae·</strong></span> <span class='ocrx_word' id='word_1_21' title='bbox 958 650 1017 700; x_wconf 82' lang='lat' dir='ltr'><strong>Vol.</strong></span> <span class='ocrx_word' id='word_1_22' title='bbox 1032 649 1057 696; x_wconf 88' lang='grc'><strong>5.</strong></span> <span class='ocrx_word' id='word_1_23' title='bbox 1072 665 1096 706; x_wconf 83' lang='lat' dir='ltr'><strong>p.</strong></span> <span class='ocrx_word' id='word_1_24' title='bbox 1109 647 1179 706; x_wconf 80' lang='grc'><strong>436),</strong></span> 
     </span>
     <span class='ocr_line' id='line_1_4' title="bbox 198 735 1180 796; baseline -0.003 -10"><span class='ocrx_word' id='word_1_25' title='bbox 198 744 255 786; x_wconf 86' lang='lat' dir='ltr'><strong>item</strong></span> <span class='ocrx_word' id='word_1_26' title='bbox 267 743 368 786; x_wconf 80' lang='lat' dir='ltr'><strong>Fischer</strong></span> <span class='ocrx_word' id='word_1_27' title='bbox 382 743 514 796; x_wconf 80' lang='lat' dir='ltr'><strong>(rbmiscbs</strong></span> <span class='ocrx_word' id='word_1_28' title='bbox 529 741 657 787; x_wconf 81' lang='lat' dir='ltr'><strong>Zeittalelu</strong></span> <span class='ocrx_word' id='word_1_29' title='bbox 671 744 700 786; x_wconf 81' lang='lat' dir='ltr'><strong>ad</strong></span> <span class='ocrx_word' id='word_1_30' title='bbox 710 742 734 788; x_wconf 91' lang='lat' dir='ltr'><strong>b.</strong></span> <span class='ocrx_word' id='word_1_31' title='bbox 744 739 780 792; x_wconf 80' lang='lat' dir='ltr'><strong>a.)</strong></span> <span class='ocrx_word' id='word_1_32' title='bbox 789 741 925 784; x_wconf 81' lang='lat' dir='ltr'><strong>orationem</strong></span> <span class='ocrx_word' id='word_1_33' title='bbox 937 739 1005 796; x_wconf 77' lang='lat' dir='ltr'><strong>Appii</strong></span> <span class='ocrx_word' id='word_1_34' title='bbox 1017 753 1041 785; x_wconf 76' lang='lat' dir='ltr'><strong>a.</strong></span> <span class='ocrx_word' id='word_1_35' title='bbox 1052 735 1180 796; x_wconf 73' lang='lat' dir='ltr'><strong>tttttttt</strong></span> 
     </span>
     <span class='ocr_line' id='line_1_5' title="bbox 198 825 867 890; baseline -0.004 -16"><span class='ocrx_word' id='word_1_36' title='bbox 198 844 252 874; x_wconf 85' lang='lat' dir='ltr'><strong>esse</strong></span> <span class='ocrx_word' id='word_1_37' title='bbox 263 831 378 884; x_wconf 79' lang='lat' dir='ltr'><strong>habitatu,</strong></span> <span class='ocrx_word' id='word_1_38' title='bbox 395 844 441 874; x_wconf 90' lang='lat' dir='ltr'><strong>non</strong></span> <span class='ocrx_word' id='word_1_39' title='bbox 453 845 476 874; x_wconf 82' lang='lat' dir='ltr'><strong>a.</strong></span> <span class='ocrx_word' id='word_1_40' title='bbox 489 825 538 874; x_wconf 88' lang='grc'><strong>474</strong></span> <span class='ocrx_word' id='word_1_41' title='bbox 549 827 629 888; x_wconf 74' lang='lat'><strong>(280),</strong></span> <span class='ocrx_word' id='word_1_42' title='bbox 644 835 669 873; x_wconf 93' lang='lat' dir='ltr'><strong>nt</strong></span> <span class='ocrx_word' id='word_1_43' title='bbox 680 833 751 890; x_wconf 79' lang='lat' dir='ltr'><strong>uulgo</strong></span> <span class='ocrx_word' id='word_1_44' title='bbox 762 834 867 884; x_wconf 78' lang='lat' dir='ltr'><strong>putatur.</strong></span> 
     </span>
    </p>
   </div>
   <div class='ocr_carea' id='block_1_3' title="bbox 193 963 1178 1056">
    <p class='ocr_par' dir='ltr' id='par_1_3' title="bbox 193 963 1178 1056">
     <span class='ocr_line' id='line_1_6' title="bbox 193 963 1178 1056; baseline 0.001 -28"><span class='ocrx_word' id='word_1_45' title='bbox 193 966 346 1030; x_wconf 86' lang='lat' dir='ltr'><strong>Valerius</strong></span> <span class='ocrx_word' id='word_1_46' title='bbox 363 969 454 1036; x_wconf 84' lang='lat' dir='ltr'><strong>Max.</strong></span> <span class='ocrx_word' id='word_1_47' title='bbox 466 968 496 1039; x_wconf 87' lang='grc'><strong>8,</strong></span> <span class='ocrx_word' id='word_1_48' title='bbox 514 968 563 1042; x_wconf 84' lang='grc'><strong>13,</strong></span> <span class='ocrx_word' id='word_1_49' title='bbox 575 968 606 1031; x_wconf 84' lang='grc'><strong>5.</strong></span> <span class='ocrx_word' id='word_1_50' title='bbox 625 967 760 1050; x_wconf 84' lang='lat' dir='ltr'><strong>Appius</strong></span> <span class='ocrx_word' id='word_1_51' title='bbox 767 963 900 1056; x_wconf 77' lang='lat' dir='ltr'><strong>fessus</strong></span> <span class='ocrx_word' id='word_1_52' title='bbox 924 965 995 1028; x_wconf 79' lang='lat' dir='ltr'><strong>iem</strong></span> <span class='ocrx_word' id='word_1_53' title='bbox 1016 966 1178 1041; x_wconf 84' lang='lat' dir='ltr'><strong>uiuendo,</strong></span> 
     </span>
    </p>
   </div>
   <div class='ocr_carea' id='block_1_4' title="bbox 16 1069 1180 1160">
    <p class='ocr_par' dir='ltr' id='par_1_4' title="bbox 16 1069 1180 1160">
     <span class='ocr_line' id='line_1_7' title="bbox 16 1069 1180 1160; baseline 0 -28"><span class='ocrx_word' id='word_1_54' title='bbox 16 1143 19 1152; x_wconf 81' lang='lat'><strong>.</strong></span> <span class='ocrx_word' id='word_1_55' title='bbox 126 1071 249 1132; x_wconf 82' lang='lat' dir='ltr'><strong><em>lectica</em></strong></span> <span class='ocrx_word' id='word_1_56' title='bbox 265 1091 301 1132; x_wconf 86' lang='lat' dir='ltr'><strong>se</strong></span> <span class='ocrx_word' id='word_1_57' title='bbox 322 1070 358 1132; x_wconf 89' lang='lat' dir='ltr'><strong>in</strong></span> <span class='ocrx_word' id='word_1_58' title='bbox 378 1071 513 1134; x_wconf 83' lang='lat' dir='ltr'><strong>curiam</strong></span> <span class='ocrx_word' id='word_1_59' title='bbox 535 1069 673 1160; x_wconf 76' lang='lat' dir='ltr'><strong>deferri</strong></span> <span class='ocrx_word' id='word_1_60' title='bbox 688 1069 810 1145; x_wconf 78' lang='lat' dir='ltr'><strong>iussit,</strong></span> <span class='ocrx_word' id='word_1_61' title='bbox 828 1081 866 1132; x_wconf 78' lang='lat' dir='ltr'><strong>ut</strong></span> <span class='ocrx_word' id='word_1_62' title='bbox 880 1091 958 1132; x_wconf 81' lang='lat' dir='ltr'><strong>cram</strong></span> <span class='ocrx_word' id='word_1_63' title='bbox 971 1071 1110 1156; x_wconf 81' lang='lat' dir='ltr'><strong>Pyrrho</strong></span> <span class='ocrx_word' id='word_1_64' title='bbox 1122 1070 1180 1132; x_wconf 83' lang='lat' dir='ltr'><strong>de-</strong></span> 
     </span>
    </p>
   </div>
   <div class='ocr_carea' id='block_1_5' title="bbox 114 1170 1182 1458">
    <p class='ocr_par' dir='ltr' id='par_1_5' title="bbox 114 1170 1182 1458">
     <span class='ocr_line' id='line_1_8' title="bbox 114 1170 744 1262; baseline 0 -30"><span class='ocrx_word' id='word_1_65' title='bbox 114 1170 283 1262; x_wconf 78' lang='lat' dir='ltr'><em>formem</em></span> <span class='ocrx_word' id='word_1_66' title='bbox 296 1193 416 1254; x_wconf 85' lang='lat' dir='ltr'><em>pacem</em></span> <span class='ocrx_word' id='word_1_67' title='bbox 426 1172 517 1247; x_wconf 83' lang='lat' dir='ltr'><strong>steri</strong></span> <span class='ocrx_word' id='word_1_68' title='bbox 533 1173 744 1252; x_wconf 83' lang='lat' dir='ltr'><strong>prohiberet.</strong></span> 
     </span>
     <span class='ocr_line' id='line_1_9' title="bbox 194 1272 1182 1350; baseline -0.001 -17"><span class='ocrx_word' id='word_1_69' title='bbox 194 1273 368 1336; x_wconf 88' lang='lat' dir='ltr'><strong>Suetonius</strong></span> <span class='ocrx_word' id='word_1_70' title='bbox 386 1272 523 1332; x_wconf 85' lang='lat' dir='ltr'><strong>Tiberio</strong></span> <span class='ocrx_word' id='word_1_71' title='bbox 541 1274 569 1333; x_wconf 73' lang='lat'><strong>2.</strong></span> <span class='ocrx_word' id='word_1_72' title='bbox 597 1273 732 1350; x_wconf 83' lang='lat' dir='ltr'><strong>Appius</strong></span> <span class='ocrx_word' id='word_1_73' title='bbox 745 1275 874 1334; x_wconf 84' lang='lat' dir='ltr'><strong>Caecus</strong></span> <span class='ocrx_word' id='word_1_74' title='bbox 893 1272 1089 1334; x_wconf 82' lang='lat' dir='ltr'><strong>societatem</strong></span> <span class='ocrx_word' id='word_1_75' title='bbox 1105 1294 1182 1332; x_wconf 85' lang='lat' dir='ltr'><strong>cum</strong></span> 
     </span>
     <span class='ocr_line' id='line_1_10' title="bbox 132 1371 1038 1458; baseline -0.001 -24"><span class='ocrx_word' id='word_1_76' title='bbox 132 1388 214 1456; x_wconf 82' lang='lat' dir='ltr'><strong>rege</strong></span> <span class='ocrx_word' id='word_1_77' title='bbox 227 1377 366 1458; x_wconf 69' lang='lat' dir='ltr'><strong>Pyrrho</strong></span> <span class='ocrx_word' id='word_1_78' title='bbox 381 1385 418 1434; x_wconf 86' lang='lat' dir='ltr'><strong>ut</strong></span> <span class='ocrx_word' id='word_1_79' title='bbox 432 1393 562 1455; x_wconf 82' lang='lat' dir='ltr'><strong>parum</strong></span> <span class='ocrx_word' id='word_1_80' title='bbox 573 1372 748 1436; x_wconf 78' lang='lat' dir='ltr'><strong>&#39;salubrem</strong></span> <span class='ocrx_word' id='word_1_81' title='bbox 763 1371 847 1434; x_wconf 85' lang='lat' dir='ltr'><strong>iniri</strong></span> <span class='ocrx_word' id='word_1_82' title='bbox 859 1372 1038 1434; x_wconf 76' lang='lat' dir='ltr'><strong>dissuasit.</strong></span> 
     </span>
    </p>
   </div>
   <div class='ocr_carea' id='block_1_6' title="bbox 198 1492 517 1568">
    <p class='ocr_par' dir='ltr' id='par_1_6' title="bbox 198 1492 517 1568">
     <span class='ocr_line' id='line_1_11' title="bbox 198 1492 517 1568; baseline 0 -12"><span class='ocrx_word' id='word_1_83' title='bbox 198 1493 297 1562; x_wconf 81' lang='lat' dir='ltr'><strong>ovid,</strong></span> <span class='ocrx_word' id='word_1_84' title='bbox 306 1492 395 1556; x_wconf 89' lang='lat' dir='ltr'><strong>Fasti</strong></span> <span class='ocrx_word' id='word_1_85' title='bbox 405 1497 434 1568; x_wconf 79' lang='lat' dir='ltr'><strong>b,</strong></span> <span class='ocrx_word' id='word_1_86' title='bbox 446 1494 517 1556; x_wconf 78' lang='lat'><strong>203.</strong></span> 
     </span>
    </p>
   </div>
   <div class='ocr_carea' id='block_1_7' title="bbox 214 1623 1075 1809">
    <p class='ocr_par' dir='ltr' id='par_1_7' title="bbox 214 1623 1075 1809">
     <span class='ocr_line' id='line_1_12' title="bbox 216 1623 1075 1709; baseline -0.001 -22"><span class='ocrx_word' id='word_1_87' title='bbox 216 1624 351 1704; x_wconf 82' lang='lat' dir='ltr'><strong>Appius</strong></span> <span class='ocrx_word' id='word_1_88' title='bbox 369 1635 421 1685; x_wconf 84' lang='lat' dir='ltr'><strong>est</strong></span> <span class='ocrx_word' id='word_1_89' title='bbox 440 1635 575 1696; x_wconf 81' lang='lat' dir='ltr'><strong>auctor,</strong></span> <span class='ocrx_word' id='word_1_90' title='bbox 601 1625 740 1709; x_wconf 81' lang='lat' dir='ltr'><strong>Pyrr-bo</strong></span> <span class='ocrx_word' id='word_1_91' title='bbox 758 1623 819 1707; x_wconf 83' lang='lat' dir='ltr'><strong>qui</strong></span> <span class='ocrx_word' id='word_1_92' title='bbox 837 1646 922 1706; x_wconf 83' lang='lat' dir='ltr'><strong>poce</strong></span> <span class='ocrx_word' id='word_1_93' title='bbox 945 1635 1075 1706; x_wconf 82' lang='lat' dir='ltr'><strong>negata</strong></span> 
     </span>
     <span class='ocr_line' id='line_1_13' title="bbox 214 1725 988 1809; baseline 0.001 -20"><span class='ocrx_word' id='word_1_94' title='bbox 214 1729 324 1789; x_wconf 84' lang='lat' dir='ltr'><strong>multa</strong></span> <span class='ocrx_word' id='word_1_95' title='bbox 343 1726 461 1788; x_wconf 87' lang='lat' dir='ltr'><strong>animo</strong></span> <span class='ocrx_word' id='word_1_96' title='bbox 481 1725 581 1802; x_wconf 86' lang='lat' dir='ltr'><strong>vidit,</strong></span> <span class='ocrx_word' id='word_1_97' title='bbox 606 1728 734 1789; x_wconf 84' lang='lat' dir='ltr'><strong>lumine</strong></span> <span class='ocrx_word' id='word_1_98' title='bbox 754 1739 877 1809; x_wconf 86' lang='lat' dir='ltr'><strong>captus</strong></span> <span class='ocrx_word' id='word_1_99' title='bbox 899 1739 988 1790; x_wconf 82' lang='lat' dir='ltr'><strong>erat.</strong></span> 
     </span>
    </p>
   </div>
   <div class='ocr_carea' id='block_1_8' title="bbox 128 1853 1181 2251">
    <p class='ocr_par' dir='ltr' id='par_1_8' title="bbox 128 1853 1181 2251">
     <span class='ocr_line' id='line_1_14' title="bbox 193 1853 1179 1942; baseline 0.002 -22"><span class='ocrx_word' id='word_1_100' title='bbox 193 1853 381 1920; x_wconf 75' lang='lat' dir='ltr'><strong>Orationem</strong></span> <span class='ocrx_word' id='word_1_101' title='bbox 397 1854 498 1936; x_wconf 87' lang='lat' dir='ltr'>ipsam</span> <span class='ocrx_word' id='word_1_102' title='bbox 517 1878 581 1918; x_wconf 90' lang='lat' dir='ltr'><strong>non</strong></span> <span class='ocrx_word' id='word_1_103' title='bbox 598 1856 732 1939; x_wconf 88' lang='lat' dir='ltr'><strong>amplius</strong></span> <span class='ocrx_word' id='word_1_104' title='bbox 754 1861 917 1933; x_wconf 87' lang='lat' dir='ltr'><strong>habemus,</strong></span> <span class='ocrx_word' id='word_1_105' title='bbox 935 1859 992 1920; x_wconf 91' lang='lat' dir='ltr'><strong>sed</strong></span> <span class='ocrx_word' id='word_1_106' title='bbox 1007 1856 1179 1942; x_wconf 82' lang='lat' dir='ltr'>imaginem</span> 
     </span>
     <span class='ocr_line' id='line_1_15' title="bbox 129 1958 1181 2044; baseline 0.003 -23"><span class='ocrx_word' id='word_1_107' title='bbox 129 1959 197 2021; x_wconf 91' lang='lat' dir='ltr'><strong>eius</strong></span> <span class='ocrx_word' id='word_1_108' title='bbox 212 1980 253 2022; x_wconf 89' lang='lat' dir='ltr'><strong>ex</strong></span> <span class='ocrx_word' id='word_1_109' title='bbox 269 1958 444 2021; x_wconf 80' lang='lat' dir='ltr'>Plutarcho</span> <span class='ocrx_word' id='word_1_110' title='bbox 461 1958 540 2032; x_wconf 90' lang='lat' dir='ltr'><strong>(vita</strong></span> <span class='ocrx_word' id='word_1_111' title='bbox 554 1961 674 2039; x_wconf 79' lang='lat' dir='ltr'><strong>Pyrrhi</strong></span> <span class='ocrx_word' id='word_1_112' title='bbox 685 1983 715 2024; x_wconf 91' lang='lat' dir='ltr'><strong>c.</strong></span> <span class='ocrx_word' id='word_1_113' title='bbox 733 1961 785 2035; x_wconf 88' lang='grc'><strong>19)</strong></span> <span class='ocrx_word' id='word_1_114' title='bbox 802 1972 832 2024; x_wconf 88' lang='lat' dir='ltr'><strong>et</strong></span> <span class='ocrx_word' id='word_1_115' title='bbox 850 1961 1004 2044; x_wconf 88' lang='lat' dir='ltr'><strong>Appiano</strong></span> <span class='ocrx_word' id='word_1_116' title='bbox 1020 1964 1181 2041; x_wconf 87' lang='lat' dir='ltr'><strong>(derebus</strong></span> 
     </span>
     <span class='ocr_line' id='line_1_16' title="bbox 130 2059 1180 2144; baseline 0.002 -21"><span class='ocrx_word' id='word_1_117' title='bbox 130 2060 311 2124; x_wconf 78' lang='lat' dir='ltr'><strong>Samniticis</strong></span> <span class='ocrx_word' id='word_1_118' title='bbox 323 2061 345 2123; x_wconf 92' lang='lat' dir='ltr'><strong>l.</strong></span> <span class='ocrx_word' id='word_1_119' title='bbox 358 2061 387 2130; x_wconf 80' lang='grc'><strong>3.</strong></span> <span class='ocrx_word' id='word_1_120' title='bbox 398 2059 517 2144; x_wconf 80' lang='lat' dir='ltr'><strong>fragm.</strong></span> <span class='ocrx_word' id='word_1_121' title='bbox 533 2065 581 2135; x_wconf 89' lang='grc'><strong>10,</strong></span> <span class='ocrx_word' id='word_1_122' title='bbox 593 2063 625 2138; x_wconf 74' lang='grc'><strong>1)</strong></span> <span class='ocrx_word' id='word_1_123' title='bbox 638 2065 828 2126; x_wconf 87' lang='lat' dir='ltr'><strong>adumbrare</strong></span> <span class='ocrx_word' id='word_1_124' title='bbox 844 2064 932 2131; x_wconf 86' lang='lat' dir='ltr'><strong>licet.</strong></span> <span class='ocrx_word' id='word_1_125' title='bbox 955 2068 1113 2128; x_wconf 87' lang='lat' dir='ltr'><strong>Incertum</strong></span> <span class='ocrx_word' id='word_1_126' title='bbox 1126 2086 1180 2125; x_wconf 83' lang='lat' dir='ltr'><strong>au·</strong></span> 
     </span>
     <span class='ocr_line' id='line_1_17' title="bbox 128 2164 1179 2251; baseline 0.002 -26"><span class='ocrx_word' id='word_1_127' title='bbox 128 2176 190 2226; x_wconf 91' lang='lat' dir='ltr'><strong>tem</strong></span> <span class='ocrx_word' id='word_1_128' title='bbox 215 2176 272 2238; x_wconf 87' lang='lat' dir='ltr'><strong>est,</strong></span> <span class='ocrx_word' id='word_1_129' title='bbox 293 2185 331 2227; x_wconf 89' lang='lat' dir='ltr'><strong>an</strong></span> <span class='ocrx_word' id='word_1_130' title='bbox 354 2166 468 2227; x_wconf 87' lang='lat' dir='ltr'><strong>horum</strong></span> <span class='ocrx_word' id='word_1_131' title='bbox 488 2164 686 2246; x_wconf 87' lang='lat' dir='ltr'><strong>scriptorum</strong></span> <span class='ocrx_word' id='word_1_132' title='bbox 710 2169 810 2229; x_wconf 89' lang='lat' dir='ltr'><strong>verba</strong></span> <span class='ocrx_word' id='word_1_133' title='bbox 833 2165 955 2251; x_wconf 87' lang='lat' dir='ltr'><strong>aliquid</strong></span> <span class='ocrx_word' id='word_1_134' title='bbox 977 2166 1179 2241; x_wconf 79' lang='lat' dir='ltr'><strong>contineant,</strong></span> 
     </span>
    </p>
   </div>
   <div class='ocr_carea' id='block_1_9' title="bbox 23 2267 1179 2351">
    <p class='ocr_par' dir='ltr' id='par_1_9' title="bbox 23 2267 1179 2351">
     <span class='ocr_line' id='line_1_18' title="bbox 23 2267 1179 2351; baseline 0.002 -23"><span class='ocrx_word' id='word_1_135' title='bbox 23 2302 26 2306; x_wconf 93' lang='lat'>·</span> <span class='ocrx_word' id='word_1_136' title='bbox 129 2271 217 2351; x_wconf 86' lang='lat' dir='ltr'><strong>quod</strong></span> <span class='ocrx_word' id='word_1_137' title='bbox 232 2287 273 2330; x_wconf 90' lang='lat' dir='ltr'><strong>ex</strong></span> <span class='ocrx_word' id='word_1_138' title='bbox 288 2268 357 2348; x_wconf 89' lang='lat' dir='ltr'><strong>ipsa</strong></span> <span class='ocrx_word' id='word_1_139' title='bbox 379 2267 479 2348; x_wconf 86' lang='lat' dir='ltr'><strong>Appii</strong></span> <span class='ocrx_word' id='word_1_140' title='bbox 500 2267 648 2331; x_wconf 86' lang='lat' dir='ltr'><strong>oratione</strong></span> <span class='ocrx_word' id='word_1_141' title='bbox 665 2267 816 2343; x_wconf 86' lang='lat' dir='ltr'><strong>fluxerit,</strong></span> <span class='ocrx_word' id='word_1_142' title='bbox 838 2268 903 2330; x_wconf 91' lang='lat' dir='ltr'><strong>imo</strong></span> <span class='ocrx_word' id='word_1_143' title='bbox 928 2269 1035 2350; x_wconf 87' lang='lat' dir='ltr'><strong>potius</strong></span> <span class='ocrx_word' id='word_1_144' title='bbox 1053 2268 1122 2330; x_wconf 90' lang='lat' dir='ltr'><strong>veri</strong></span> <span class='ocrx_word' id='word_1_145' title='bbox 1138 2269 1179 2330; x_wconf 90' lang='lat' dir='ltr'><strong>si-</strong></span> 
     </span>
    </p>
   </div>
   <div class='ocr_carea' id='block_1_10' title="bbox 130 2367 1182 2454">
    <p class='ocr_par' dir='ltr' id='par_1_10' title="bbox 130 2367 1182 2454">
     <span class='ocr_line' id='line_1_19' title="bbox 130 2367 1182 2454; baseline 0 -24"><span class='ocrx_word' id='word_1_146' title='bbox 130 2367 214 2444; x_wconf 89' lang='lat' dir='ltr'><strong>mile,</strong></span> <span class='ocrx_word' id='word_1_147' title='bbox 230 2381 398 2453; x_wconf 84' lang='lat' dir='ltr'><strong>utrumqne</strong></span> <span class='ocrx_word' id='word_1_148' title='bbox 410 2369 486 2431; x_wconf 88' lang='lat' dir='ltr'><strong>nihil</strong></span> <span class='ocrx_word' id='word_1_149' title='bbox 503 2369 588 2432; x_wconf 86' lang='lat' dir='ltr'><strong>aliud</strong></span> <span class='ocrx_word' id='word_1_150' title='bbox 599 2370 744 2432; x_wconf 86' lang='lat' dir='ltr'><strong>retulisse</strong></span> <span class='ocrx_word' id='word_1_151' title='bbox 757 2369 817 2432; x_wconf 88' lang='lat' dir='ltr'><strong>uisi</strong></span> <span class='ocrx_word' id='word_1_152' title='bbox 829 2372 918 2454; x_wconf 90' lang='lat' dir='ltr'><strong>quod</strong></span> <span class='ocrx_word' id='word_1_153' title='bbox 928 2367 1103 2448; x_wconf 88' lang='lat' dir='ltr'><strong>Dionysius</strong></span> <span class='ocrx_word' id='word_1_154' title='bbox 1113 2371 1182 2432; x_wconf 90' lang='lat' dir='ltr'><strong>Ha·</strong></span> 
     </span>
    </p>
   </div>
   <div class='ocr_carea' id='block_1_11' title="bbox 17 2469 1182 2554">
    <p class='ocr_par' dir='ltr' id='par_1_11' title="bbox 17 2469 1182 2554">
     <span class='ocr_line' id='line_1_20' title="bbox 17 2469 1182 2554; baseline -0.002 -20"><span class='ocrx_word' id='word_1_155' title='bbox 17 2544 23 2554; x_wconf 38' lang='grc' dir='ltr'>Ι</span> <span class='ocrx_word' id='word_1_156' title='bbox 128 2470 368 2534; x_wconf 84' lang='lat' dir='ltr'><strong>licarnasscusis</strong></span> <span class='ocrx_word' id='word_1_157' title='bbox 383 2469 416 2531; x_wconf 90' lang='lat' dir='ltr'><strong>in</strong></span> <span class='ocrx_word' id='word_1_158' title='bbox 432 2470 565 2532; x_wconf 88' lang='lat' dir='ltr'><strong>historia</strong></span> <span class='ocrx_word' id='word_1_159' title='bbox 581 2492 635 2532; x_wconf 87' lang='lat' dir='ltr'><strong>sua</strong></span> <span class='ocrx_word' id='word_1_160' title='bbox 651 2469 834 2532; x_wconf 77' lang='lat' dir='ltr'><strong>tradidisset</strong></span> <span class='ocrx_word' id='word_1_161' title='bbox 849 2469 1011 2548; x_wconf 83' lang='lat' dir='ltr'><strong>(Niebuhr</strong></span> <span class='ocrx_word' id='word_1_162' title='bbox 1021 2469 1110 2532; x_wconf 87' lang='lat' dir='ltr'><strong>Hist.</strong></span> <span class='ocrx_word' id='word_1_163' title='bbox 1121 2482 1144 2538; x_wconf 86' lang='lat' dir='ltr'><strong>t.</strong></span> <span class='ocrx_word' id='word_1_164' title='bbox 1153 2472 1182 2538; x_wconf 85' lang='grc'><strong>3.</strong></span> 
     </span>
    </p>
   </div>
   <div class='ocr_carea' id='block_1_12' title="bbox 128 2568 1182 2754">
    <p class='ocr_par' dir='ltr' id='par_1_12' title="bbox 128 2568 1182 2754">
     <span class='ocr_line' id='line_1_21' title="bbox 128 2568 1182 2656; baseline -0.002 -22"><span class='ocrx_word' id='word_1_165' title='bbox 128 2596 162 2656; x_wconf 87' lang='lat' dir='ltr'><strong>p.</strong></span> <span class='ocrx_word' id='word_1_166' title='bbox 175 2574 213 2634; x_wconf 78' lang='lat'><strong>57</strong></span> <span class='ocrx_word' id='word_1_167' title='bbox 220 2575 260 2647; x_wconf 85' lang='lat'><strong>1).</strong></span> <span class='ocrx_word' id='word_1_168' title='bbox 285 2569 409 2633; x_wconf 82' lang='lat' dir='ltr'><strong>Deinde</strong></span> <span class='ocrx_word' id='word_1_169' title='bbox 429 2570 629 2632; x_wconf 84' lang='lat' dir='ltr'><strong>Niebuhrius</strong></span> <span class='ocrx_word' id='word_1_170' title='bbox 648 2591 778 2655; x_wconf 86' lang='lat' dir='ltr'><strong>quoque</strong></span> <span class='ocrx_word' id='word_1_171' title='bbox 797 2568 901 2652; x_wconf 87' lang='lat' dir='ltr'><strong>Appii</strong></span> <span class='ocrx_word' id='word_1_172' title='bbox 918 2569 1096 2633; x_wconf 86' lang='lat' dir='ltr'><strong>orationem</strong></span> <span class='ocrx_word' id='word_1_173' title='bbox 1111 2569 1182 2632; x_wconf 90' lang='lat' dir='ltr'><strong>imi·</strong></span> 
     </span>
     <span class='ocr_line' id='line_1_22' title="bbox 128 2673 730 2754; baseline -0.002 -18"><span class='ocrx_word' id='word_1_174' title='bbox 128 2674 190 2738; x_wconf 90' lang='lat' dir='ltr'><strong>tari</strong></span> <span class='ocrx_word' id='word_1_175' title='bbox 208 2685 342 2738; x_wconf 83' lang='lat' dir='ltr'><strong>conatus</strong></span> <span class='ocrx_word' id='word_1_176' title='bbox 357 2684 403 2735; x_wconf 89' lang='lat' dir='ltr'><strong>est</strong></span> <span class='ocrx_word' id='word_1_177' title='bbox 419 2684 441 2742; x_wconf 88' lang='lat' dir='ltr'><strong>t.</strong></span> <span class='ocrx_word' id='word_1_178' title='bbox 454 2673 485 2735; x_wconf 80' lang='lat'><strong>3.</strong></span> <span class='ocrx_word' id='word_1_179' title='bbox 503 2694 537 2754; x_wconf 89' lang='lat' dir='ltr'><strong>p.</strong></span> <span class='ocrx_word' id='word_1_180' title='bbox 551 2673 730 2742; x_wconf 74' lang='lat' dir='ltr'><strong>utu-578.</strong></span> 
     </span>
    </p>
   </div>
   <div class='ocr_carea' id='block_1_13' title="bbox 49 2903 1182 4218">
    <p class='ocr_par' dir='ltr' id='par_1_13' title="bbox 49 2903 1182 3400">
     <span class='ocr_line' id='line_1_23' title="bbox 193 2903 1182 2988; baseline 0.002 -20"><span class='ocrx_word' id='word_1_181' title='bbox 193 2905 420 2969; x_wconf 88' lang='lat' dir='ltr'><strong>Librorum</strong></span> <span class='ocrx_word' id='word_1_182' title='bbox 446 2905 571 2988; x_wconf 88' lang='lat' dir='ltr'><strong>Appii</strong></span> <span class='ocrx_word' id='word_1_183' title='bbox 596 2907 640 2970; x_wconf 93' lang='lat' dir='ltr'><strong>de</strong></span> <span class='ocrx_word' id='word_1_184' title='bbox 663 2903 750 2969; x_wconf 89' lang='lat' dir='ltr'><strong>iure</strong></span> <span class='ocrx_word' id='word_1_185' title='bbox 777 2905 860 2968; x_wconf 86' lang='lat' dir='ltr'><strong>facta</strong></span> <span class='ocrx_word' id='word_1_186' title='bbox 883 2917 931 2968; x_wconf 87' lang='lat' dir='ltr'><strong>est</strong></span> <span class='ocrx_word' id='word_1_187' title='bbox 953 2905 1072 2970; x_wconf 89' lang='lat' dir='ltr'><strong>mentio</strong></span> <span class='ocrx_word' id='word_1_188' title='bbox 1098 2911 1182 2988; x_wconf 87' lang='lat' dir='ltr'><strong>apud</strong></span> 
     </span>
     <span class='ocr_line' id='line_1_24' title="bbox 130 3007 1179 3092; baseline -0.002 -18"><span class='ocrx_word' id='word_1_189' title='bbox 130 3008 346 3090; x_wconf 88' lang='lat' dir='ltr'><strong>Pomponium</strong></span> <span class='ocrx_word' id='word_1_190' title='bbox 365 3007 574 3092; x_wconf 79' lang='lat' dir='ltr'><strong>Digestorum</strong></span> <span class='ocrx_word' id='word_1_191' title='bbox 592 3011 611 3077; x_wconf 90' lang='grc' dir='ltr'><strong>Ι.</strong></span> <span class='ocrx_word' id='word_1_192' title='bbox 631 3011 701 3088; x_wconf 45' lang='grc'><strong>1.,9,</strong></span> <span class='ocrx_word' id='word_1_193' title='bbox 718 3010 771 3072; x_wconf 80' lang='grc'><strong>36.</strong></span> <span class='ocrx_word' id='word_1_194' title='bbox 805 3009 940 3092; x_wconf 83' lang='lat' dir='ltr'><strong>Appius</strong></span> <span class='ocrx_word' id='word_1_195' title='bbox 957 3010 1124 3074; x_wconf 84' lang='lat' dir='ltr'><strong>Claudius</strong></span> <span class='ocrx_word' id='word_1_196' title='bbox 1138 3013 1179 3072; x_wconf 86' lang='lat' dir='ltr'><strong>ele</strong></span> 
     </span>
     <span class='ocr_line' id='line_1_25' title="bbox 49 3111 1181 3198; baseline -0.002 -22"><span class='ocrx_word' id='word_1_197' title='bbox 49 3157 52 3166; x_wconf 86' lang='lat'>-</span> <span class='ocrx_word' id='word_1_198' title='bbox 100 3111 106 3122; x_wconf 81' lang='grc'><strong><em>’</em></strong></span> <span class='ocrx_word' id='word_1_199' title='bbox 129 3115 268 3198; x_wconf 80' lang='lat' dir='ltr'><strong>Pyrrho</strong></span> <span class='ocrx_word' id='word_1_200' title='bbox 289 3111 325 3173; x_wconf 88' lang='lat' dir='ltr'><strong>in</strong></span> <span class='ocrx_word' id='word_1_201' title='bbox 346 3113 428 3172; x_wconf 84' lang='lat' dir='ltr'><strong>urbe</strong></span> <span class='ocrx_word' id='word_1_202' title='bbox 448 3132 516 3174; x_wconf 92' lang='lat' dir='ltr'><strong>non</strong></span> <span class='ocrx_word' id='word_1_203' title='bbox 535 3112 731 3194; x_wconf 80' lang='lat' dir='ltr'><strong>recipiendo</strong></span> <span class='ocrx_word' id='word_1_204' title='bbox 749 3113 956 3175; x_wconf 77' lang='lat' dir='ltr'><strong>sententiam</strong></span> <span class='ocrx_word' id='word_1_205' title='bbox 973 3112 1070 3175; x_wconf 82' lang='lat' dir='ltr'><strong>tulit.-</strong></span> <span class='ocrx_word' id='word_1_206' title='bbox 1093 3114 1181 3175; x_wconf 83' lang='lat' dir='ltr'><strong>bunc</strong></span> 
     </span>
     <span class='ocr_line' id='line_1_26' title="bbox 129 3213 1180 3299; baseline 0.001 -23"><span class='ocrx_word' id='word_1_207' title='bbox 129 3215 234 3276; x_wconf 84' lang='lat' dir='ltr'><strong>etium</strong></span> <span class='ocrx_word' id='word_1_208' title='bbox 257 3213 453 3276; x_wconf 76' lang='lat' dir='ltr'><strong>actiones</strong></span> <span class='ocrx_word' id='word_1_209' title='bbox 477 3215 658 3296; x_wconf 84' lang='lat' dir='ltr'><strong>scripsisse</strong></span> <span class='ocrx_word' id='word_1_210' title='bbox 680 3216 848 3278; x_wconf 85' lang='lat' dir='ltr'><strong>traditum</strong></span> <span class='ocrx_word' id='word_1_211' title='bbox 869 3227 932 3290; x_wconf 85' lang='lat' dir='ltr'><strong>est,</strong></span> <span class='ocrx_word' id='word_1_212' title='bbox 956 3215 1110 3299; x_wconf 84' lang='lat' dir='ltr'><strong>primum</strong></span> <span class='ocrx_word' id='word_1_213' title='bbox 1133 3217 1180 3278; x_wconf 84' lang='lat' dir='ltr'><strong>de</strong></span> 
     </span>
     <span class='ocr_line' id='line_1_27' title="bbox 129 3315 895 3400; baseline 0.003 -22"><span class='ocrx_word' id='word_1_214' title='bbox 129 3315 515 3398; x_wconf 78' lang='lat' dir='ltr'><strong>usurpationibus,</strong></span> <span class='ocrx_word' id='word_1_215' title='bbox 534 3317 593 3400; x_wconf 83' lang='lat' dir='ltr'><strong>qui</strong></span> <span class='ocrx_word' id='word_1_216' title='bbox 605 3317 690 3380; x_wconf 84' lang='lat' dir='ltr'><strong>liber</strong></span> <span class='ocrx_word' id='word_1_217' title='bbox 702 3338 770 3380; x_wconf 90' lang='lat' dir='ltr'><strong>non</strong></span> <span class='ocrx_word' id='word_1_218' title='bbox 782 3330 895 3380; x_wconf 82' lang='lat' dir='ltr'><strong>extat.</strong></span> 
     </span>
    </p>

    <p class='ocr_par' dir='ltr' id='par_1_14' title="bbox 129 3417 1182 4218">
     <span class='ocr_line' id='line_1_28' title="bbox 196 3417 1180 3503; baseline -0.002 -21"><span class='ocrx_word' id='word_1_219' title='bbox 196 3417 379 3482; x_wconf 86' lang='lat' dir='ltr'><strong>Carmina</strong></span> <span class='ocrx_word' id='word_1_220' title='bbox 398 3439 529 3503; x_wconf 88' lang='lat' dir='ltr'><strong>quoque</strong></span> <span class='ocrx_word' id='word_1_221' title='bbox 551 3419 739 3483; x_wconf 87' lang='lat' dir='ltr'><strong>Saturnia</strong></span> <span class='ocrx_word' id='word_1_222' title='bbox 762 3420 940 3484; x_wconf 83' lang='lat' dir='ltr'><strong>condidisse</strong></span> <span class='ocrx_word' id='word_1_223' title='bbox 958 3420 1102 3496; x_wconf 87' lang='lat' dir='ltr'><strong>videtur,</strong></span> <span class='ocrx_word' id='word_1_224' title='bbox 1123 3441 1180 3482; x_wconf 88' lang='lat' dir='ltr'><strong>ex-</strong></span> 
     </span>
     <span class='ocr_line' id='line_1_29' title="bbox 130 3520 1179 3604; baseline 0.004 -22"><span class='ocrx_word' id='word_1_225' title='bbox 130 3531 258 3603; x_wconf 84' lang='lat' dir='ltr'><strong>tantque</strong></span> <span class='ocrx_word' id='word_1_226' title='bbox 273 3541 384 3583; x_wconf 87' lang='lat' dir='ltr'><strong>eorum</strong></span> <span class='ocrx_word' id='word_1_227' title='bbox 399 3521 577 3604; x_wconf 77' lang='lat' dir='ltr'><strong>fragmenta</strong></span> <span class='ocrx_word' id='word_1_228' title='bbox 594 3525 677 3604; x_wconf 89' lang='lat' dir='ltr'><strong>apud</strong></span> <span class='ocrx_word' id='word_1_229' title='bbox 691 3520 761 3586; x_wconf 89' lang='lat' dir='ltr'><strong>Cic.</strong></span> <span class='ocrx_word' id='word_1_230' title='bbox 773 3524 905 3592; x_wconf 85' lang='lat' dir='ltr'><strong>Tuscul,</strong></span> <span class='ocrx_word' id='word_1_231' title='bbox 919 3525 1020 3599; x_wconf 78' lang='grc'><strong>1,2,1.</strong></span> <span class='ocrx_word' id='word_1_232' title='bbox 1033 3524 1179 3586; x_wconf 87' lang='lat' dir='ltr'><strong>Pseudo·</strong></span> 
     </span>
     <span class='ocr_line' id='line_1_30' title="bbox 131 3621 1178 3705; baseline 0.002 -21"><span class='ocrx_word' id='word_1_233' title='bbox 131 3621 285 3684; x_wconf 82' lang='lat' dir='ltr'><strong>Salustius</strong></span> <span class='ocrx_word' id='word_1_234' title='bbox 296 3622 328 3685; x_wconf 91' lang='lat' dir='ltr'><strong>in</strong></span> <span class='ocrx_word' id='word_1_235' title='bbox 343 3623 443 3704; x_wconf 77' lang='lat' dir='ltr'><strong>Epist.</strong></span> <span class='ocrx_word' id='word_1_236' title='bbox 457 3628 494 3686; x_wconf 88' lang='lat' dir='ltr'><strong>ad</strong></span> <span class='ocrx_word' id='word_1_237' title='bbox 509 3623 666 3688; x_wconf 85' lang='lat' dir='ltr'><strong>Caesarem</strong></span> <span class='ocrx_word' id='word_1_238' title='bbox 679 3629 716 3687; x_wconf 92' lang='lat' dir='ltr'><strong>de</strong></span> <span class='ocrx_word' id='word_1_239' title='bbox 726 3623 890 3705; x_wconf 83' lang='lat' dir='ltr'><strong>republica</strong></span> <span class='ocrx_word' id='word_1_240' title='bbox 904 3649 932 3691; x_wconf 85' lang='lat' dir='ltr'><strong>c.</strong></span> <span class='ocrx_word' id='word_1_241' title='bbox 943 3630 973 3688; x_wconf 94' lang='grc'><strong>1.</strong></span> <span class='ocrx_word' id='word_1_242' title='bbox 986 3624 1145 3688; x_wconf 90' lang='lat' dir='ltr'><strong>Priscian.</strong></span> <span class='ocrx_word' id='word_1_243' title='bbox 1157 3638 1178 3687; x_wconf 92' lang='lat' dir='ltr'><strong>t.</strong></span> 
     </span>
     <span class='ocr_line' id='line_1_31' title="bbox 132 3723 1182 3808; baseline 0.004 -23"><span class='ocrx_word' id='word_1_244' title='bbox 132 3729 164 3786; x_wconf 83' lang='lat'><strong>1.</strong></span> <span class='ocrx_word' id='word_1_245' title='bbox 181 3747 217 3806; x_wconf 85' lang='lat' dir='ltr'><strong>p.</strong></span> <span class='ocrx_word' id='word_1_246' title='bbox 232 3723 305 3791; x_wconf 78' lang='lat'><strong>370.</strong></span> <span class='ocrx_word' id='word_1_247' title='bbox 321 3729 373 3789; x_wconf 87' lang='lat' dir='ltr'><strong>ed.</strong></span> <span class='ocrx_word' id='word_1_248' title='bbox 392 3728 506 3795; x_wconf 84' lang='lat' dir='ltr'><strong>Krehl.</strong></span> <span class='ocrx_word' id='word_1_249' title='bbox 541 3727 655 3790; x_wconf 89' lang='lat' dir='ltr'><strong>Festus</strong></span> <span class='ocrx_word' id='word_1_250' title='bbox 670 3728 794 3808; x_wconf 66' lang='lat' dir='ltr'><strong>patr.</strong></span> <span class='ocrx_word' id='word_1_251' title='bbox 811 3729 860 3796; x_wconf 87' lang='lat' dir='ltr'><strong>cd.</strong></span> <span class='ocrx_word' id='word_1_252' title='bbox 878 3728 922 3790; x_wconf 95' lang='lat' dir='ltr'><strong>O.</strong></span> <span class='ocrx_word' id='word_1_253' title='bbox 941 3727 1075 3791; x_wconf 80' lang='lat' dir='ltr'><strong>Miiller.</strong></span> <span class='ocrx_word' id='word_1_254' title='bbox 1098 3730 1182 3806; x_wconf 87' lang='lat' dir='ltr'><strong>(Sed</strong></span> 
     </span>
     <span class='ocr_line' id='line_1_32' title="bbox 131 3827 1182 3916; baseline 0 -27"><span class='ocrx_word' id='word_1_255' title='bbox 131 3827 200 3908; x_wconf 88' lang='lat' dir='ltr'><strong>ipse</strong></span> <span class='ocrx_word' id='word_1_256' title='bbox 214 3827 374 3892; x_wconf 81' lang='lat' dir='ltr'><strong>Miillerus</strong></span> <span class='ocrx_word' id='word_1_257' title='bbox 387 3851 417 3910; x_wconf 89' lang='lat' dir='ltr'><strong>p.</strong></span> <span class='ocrx_word' id='word_1_258' title='bbox 430 3830 503 3898; x_wconf 74' lang='lat'><strong>310,</strong></span> <span class='ocrx_word' id='word_1_259' title='bbox 520 3828 655 3906; x_wconf 89' lang='lat' dir='ltr'><strong>dubitat,</strong></span> <span class='ocrx_word' id='word_1_260' title='bbox 673 3850 711 3890; x_wconf 88' lang='lat' dir='ltr'><strong>an</strong></span> <span class='ocrx_word' id='word_1_261' title='bbox 723 3829 949 3916; x_wconf 85' lang='lat' dir='ltr'><strong>fragmentum,</strong></span> <span class='ocrx_word' id='word_1_262' title='bbox 967 3833 1053 3914; x_wconf 89' lang='lat' dir='ltr'><strong>quod</strong></span> <span class='ocrx_word' id='word_1_263' title='bbox 1067 3830 1182 3893; x_wconf 87' lang='lat' dir='ltr'><strong>Festus</strong></span> 
     </span>
     <span class='ocr_line' id='line_1_33' title="bbox 129 3929 1180 4011; baseline -0.001 -21"><span class='ocrx_word' id='word_1_264' title='bbox 129 3949 180 3990; x_wconf 85' lang='lat' dir='ltr'><strong>ex</strong></span> <span class='ocrx_word' id='word_1_265' title='bbox 202 3929 332 4011; x_wconf 89' lang='lat' dir='ltr'><strong>Appii</strong></span> <span class='ocrx_word' id='word_1_266' title='bbox 354 3930 575 3994; x_wconf 88' lang='lat' dir='ltr'><strong>sententiis</strong></span> <span class='ocrx_word' id='word_1_267' title='bbox 598 3930 718 4005; x_wconf 86' lang='lat' dir='ltr'><strong>attulit,</strong></span> <span class='ocrx_word' id='word_1_268' title='bbox 743 3953 784 3992; x_wconf 88' lang='lat' dir='ltr'><strong>ex</strong></span> <span class='ocrx_word' id='word_1_269' title='bbox 806 3933 946 3995; x_wconf 84' lang='lat' dir='ltr'><strong>carmine</strong></span> <span class='ocrx_word' id='word_1_270' title='bbox 968 3933 1010 3995; x_wconf 90' lang='lat' dir='ltr'><strong>sit</strong></span> <span class='ocrx_word' id='word_1_271' title='bbox 1031 3943 1180 4002; x_wconf 87' lang='lat' dir='ltr'><strong>sumtum,</strong></span> 
     </span>
     <span class='ocr_line' id='line_1_34' title="bbox 132 4017 1181 4114; baseline -0.003 -22"><span class='ocrx_word' id='word_1_272' title='bbox 132 4051 244 4093; x_wconf 87' lang='lat' dir='ltr'><strong>verum</strong></span> <span class='ocrx_word' id='word_1_273' title='bbox 260 4031 430 4093; x_wconf 89' lang='lat' dir='ltr'><strong>sententias</strong></span> <span class='ocrx_word' id='word_1_274' title='bbox 448 4032 481 4093; x_wconf 91' lang='lat' dir='ltr'><strong>iu</strong></span> <span class='ocrx_word' id='word_1_275' title='bbox 505 4033 573 4094; x_wconf 90' lang='lat' dir='ltr'><strong>iure</strong></span> <span class='ocrx_word' id='word_1_276' title='bbox 594 4017 816 4113; x_wconf 76' lang='lat' dir='ltr'><strong>pronuntiatas</strong></span> <span class='ocrx_word' id='word_1_277' title='bbox 836 4033 942 4114; x_wconf 91' lang='lat' dir='ltr'><strong>potius</strong></span> <span class='ocrx_word' id='word_1_278' title='bbox 960 4032 1181 4112; x_wconf 80' lang='lat' dir='ltr'><strong>intelligendas</strong></span> 
     </span>
     <span class='ocr_line' id='line_1_35' title="bbox 131 4130 1180 4218; baseline -0.003 -23"><span class='ocrx_word' id='word_1_279' title='bbox 131 4153 199 4196; x_wconf 85' lang='lat' dir='ltr'><strong>esse</strong></span> <span class='ocrx_word' id='word_1_280' title='bbox 216 4133 351 4209; x_wconf 89' lang='lat' dir='ltr'><strong>censet.)</strong></span> <span class='ocrx_word' id='word_1_281' title='bbox 375 4130 473 4194; x_wconf 86' lang='lat' dir='ltr'><strong>Coni.</strong></span> <span class='ocrx_word' id='word_1_282' title='bbox 493 4145 660 4212; x_wconf 87' lang='lat' dir='ltr'><strong>praeterea</strong></span> <span class='ocrx_word' id='word_1_283' title='bbox 684 4137 722 4196; x_wconf 95' lang='lat' dir='ltr'><strong>de</strong></span> <span class='ocrx_word' id='word_1_284' title='bbox 740 4133 840 4218; x_wconf 88' lang='lat' dir='ltr'><strong>Appii</strong></span> <span class='ocrx_word' id='word_1_285' title='bbox 856 4135 1051 4197; x_wconf 83' lang='lat' dir='ltr'><strong>carminibus</strong></span> <span class='ocrx_word' id='word_1_286' title='bbox 1068 4133 1180 4193; x_wconf 89' lang='lat' dir='ltr'><strong>Sante·</strong></span> 
     </span>
    </p>
   </div>
   <div class='ocr_carea' id='block_1_14' title="bbox 17 4232 1181 4318">
    <p class='ocr_par' dir='ltr' id='par_1_15' title="bbox 17 4232 1181 4318">
     <span class='ocr_line' id='line_1_36' title="bbox 17 4232 1181 4318; baseline -0.003 -20"><span class='ocrx_word' id='word_1_287' title='bbox 17 4309 20 4314; x_wconf 26' lang='grc' dir='ltr'>Ι</span> <span class='ocrx_word' id='word_1_288' title='bbox 130 4237 201 4298; x_wconf 89' lang='lat' dir='ltr'><strong>nius</strong></span> <span class='ocrx_word' id='word_1_289' title='bbox 218 4238 259 4297; x_wconf 85' lang='lat' dir='ltr'><strong>ad</strong></span> <span class='ocrx_word' id='word_1_290' title='bbox 274 4232 502 4297; x_wconf 86' lang='lat' dir='ltr'><strong>Terentianum</strong></span> <span class='ocrx_word' id='word_1_291' title='bbox 519 4255 551 4314; x_wconf 88' lang='lat' dir='ltr'><strong>p.</strong></span> <span class='ocrx_word' id='word_1_292' title='bbox 567 4237 638 4298; x_wconf 82' lang='lat'><strong>177.</strong></span> <span class='ocrx_word' id='word_1_293' title='bbox 665 4233 770 4298; x_wconf 89' lang='lat' dir='ltr'><strong>Ulrici</strong></span> <span class='ocrx_word' id='word_1_294' title='bbox 786 4235 982 4297; x_wconf 82' lang='lat' dir='ltr'><strong>Geschichte</strong></span> <span class='ocrx_word' id='word_1_295' title='bbox 998 4237 1055 4295; x_wconf 89' lang='lat' dir='ltr'><strong>der</strong></span> <span class='ocrx_word' id='word_1_296' title='bbox 1069 4233 1181 4318; x_wconf 79' lang='lat' dir='ltr'><strong>Histo-</strong></span> 
     </span>
    </p>
   </div>
   <div class='ocr_carea' id='block_1_15' title="bbox 129 4332 1191 4422">
    <p class='ocr_par' dir='ltr' id='par_1_16' title="bbox 129 4332 1191 4422">
     <span class='ocr_line' id='line_1_37' title="bbox 129 4332 1191 4422; baseline -0.006 -23"><span class='ocrx_word' id='word_1_297' title='bbox 129 4335 325 4420; x_wconf 85' lang='lat' dir='ltr'><strong>riographie</strong></span> <span class='ocrx_word' id='word_1_298' title='bbox 335 4357 368 4418; x_wconf 89' lang='lat' dir='ltr'><strong>p.</strong></span> <span class='ocrx_word' id='word_1_299' title='bbox 377 4336 429 4404; x_wconf 84' lang='lat'><strong>88.</strong></span> <span class='ocrx_word' id='word_1_300' title='bbox 443 4332 599 4416; x_wconf 87' lang='lat' dir='ltr'><strong>Spalding</strong></span> <span class='ocrx_word' id='word_1_301' title='bbox 608 4334 883 4414; x_wconf 78' lang='lat' dir='ltr'><strong>adQuintiliauum</strong></span> <span class='ocrx_word' id='word_1_302' title='bbox 892 4335 914 4404; x_wconf 81' lang='lat' dir='ltr'><strong>l,</strong></span> <span class='ocrx_word' id='word_1_303' title='bbox 925 4337 974 4410; x_wconf 81' lang='lat'><strong>12,</strong></span> <span class='ocrx_word' id='word_1_304' title='bbox 983 4337 1013 4409; x_wconf 89' lang='lat'><strong>9,</strong></span> <span class='ocrx_word' id='word_1_305' title='bbox 1023 4336 1053 4398; x_wconf 85' lang='lat'><strong>9.</strong></span> <span class='ocrx_word' id='word_1_306' title='bbox 1066 4333 1191 4422; x_wconf 17' lang='lat' dir='ltr'><strong>Wotfii·</strong></span> 
     </span>
    </p>
   </div>
   <div class='ocr_carea' id='block_1_16' title="bbox 0 0 1490 4836">
    <p class='ocr_par' dir='ltr' id='par_1_17' title="bbox 0 0 1490 4836">
     <span class='ocr_line' id='line_1_38' title="bbox 0 0 1490 4836; baseline 0 0"><span class='ocrx_word' id='word_1_307' title='bbox 0 0 1490 4836; x_wconf 95' lang='lat' dir='ltr'><strong> </strong></span> 
     </span>
    </p>
   </div>
  </div>
 </body>
</html>
