2984 4842
1189 396 1250 456 tas

198 575 286 628 uno,
317 552 411 636 quod
439 550 566 625 sciam,
591 554 728 613 Bruto
762 551 875 614 minus
901 551 1092 632 probatur,
1123 555 1245 618 ceteris

194 659 307 739 placet
324 650 385 718 κᾶν
401 647 497 737 μήπω
519 647 625 744 βάλλῃ
648 655 729 738 μηδὲ
752 647 875 744 τοξεύῃ,
891 653 1085 717 Ciceronem
1099 669 1257 737 carpant,

198 760 233 821 in
255 757 308 819 his
331 765 395 818 etc.

231 881 320 941 Bruto]
357 883 457 925 Brutum
468 881 634 926 Demosthenis
648 883 769 925 orationes
785 882 965 938 diligentissime
980 883 1130 940 cognovisse,
1144 887 1243 928 testatur

268 970 354 1014 Cicero
375 971 398 1012 in
418 967 523 1013 Oratore
543 984 564 1012 c.
587 967 634 1023 29,
658 964 715 1017 1⁰5.
737 966 778 1029 38,
800 967 858 1013 13⁶.

263 1071 381 1132 Seneca
408 1067 623 1133 Controvers.
647 1068 705 1131 lib.
736 1069 775 1144 ir,
807 1069 861 1132 30.
885 1091 917 1151 p.
943 1069 1017 1133 359.
1063 1073 1118 1135 Μ.
1143 1072 1244 1134 Bruti

197 1173 467 1238 sacratissimam
493 1172 720 1255 eloquentiam
746 1174 888 1244 lacerat.

231 1297 267 1343 M.
292 1295 376 1356 Bruti]
414 1299 536 1342 immerito
564 1299 625 1342 hunc
655 1301 733 1343 locum
759 1313 803 1354 pro
832 1299 969 1343 testimonio
998 1299 1146 1355 eloquentiae
1173 1301 1241 1345 Bruti

266 1386 349 1430 heberi
374 1386 449 1443 (quod
472 1355 504 1428 nli
528 1385 649 1429 Ellendtio
679 1400 771 1444 quoque
796 1401 819 1442 p.
846 1387 965 1431 CXMX.
984 1387 1075 1430 factum
1094 1386 1155 1442 est),
1176 1402 1243 1432 cota·

268 1474 353 1527 probet
371 1473 494 1531 Schultlng
519 1486 541 1528 p.
564 1468 642 1527 297„
668 1475 708 1531 qui
732 1475 914 1529 corruptissima
939 1475 1045 1519 auctoris
1064 1476 1137 1520 verbs
1156 1489 1242 1522 sanare

266 1570 364 1604 conatus
383 1567 428 1605 est.

261 1662 390 1724 Tacitus
417 1661 505 1726 Diat.
537 1667 575 1726 dc
604 1662 773 1728 Oratorib.
802 1685 831 1726 c.
859 1663 907 1732 18.
951 1662 1102 1745 Legistis
1123 1666 1241 1748 utique

194 1777 227 1828 et
250 1766 345 1829 Calvi
373 1777 406 1828 et
438 1766 570 1829 Bruti
603 1767 649 1828 ad
683 1767 879 1831 Ciceronem
908 1765 1033 1828 missas
1063 1766 1239 1845 epistolas,

194 1891 241 1930 ex
263 1868 386 1951 quibus
397 1865 516 1956 facile
549 1880 600 1930 est
630 1869 901 1950 deprehendere,
934 1869 1075 1932 Calvum
1103 1869 1240 1949 quidem

195 1969 351 2035 Ciceroni
388 1969 497 2032 visum
531 1991 747 2052 exsanguem
784 1983 818 2034 et
845 1971 1028 2052 attritum,
1061 1973 1241 2034 Brutum

194 2083 332 2135 autem
361 2071 551 2134 otiosum
580 2084 707 2155 atque
737 2073 1027 2146 disiunctum,
1052 2093 1242 2155 rursusque

194 2175 391 2239 Ciceronem
424 2194 447 2234 a
475 2177 585 2236 Bruto
616 2177 704 2236 male
740 2175 900 2246 audisse,
932 2187 970 2236 ut
1000 2174 1110 2256 ipsius
1132 2175 1242 2236 verbis

194 2289 293 2351 utar,
313 2288 488 2360 tamquam
499 2274 668 2365 fluctum
688 2288 790 2360 atque
812 2277 991 2339 elumbem.
1015 2275 1046 2338 si
1061 2297 1113 2338 me
1133 2276 1239 2339 inter·

194 2399 319 2461 rogas,
341 2399 457 2441 omnes
481 2378 565 2440 milri
588 2377 744 2441 uidentur
768 2401 883 2440 cerum
906 2378 1052 2440 dixisse.

229 2501 353 2563 Otiosam]
389 2506 493 2549 fortasse
518 2503 632 2548 odiosum
660 2505 679 2549 ι’.
706 2518 729 2548 s.
757 2503 915 2548 adfectatione
939 2504 1038 2560 quatem
1068 2508 1091 2546 et
1111 2503 1240 2557 asperitate

263 2593 374 2636 dictionis
385 2595 522 2636 molestum.
537 2591 653 2649 Lipsius.
673 2592 704 2635 At
722 2593 809 2636 Brutus
828 2597 908 2646 utpote
922 2591 1082 2634 sententiosas
1096 2597 1119 2634 et
1132 2591 1239 2635 animosa

262 2677 414 2736 philosophia
428 2681 519 2734 plenus,
541 2681 617 2734 potuit
632 2681 723 2725 otiosus
737 2693 790 2724 esse
804 2679 866 2723 circs
884 2679 1012 2722 sententias
1027 2683 1049 2722 et
1062 2678 1239 2732 philosophicos

263 2769 344 2825 locos,
370 2769 402 2810 its
428 2767 515 2811 Cicero
543 2769 588 2812 fuit
612 2770 707 2812 otiosus
732 2769 803 2811 circa
821 2779 961 2820 excessus,
983 2771 1013 2809 ut
1032 2779 1086 2808 mox
1106 2766 1135 2808 sb
1155 2767 1239 2809 eodem

264 2860 361 2899 anctore
381 2856 467 2899 dicitur
484 2869 506 2900 c.
528 2853 570 2906 22,
596 2854 709 2901 Brotier.
733 2856 843 2901 Otiosum
869 2869 922 2898 eum
949 2854 1054 2907 accipio,
1074 2856 1141 2897 cuius
1160 2854 1238 2896 oratio

261 2945 374 2986 utnulla
395 2944 417 2986 vi
438 2945 543 2998 praedita
571 2951 593 2987 et
619 2945 746 3002 languida,
773 2943 850 3000 qualis
876 2956 929 2986 esse
948 2943 971 2984 in
991 2943 1115 2985 disiunctis
1134 2947 1157 2984 et
1175 2942 1238 2984 mals

266 3032 450 3074 cohaerentibus
478 3033 549 3074 solet.
579 3028 723 3089 Schulting.
749 3031 838 3074 Brutus
866 3030 905 3072 hat
933 3031 957 3072 in
983 3030 1065 3072 scinen
1090 3029 1171 3072 Redeo
1192 3029 1237 3072 risi

261 3120 395 3176 mltcsiges,
416 3118 602 3175 tibet-flitssiges,
623 3131 671 3160 was
691 3119 755 3162 nicht
774 3119 796 3160 in
816 3117 868 3160 eine
888 3117 953 3160 Reae
973 3117 1146 3174 hincingeh'o'st.

226 3201 397 3262 Disianctum]
434 3207 451 3250 i.
473 3221 494 3250 e.
516 3221 562 3249 non
582 3205 742 3249 cohaerebant
766 3205 845 3248 otnnia
871 3207 892 3248 in
914 3205 1064 3248 orationibus
1086 3204 1169 3260 tisun,
1190 3219 1237 3249 nou

261 3307 307 3336 uno
326 3298 409 3337 tenore
429 3296 507 3338 omnin
525 3293 642 3338 fluebant:
664 3295 741 3338 oratio
763 3294 815 3337 eius
834 3307 881 3336 uon
901 3297 952 3336 eret
970 3294 1087 3336 oraturis.

254 3410 333 3474 ibid.
369 3435 399 3475 c.
437 3414 488 3476 21.
546 3414 780 3478 Concedamus
813 3434 896 3475 sane
931 3415 969 3476 C.
1004 3412 1165 3487 Caesari,
1199 3424 1237 3474 ut

187 3527 332 3594 propter
360 3517 633 3597 magnitudinem
661 3518 910 3600 cogitationum
941 3527 973 3576 et
996 3515 1237 3596 occupationes

191 3635 308 3675 rerum
332 3616 444 3676 minus
476 3617 511 3678 in
543 3621 736 3700 eloquentia
763 3616 919 3704 effecerit
952 3638 1053 3701 quam
1085 3616 1237 3677 diuinum

190 3714 264 3774 eius
278 3713 454 3795 ingenium
467 3720 683 3798 postulabat:
698 3731 768 3781 tam
784 3723 919 3781 hercule
934 3741 1036 3801 quam
1053 3721 1079 3779 B
1088 3741 1107 3777 r
1117 3730 1193 3778 utu
1204 3738 1237 3778 m

187 3812 425 3896 philosophiae
455 3839 537 3879 suae
567 3821 820 3902 relinquamus;
853 3843 932 3880 nam
962 3821 995 3881 in
1020 3819 1236 3883 orationibus

189 3913 359 3977 minorem
382 3937 455 3978 esse
465 3916 579 4007 fama
608 3942 671 3982 sua
699 3923 802 3984 etiam
824 3923 1055 3984 admiratores
1079 3919 1153 3980 eius
1165 3913 1237 4003 sa·

188 4026 317 4078 lentur.
347 4036 407 4077 nec
424 4015 514 4106 fere
543 4022 723 4103 quisquam
753 4035 813 4084 aut
844 4023 1005 4086 Caesaris
1031 4041 1100 4101 pro
1131 4018 1238 4081 Decio

188 4115 343 4182 Samnite
359 4129 420 4180 aut
437 4121 537 4182 Bruti
553 4143 622 4203 pro
643 4124 812 4187 Deiotaro
831 4145 913 4204 rege
935 4133 1131 4202 ceterosque
1147 4118 1237 4182 eius·

189 4220 265 4282 dem
290 4219 504 4282 lentitudinis
527 4243 567 4283 ac
590 4222 719 4304 teporis
748 4226 831 4307 legit
855 4221 922 4286 nisi
945 4222 1056 4304 quiet
1079 4221 1235 4282 carmina

187 4320 375 4386 eorundem
398 4321 583 4387 mirantur.
