2958 4840
1178 358 1240 420 stt

190 541 348 604 septem
371 524 524 595 edidit,
540 541 650 604 quae
673 518 827 579 deinde
844 519 1239 581 senatusconsulto

191 631 443 692 combustae
465 634 579 686 sunt.
604 624 694 683 Beue
709 641 785 680 cum
801 617 870 680 illis
891 617 983 699 ignis
999 630 1131 700 egerat.
1159 620 1240 682 seu

195 741 347 793 extant
370 726 535 798 libelli,
567 724 637 806 qui
659 741 748 782 cum
767 718 895 806 fama
916 720 1010 781 eius
1028 733 1236 802 pugnant,

197 835 415 912 multoque
459 823 778 887 dissolutiores
817 821 929 902 ipsis
965 822 1237 884 actionibus.

192 936 301 996 Illas
324 932 434 992 enim
457 949 549 989 cum
578 925 846 987 destitueret
873 945 996 998 cura,
1021 925 1142 985 calor
1170 925 1239 986 ad·

194 1035 395 1095 iuuabat:
418 1031 457 1090 hi
480 1029 645 1091 caloris
669 1027 810 1088 minus
833 1026 1237 1107 habeut,negligen·

194 1136 280 1197 tiae
303 1155 382 1194 non
407 1132 559 1194 minus.

257 1233 334 1295 ibid.
352 1244 502 1294 controv.
528 1234 559 1292 2.
583 1253 618 1311 p.
643 1232 712 1292 lot.
755 1233 919 1304 Scaurus,
945 1250 1012 1291 non
1039 1241 1173 1292 tantum
1189 1231 1240 1292 di·

191 1334 403 1396 sertissimus
425 1333 538 1404 bomo,
561 1331 621 1392 sed
641 1330 911 1403 venustissimus,
936 1331 996 1413 qui
1018 1330 1145 1392 nullius
1164 1351 1238 1394 um·

193 1456 295 1517 quam
319 1431 522 1513 impunitam
553 1433 735 1493 stultitiam
762 1432 913 1493 transire
933 1453 1060 1512 passus
1085 1445 1149 1494 est.

257 1534 363 1596 Tacit.
390 1531 503 1596 Annal.
526 1532 556 1606 6,
581 1532 634 1594 29.
681 1535 880 1593 Mamercus
911 1537 1064 1596 Scaurus
1092 1535 1240 1617 insignis

193 1637 367 1700 nobilitate
389 1647 421 1696 et
444 1633 626 1696 orandis
652 1634 812 1705 curctis,
838 1631 909 1696 vita
926 1636 1128 1715 probrosus.

383 1774 409 1830 1.
432 1773 531 1829 Oratio
552 1776 651 1827 contra
670 1771 825 1827 Domitium
847 1772 1049 1830 Corbulonem.

256 1888 342 1949 Acta
365 1898 412 1950 est
435 1904 526 1947 causa
550 1905 580 1944 a.
607 1883 667 1943 ttt
690 1885 770 1960 (21).
817 1884 948 1947 Tacitus
972 1887 1089 1950 Annal.
1118 1889 1155 1966 3,
1183 1891 1237 1952 31.

195 1990 369 2052 Domitius
393 1987 539 2050 Corbulo
557 1997 727 2066 praetura
744 1983 899 2072 functus
925 1989 967 2050 de
989 1993 1029 2050 L.
1053 1993 1149 2053 Sulla
1177 2013 1238 2054 no·

193 2092 252 2152 bili
273 2091 391 2150 iuuene
407 2100 546 2170 questus
567 2098 619 2150 est
646 2086 740 2167 apud
760 2098 927 2162 senatum,
951 2092 1043 2171 quod
1064 2092 1130 2153 sibi
1150 2092 1240 2154 inter

193 2192 388 2272 spectacula
411 2189 648 2269 gladiatorum
669 2191 744 2249 laco
766 2207 834 2248 non
850 2188 1059 2252 decessisset.
1078 2213 1146 2272 pro
1157 2196 1242 2257 Cor·

195 2292 315 2353 bulone
337 2303 452 2365 aetas,
481 2290 620 2372 patrius
653 2311 744 2360 mos,
775 2289 892 2351 studia
917 2291 1093 2354 seniorum
1120 2306 1240 2368 erant,

197 2405 319 2456 cantra
348 2396 549 2456 Mamercus
578 2395 731 2455 Scaurus
760 2403 792 2452 et
825 2394 866 2453 L.
896 2394 1085 2456 Arruntius
1117 2395 1242 2477 aliique

195 2497 310 2558 Sullae
329 2495 515 2578 propinqui
539 2494 747 2556 nitebantur.
771 2494 1011 2576 certabantque
1028 2495 1245 2558 orationibus
1332 2529 1333 2534 1

195 2609 228 2658 et
253 2597 531 2658 memorabantur
557 2596 717 2674 exempla
748 2593 938 2668 maiorum,
971 2595 1029 2678 qui
1055 2597 1240 2659 iuuentutis

196 2698 454 2759 irreverentiam
466 2698 629 2778 grauibus
638 2695 783 2758 decretis
791 2696 1011 2770 notavissent,
1027 2698 1133 2759 donec
1145 2701 1238 2762 Dru·

194 2820 253 2861 sus
268 2810 352 2879 apta
372 2799 605 2878 temperandis
624 2796 750 2858 animis
765 2797 946 2872 disseruit,
968 2809 1001 2859 et
1016 2797 1241 2888 satisfactum

195 2900 378 2962 Corbuloni
399 2922 462 2978 per
484 2902 719 2972 Mamercum,
747 2900 806 2980 qui
826 2911 974 2980 patruus
997 2901 1100 2962 simul
1126 2922 1167 2961 ac
1192 2901 1240 2961 vi·

194 3001 301 3061 tricus
335 3004 449 3064 Sullas
487 3013 520 3062 et
558 3012 787 3062 oratorum
822 3021 868 3062 eu
900 3013 1011 3064 aetatu
1047 3001 1242 3065 uberrimus

196 3114 283 3162 crul.

230 3225 343 3283 Drusus]
379 3229 471 3271 Drusus
489 3225 580 3272 Caesar
605 3241 633 3272 so
653 3243 715 3272 suno
734 3231 816 3272 consul
835 3233 896 3273 erut.

473 3347 502 3406 2.
525 3347 624 3404 Oratio
644 3352 744 3404 contra
765 3348 797 3406 C.
820 3349 960 3404 Silanum.

261 3459 343 3518 Acts
367 3469 414 3520 cst
438 3477 530 3543 causa
562 3481 591 3522 a.
622 3462 681 3522 775
708 3461 788 3538 (22).
841 3459 948 3522 Τεοίῐ.
975 3463 1094 3526 Aonsl.
1126 3463 1161 3537 3,
1189 3465 1242 3528 66.

196 3559 233 3618 G.
257 3557 432 3629 Silanum,
459 3562 697 3638 proconsulem
720 3563 836 3633 Asiae,
863 3563 1133 3642 repetundarum
1149 3584 1172 3624 a
1187 3585 1243 3627 so·

195 3655 257 3714 ciis
279 3659 509 3734 postulatum,
536 3662 737 3720 Mamercus
761 3664 911 3721 Scaurus
940 3683 958 3721 e
992 3663 1245 3739 consularibus,

196 3754 318 3814 Iunius
346 3757 596 3834 Otlropraetor‚
636 3759 816 3819 Brutidius
849 3761 963 3840 Niger
990 3762 1112 3825 aedilis
1142 3765 1247 3828 simui

197 3853 390 3934 corripiunt
428 3855 663 3940 obiectantque
704 3859 868 3920 violatum
912 3863 1064 3942 Augusti
1100 3881 1242 3942 numen,

197 3965 349 4033 spretam
376 3955 510 4017 Tiberii
532 3959 765 4032 maiestatem,
793 3963 994 4022 Mamercus
1017 3962 1160 4046 antiqua
1180 3987 1249 4028 eu.

195 4056 308 4134 ampla
332 4054 472 4129 iaciens,
498 4057 539 4121 I..
564 4061 699 4122 Cottam
721 4082 744 4121 a
758 4061 915 4142 Scipione
938 4059 1132 4150 Africano,
1163 4069 1243 4128 Ser·

196 4154 288 4218 vium
310 4155 454 4220 Galbam
479 4178 503 4218 a
528 4158 657 4223 Catone
684 4163 857 4235 censorio,
885 4161 922 4226 P.
949 4163 1117 4228 Rutilium
1141 4185 1164 4228 α
1184 4169 1240 4232 M.

196 4258 328 4321 Scauro
349 4271 542 4326 accusatos.
567 4260 719 4329 videlicet
733 4263 849 4346 Scipio
870 4274 904 4327 et
924 4266 1010 4330 Cato
1032 4265 1118 4330 talia
1139 4268 1240 4333 ulcis·
