2966 4842
1183 378 1244 440 505

196 539 280 590 stum
297 539 436 594 secutum
451 547 532 596 esse.
558 532 600 594 A.
622 531 683 596 748
698 531 767 611 (30)
782 532 821 592 ab
833 529 1012 596 Octaviano
1028 554 1130 615 augur
1145 533 1249 600 lactus

196 630 541 707 3310010101.
573 633 635 694 720
648 634 718 712 (31)
757 633 912 708 Salassos,
931 644 1054 716 gentem
1072 635 1242 712 Gallicam,
1317 679 1319 682 .

196 732 333 798 domuit.
379 732 520 816 Appian.
547 733 679 815 Illyrica
703 759 732 798 c.
759 738 808 798 47.
832 735 898 800 Dio
923 736 973 810 49,
996 737 1049 800 38.
1081 738 1246 803 Drumaun

196 846 222 898 t.
247 837 279 898 4.
303 857 338 916 p.
363 834 438 904 272.
482 837 527 899 A.
554 838 614 900 723
638 839 708 918 (31)
740 840 779 900 ab
803 837 983 902 Octaviano
1008 839 1140 903 Antonii
1171 840 1245 906 loco

197 934 308 1002 consul
330 935 433 1024 sactus
456 949 515 1003 cst.
553 942 725 1018 Drumann
753 952 776 1003 t.
802 942 834 1003 4.
861 964 896 1023 p.
920 942 994 1004 231.
1034 941 1167 1018 niueo,
1190 948 1243 1008 10.

197 1041 248 1114 47,
266 1043 319 1102 11.
345 1041 425 1104 Post
441 1063 578 1126 pugnam
597 1043 773 1118 Actiacam,
797 1042 900 1126 inqua
925 1042 1041 1106 acriter
1065 1066 1127 1126 pro
1146 1047 1246 1111 Octa·

196 1141 292 1206 viano
317 1143 485 1230 pugnavit,
507 1145 611 1225 (Plut.
636 1147 728 1213 Brut.
754 1145 821 1223 53.)
844 1147 995 1208 adversus
1013 1132 1193 1232 Aquitanos
1212 1148 1243 1212 in

201 1245 337 1310 Galliam
364 1245 531 1328 profectus
559 1261 615 1325 est,
641 1237 762 1332 eosque
787 1246 902 1310 devicit
922 1269 953 1313 a.
980 1249 1041 1310 724
1061 1251 1140 1328 (30).
1175 1251 1246 1333 Ap·

196 1346 285 1430 pian.
310 1349 350 1410 B.
381 1348 457 1414 civ.
484 1352 514 1425 4,
537 1351 589 1414 38.
615 1349 764 1414 Tibullus
787 1351 882 1432 Eleg.
901 1354 931 1428 1,
950 1353 976 1414 7.
1007 1352 1246 1418 LelewelEtu‘·

197 1453 252 1514 des
281 1451 564 1537 Numismatiques.
625 1455 718 1535 Type
753 1453 898 1516 Gaulois.
929 1475 961 1534 p.
996 1455 1067 1518 383.
1121 1455 1246 1520 Deinde

198 1557 316 1634 eodem
333 1576 415 1618 auno
440 1557 501 1618 724
523 1556 590 1634 (30)
611 1555 643 1618 iu
665 1555 774 1618 Asiam
799 1554 978 1636 profectus,
1000 1555 1157 1633 Ciliciam,
1179 1560 1247 1640 sy·

201 1655 299 1732 riam,
339 1660 524 1740 Aegyptum
555 1657 699 1740 pacavit,
730 1660 812 1720 unde
840 1679 986 1720 reversus
1020 1681 1048 1720 a.
1085 1661 1143 1722 727
1179 1649 1248 1740 (27)

197 1759 391 1842 triumphum
417 1760 483 1846 egit
508 1760 745 1849 Aquitanicum.
792 1757 867 1827 Dio.
892 1758 983 1829 Cass.
1016 1762 1076 1836 51,
1111 1765 1140 1824 7.
1178 1765 1248 1846 Ap-

197 1862 284 1945 piau.
305 1865 344 1928 B.
370 1863 447 1928 Civ.
474 1865 505 1945 4,
530 1865 584 1928 38.
617 1863 746 1926 Disseu.
774 1865 814 1924 ad
837 1861 1000 1925 Tibullum
1024 1868 1057 1940 1,
1081 1870 1110 1928 7.
1136 1866 1171 1941 2,
1198 1871 1227 1936 1.

260 2023 305 2084 Α.
320 2023 381 2084 728
395 2023 461 2100 (20)
472 2025 512 2084 ab
525 2023 674 2104 Augusto
694 2019 875 2102 praefectus
892 2021 963 2083 urbi
982 2020 1103 2096 lactus,
1117 2023 1245 2086 abdica·

197 2125 245 2187 vit
276 2123 387 2204 paucis
413 2134 488 2204 post
509 2123 635 2198 diebus,
666 2134 697 2186 et
722 2123 795 2186 inde
819 2123 887 2186 otio
915 2135 945 2185 et
970 2122 1082 2184 studiis
1107 2127 1249 2189 vacabat.

199 2224 306 2288 Tacit.
338 2225 456 2288 Annal.
484 2225 519 2299 0,
552 2227 603 2290 11.
651 2225 870 2306 Hieronymus
896 2224 929 2286 in
961 2225 1094 2286 Eusebii
1123 2224 1247 2297 Chron.

199 2329 330 2410 Olymp.
359 2329 429 2398 188.
453 2329 524 2394 3.=
547 2349 574 2393 a.
602 2329 662 2390 728
681 2329 761 2404 (20).
808 2329 962 2390 Messala
983 2327 1151 2391 Coruinus
1171 2331 1243 2410 pri·

200 2453 276 2493 mas
295 2429 500 2519 praefectus
522 2429 772 2513 urbisfact1m,
796 2440 898 2491 sexto
917 2429 972 2490 die
987 2429 1198 2511 magistrata
1213 2453 1249 2494 se

199 2533 379 2608 abdicauit,
404 2531 572 2595 incivilem
591 2544 796 2616 potestatem
819 2551 890 2598 esse
913 2542 1121 2594 contestans.

234 2686 360 2748 Meeeolo]
397 2689 505 2748 Scaliger
527 2702 550 2745 p.
572 2685 601 2734 07
625 2689 819 2748 aduolat:,‚lloc
839 2689 956 2746 contingit
972 2685 1003 2730 C.
1022 2688 1151 2735 FurnioC.
1168 2690 1253 2734 snus

269 2791 456 2822 coss.1numero
483 2779 547 2822 MM.
570 2778 776 2822 Proehronismns
804 2789 921 2820 annorum
943 2769 1056 2823 novem.“
1085 2799 1115 2810 -
1139 2776 1247 2836 Scaliger

268 2867 341 2924 igilur
362 2867 537 2921 praefecturam
558 2843 679 2909 Messalae
700 2878 762 2908 auno
784 2859 829 2910 737
852 2861 894 2915 (17
914 2878 935 2910 a.
956 2861 1018 2918 Ch‚)
1043 2865 1163 2922 assignat:
1184 2867 1247 2922 quod
1294 2899 1296 2909 .

270 2968 351 2998 verum
374 2967 427 2999 esse
448 2959 518 3012 negat
542 2953 626 2996 Wieae
652 2965 674 3006 p.
698 2947 739 2994 32.

265 3074 308 3144 Α,
330 3075 389 3135 705
417 3075 471 3152 (13
495 3094 528 3154 p.
555 3069 652 3152 Chr.)
679 3083 820 3135 mortuus
845 3082 907 3144 est,
932 3091 1013 3132 anuo
1044 3069 1154 3131 aetatis
1177 3091 1249 3152 sep-

200 3175 376 3260 tuagesimo
407 3177 568 3252 secundo,
600 3184 678 3237 teste
702 3173 905 3254 Hieronymo
929 3171 959 3234 iu
987 3171 1119 3234 Eusebii
1145 3170 1251 3236 Chro-

202 3276 280 3340 nicis
296 3265 434 3361 olymp.
461 3281 534 3342 197.
559 3280 591 3340 3.
609 3278 748 3363 Augusti
773 3278 825 3340 51.
842 3300 883 3333 --
899 3297 928 3339 a.
952 3275 1024 3336 701.
1042 3277 1133 3354 (luz
1159 3279 1254 3339 Mes-

196 3369 276 3444 sala
292 3381 462 3446 Coruinus
484 3394 605 3444 orator
626 3393 706 3444 ante
731 3381 903 3443 biennium
925 3400 1028 3463 qaam
1046 3383 1251 3454 moreretur,

202 3484 252 3545 ita
277 3483 478 3547 memoriam
500 3505 540 3546 ac
564 3507 701 3546 sensum
724 3485 852 3557 amisit,
878 3494 914 3544 at
937 3483 997 3543 viar
1017 3491 1130 3562 parma
1151 3481 1253 3544 verlra

202 3586 425 3664 coniungeret
447 3583 562 3659 (Cous.
587 3586 673 3647 Plin.
699 3584 783 3647 Hist.
811 3585 839 3657 7,
864 3585 932 3659 21.)
948 3596 979 3644 et
999 3585 1045 3644 ad
1058 3595 1253 3646 extremum

204 3688 315 3745 ulcere
339 3683 405 3744 sibi
426 3683 518 3744 circa
540 3687 676 3766 spinam
697 3697 926 3746 sacramnato
943 3684 1059 3746 inedia
1078 3707 1114 3747 se
1128 3685 1254 3776 confe-
1305 3695 1308 3702 '

204 3783 250 3844 cit
271 3803 364 3844 anno
385 3784 512 3845 aetatis
535 3788 682 3849 LXXII.
730 3784 876 3869 Scaliger
898 3798 1020 3861 autem,
1053 3786 1107 3870 qui
1133 3809 1164 3849 a.
1194 3787 1254 3848 085

203 3885 271 3964 (09)
293 3883 467 3947 Messalam
490 3883 594 3948 natum
617 3898 723 3968 putat,
749 3900 882 3950 mortem
906 3887 974 3950 eius
997 3887 1028 3948 iu
1052 3908 1165 3948 anuum
1193 3887 1252 3948 757

204 3989 237 4066 (1
258 4007 292 4067 p.
312 3984 393 4052 Ch.)
415 3985 543 4064 retulit,
568 4008 634 4072 quo
657 4009 738 4050 anuo
754 3990 892 4052 LXXII
915 4010 1014 4050 annos
1036 3985 1134 4047 iuuerit
1147 3997 1250 4048 uatus.

197 4089 287 4152 ”E'um
310 4095 434 4150 secutus
463 4100 511 4150 est
530 4091 664 4152 Masson
694 4100 787 4173 atque
812 4089 962 4153 Ellendt.¹
1000 4089 1117 4165 Zumpt
1144 4085 1175 4146 in
1200 4107 1253 4148 au·

208 4189 329 4254 nalibus
352 4184 498 4268 tradidit,
532 4192 722 4265 Messalam,
751 4196 791 4254 70
817 4211 914 4252 annos
938 4199 1055 4262 uatum,
1073 4209 1102 4248 a.
1130 4187 1188 4248 751
1207 4187 1255 4263 (3)
1359 4229 1362 4236 -

207 4304 363 4356 mortuum
391 4310 478 4367 esse,
510 4296 590 4356 unde
617 4303 792 4367 constaret,
816 4313 886 4354 eum
916 4312 984 4353 esse
1009 4300 1112 4354 natum
1137 4310 1166 4350 a.
1193 4289 1251 4350 081
