2970 4836
588 545 616 604 3.
651 543 751 600 Oratio
773 545 809 598 de
831 544 894 611 tege
918 539 1023 614 Oppia.

347 699 441 762 Hanc
461 695 641 760 orationem
664 693 748 757 Cato
772 693 883 756 habuit
906 695 1016 756 consul
1040 713 1122 756 anno
1147 693 1209 758 559
1230 692 1330 779 (195).

346 799 463 862 Livius
489 800 541 874 st,
569 802 599 859 t.
637 801 733 863 Inter
754 797 922 860 bellorum
943 817 1150 879 magnorum
1171 809 1233 858 aut
1255 797 1332 860 vioc-

283 905 367 966 dum
379 903 571 980 finitorum
590 912 652 963 aut
674 899 926 962 imminentium
943 920 1047 961 curas
1064 899 1257 963 intercessit
1275 922 1332 963 res

280 1026 391 1087 parva
416 1004 523 1080 dictu,
556 1002 618 1066 sed
644 1022 730 1085 quae
757 1001 883 1063 studiis
908 1000 943 1062 in
970 1022 1135 1083 magnum
1158 1013 1331 1065 certamen

282 1105 483 1170 excesserit.
523 1107 579 1169 M.
602 1104 802 1168 Fundanius
820 1115 852 1166 et
867 1108 909 1166 L.
930 1103 1090 1168 Valerius
1113 1104 1243 1167 tribuni
1257 1108 1332 1186 ple·

281 1209 334 1272 bei
362 1208 410 1270 ad
437 1207 569 1289 plebem
604 1209 757 1270 tulerunt
786 1205 827 1267 de
857 1206 972 1287 Oppia
1002 1207 1077 1288 lege
1112 1207 1329 1290 abroganda.

283 1313 427 1376 Tulerat
452 1331 528 1372 eam
549 1313 587 1374 0.
609 1309 743 1392 Oppius
763 1308 921 1370 tribunus
940 1307 1068 1390 plebis,
1091 1310 1133 1391 Q.
1149 1309 1252 1372 Fabio
1272 1310 1329 1372 Ti.

281 1413 485 1494 Sempronio
509 1413 705 1475 consulibus
729 1411 779 1489 (a.
802 1411 875 1474 539.
901 1431 935 1472 α.
955 1413 1036 1476 car.
1056 1412 1135 1492 219)
1157 1411 1192 1473 in
1218 1413 1331 1476 medio

280 1515 406 1579 ardore
434 1515 556 1578 Punici
578 1514 655 1576 belli
669 1557 678 1587 ,
704 1535 745 1574 ne
771 1533 840 1594 qua
867 1512 990 1573 mulier
1013 1514 1094 1592 plus
1118 1515 1331 1576 semunciam

279 1617 361 1680 auri
374 1617 525 1689 haberet,
547 1636 614 1677 neu
634 1614 835 1676 vestimento
854 1612 1054 1674 versicolori
1074 1623 1242 1688 uteretur,
1263 1637 1331 1676 neu

280 1721 396 1783 iuncto
424 1717 578 1780 uehiculo
608 1716 643 1778 in
667 1716 751 1776 urbe
779 1714 945 1796 oppidoue
975 1725 1038 1774 aut
1066 1715 1214 1796 propius
1250 1716 1329 1778 inde

281 1822 370 1884 mille
381 1840 511 1902 passus
528 1818 596 1880 nisi
619 1837 802 1880 sacrorum
825 1817 1041 1887 publicorum
1062 1837 1171 1878 causa
1191 1821 1327 1882 uehere·

279 1937 351 1986 tur.
374 1926 431 1988 M.
448 1933 481 1984 et
498 1925 541 1986 Τ.
555 1921 648 1986 Iunii
660 1919 762 1982 Bruti
779 1917 1033 2000 tribuniplebis
1051 1921 1162 2001 legem
1178 1921 1328 2003 Oppiam

185 2043 193 2056 ¹
279 2026 476 2100 tuebuntur,
499 2045 559 2086 nec
581 2045 658 2086 eam
676 2045 712 2084 se
730 2020 898 2102 abrogari
912 2041 1082 2105 passuros
1097 2005 1246 2085 aiebant.
1270 2026 1328 2087 Ad

279 2127 496 2191 suadendum
513 2124 849 2205 dissuadendumque
868 2123 968 2185 multi
984 2123 1110 2186 nobiles
1125 2127 1325 2208 prodibant.

279 2229 489 2312 Capitolium
511 2228 612 2291 turba
636 2226 814 2288 bominum
824 2224 1031 2316 faventium
1054 2227 1328 2292 adversantium-

279 2354 343 2416 que
361 2333 431 2416 legi
446 2331 693 2412 complebatur.
728 2331 916 2391 Matronae
932 2331 1028 2390 nulla
1041 2348 1102 2390 nec
1117 2332 1326 2394 auctoritate

278 2455 339 2498 nec
358 2433 563 2498 uerecundia
584 2453 644 2494 nec
668 2430 815 2511 imperio
835 2431 992 2493 virorum
1014 2432 1184 2496 contineri
1209 2435 1326 2498 limine

276 2549 451 2619 poterant,
466 2556 583 2599 omnes
600 2534 672 2596 vias
690 2534 785 2596 urbis
804 2534 987 2617 aditusque
1004 2532 1180 2623 lusorum
1192 2539 1324 2602 obside·

277 2641 375 2714 bunt,
402 2638 495 2702 viros
518 2637 758 2700 descendentes
781 2637 827 2698 ad
839 2634 976 2725 forum
1001 2651 1160 2714 orantes,
1187 2651 1225 2701 ut
1244 2641 1326 2731 flo-

278 2753 373 2804 rente
404 2739 599 2822 republica,
633 2749 803 2800 crescente
829 2738 866 2798 in
896 2739 970 2800 dies
1000 2740 1139 2821 privata
1169 2743 1324 2806 omnium

265 2840 442 2931 fortuna,
470 2841 640 2904 matronis
665 2861 799 2922 quoque
822 2840 1012 2922 pristinum
1037 2854 1200 2905 ornatum
1225 2846 1325 2908 reddi

273 2955 488 3025 paterentur.
516 2946 593 3008 lam
609 2953 642 3006 et
662 2945 819 3004 consules
836 2953 1084 3026 praetoresque
1099 2955 1133 3005 et
1148 2945 1237 3008 alios
1251 2969 1323 3009 mu.

278 3046 450 3130 gistratus
469 3045 569 3107 adire
591 3055 623 3108 et
647 3065 775 3127 rogare
797 3044 981 3118 audebant,
1010 3057 1160 3108 ceterum
1184 3049 1323 3114 minime

276 3147 491 3210 exorabilem
509 3149 658 3209 alterum
674 3147 790 3228 utique
810 3148 985 3208 consulem
1008 3149 1063 3212 M.
1078 3151 1241 3214 Porcium
1259 3157 1324 3216 Ca-

275 3261 390 3312 tonem
409 3248 594 3321 habebant,
615 3248 674 3330 qui
692 3251 863 3332 prolege,
888 3271 975 3333 quae
998 3252 1251 3336 abrogabatur,
1273 3255 1323 3318 ita

275 3350 453 3413 disseruit.
477 3360 592 3412 etc.-
619 3349 672 3411 M.
702 3348 796 3424 Cato,
827 3351 881 3434 qui
911 3374 970 3432 per
996 3364 1096 3417 totam
1127 3356 1220 3419 vitam
1245 3379 1322 3439 par-

275 3450 410 3514 simonia
437 3462 468 3514 et
498 3450 575 3514 odio
602 3449 747 3513 luxuriae
778 3452 978 3532 excellebat,
1012 3456 1184 3538 praecipue
1209 3471 1322 3521 auctor

274 3553 354 3628 tuit,
380 3573 420 3615 nc
448 3549 503 3616 lex
532 3552 640 3635 Oppia
674 3556 905 3637 abrogaretur,
936 3579 1018 3640 quae
1052 3557 1127 3622 olim
1156 3559 1322 3638 placuerat

273 3655 472 3736 temporibus
496 3653 692 3737 reipublicae
719 3655 751 3718 id
779 3657 1034 3739 postulantibus,
1059 3671 1092 3720 ut
1117 3659 1265 3722 mulieres
1288 3662 1320 3726 in

273 3755 384 3838 inopia
410 3768 442 3820 et
474 3756 603 3841 miseria
629 3757 767 3820 civitatis
801 3759 951 3840 pecunias
981 3758 1123 3839 privatas
1154 3759 1187 3822 in
1211 3765 1319 3843 publi·

274 3880 345 3920 cum
375 3881 464 3920 usum
492 3859 600 3941 potius
623 3871 805 3935 verterent,
840 3881 934 3945 quam
963 3859 996 3920 in
1029 3872 1132 3924 vestes
1163 3876 1193 3926 et
1225 3867 1319 3930 luxu·

273 3960 354 4022 riam
378 3963 589 4026 effunderent.
628 3964 798 4046 Abrogata
825 3972 872 4024 est
896 3963 970 4036 lex,
999 3960 1075 4044 quia
1097 3967 1200 4029 Roma
1228 3971 1318 4032 Han-

277 4060 380 4125 nibale
413 4063 501 4127 victo
533 4062 653 4127 divitiis
682 4064 860 4125 abundabat
889 4061 1215 4150 Carthaginiensium.
1253 4069 1317 4134 Ca-

273 4175 380 4228 tonem
409 4164 557 4229 vicerunt
581 4175 756 4228 matronae.
963 4165 967 4170 ’
