2992 4844
1215 383 1273 445 aot

291 544 419 604 Auctor
434 543 471 602 ad
488 539 684 602 Herennium
707 541 743 613 lt,
765 538 800 613 3,
827 541 857 601 5.
906 541 1141 603 Ponimusboa
1159 563 1274 604 raem-

225 651 322 728 plum
346 665 372 704 a·
391 647 519 708 Crasso
544 643 685 726 „quibus
706 663 891 723 possumus
913 655 946 703 et
968 644 1162 706 debemus.“

291 768 415 831 Orator
438 787 467 827 c.
510 765 562 826 65.
598 763 702 846 Apud
735 768 916 827 Crassum:
952 765 1045 828 Nam
1079 766 1136 828 nbi
1168 765 1273 830 libido

227 869 441 940 dominatur,
466 867 679 929 innocentiae
701 869 771 928 lene
790 865 1006 948 praesidium
1029 877 1110 929 est.“

1321 838 1350 856 ἡ

262 1031 335 1091 Apud
353 1028 483 1088 Crassum]
522 1031 545 1074 id
570 1007 729 1088 iraginentnrn
753 1043 781 1074 ex
806 1031 917 1074 suasione
942 1033 1002 1088 tegis
1027 1033 1145 1076 Serviliae
1171 1036 1273 1087 petitum

296 1121 406 1173 videtur,
427 1124 452 1164 el
478 1121 572 1176 quidem
599 1132 629 1162 ex
657 1133 685 1163 ea
714 1120 831 1162 orationis
858 1124 939 1173 parte,
960 1133 1006 1176 qua
1026 1120 1146 1176 equitibus
1165 1124 1272 1165 romanis

299 1212 359 1253 irum
380 1215 404 1252 et
423 1208 563 1260 libidinem,
588 1220 658 1263 quarn
685 1207 706 1248 iu
726 1207 804 1250 causis
824 1207 980 1250 diiudicandis
999 1207 1184 1262 praeseferre
1204 1211 1271 1253 sole-

297 1298 369 1350 bant,
391 1297 482 1340 obiicit.

200 1463 204 1475 ι
290 1431 426 1514 Quintil.
461 1433 499 1507 9,
535 1433 573 1507 lt,
605 1431 677 1495 109.
732 1433 862 1514 Optime
890 1445 937 1496 est
966 1434 1028 1496 sibi
1049 1433 1174 1496 innotus
1197 1457 1270 1496 ana-

228 1550 372 1619 paestus,
396 1547 429 1597 ut
452 1534 507 1620 qni
530 1533 570 1596 sit
602 1533 793 1618 pentametri
825 1535 897 1598 finis
931 1537 983 1598 vel
1005 1538 1191 1616 rhythmus,
1215 1537 1271 1622 qui

227 1661 341 1702 nonien
362 1642 456 1702 abeo
479 1637 599 1700 traxit:
625 1641 720 1702 Nam
742 1639 801 1701 ubi
822 1639 928 1702 libido
942 1639 1153 1714 dominatur,
1171 1640 1270 1703 inno·
1293 1674 1331 1698 *s

226 1743 357 1805 sentiae
371 1745 449 1804 'lene
466 1741 683 1823 praesidium
704 1753 768 1804 est.

292 1862 437 1927 Priscian
466 1873 491 1924 t.
524 1864 555 1924 l.
587 1885 621 1944 p.
654 1865 726 1931 411.
771 1867 812 1926 L.
846 1866 994 1926 Crassus
1025 1864 1060 1925 in
1083 1864 1170 1947 legin
1192 1867 1271 1926 Ser·

228 1967 327 2031 viliae
357 1967 536 2029 suasione:
565 1968 686 2049 Neque
717 1988 769 2028 me
801 1966 914 2028 minus
946 1967 1051 2028 nestri
1080 1987 1183 2050 quam
1207 1968 1273 2028 mei
1305 2003 1348 2037 κ,

228 2070 455 2135 miserebitur.

262 2233 352 2292 vestri]
389 2235 417 2276 ad
439 2235 551 2288 populum
570 2234 687 2276 convertit
706 2246 852 2277 sermonem.

291 2365 441 2434 Eiusdem
471 2368 627 2433 orationis
662 2371 700 2431 de
733 2369 805 2454 lege
839 2369 974 2432 Servilia
1008 2372 1044 2432 fit
1075 2370 1192 2432 mentio
1216 2392 1268 2451 ap.

229 2473 299 2539 Cic.
324 2477 362 2536 de
386 2473 480 2537 Orat.
504 2472 539 2546 2,
566 2472 618 2534 55.
643 2493 677 2552 p.
703 2469 830 2534 Cluent.
855 2473 907 2534 bl.
934 2470 1068 2552 Quintil.
1094 2471 1134 2546 6,
1154 2473 1189 2545 3,
1217 2473 1268 2534 tl.
1304 2557 1305 2561 Ἰ

290 2596 442 2659 Fortasse
476 2593 569 2655 etiam
605 2613 659 2667 ea,
693 2614 774 2676 quae
804 2594 843 2654 de
877 2593 1019 2655 Oratore
1050 2593 1088 2669 2,
1113 2593 1152 2656 59
1176 2604 1208 2654 et
1230 2593 1270 2654 bb

227 2697 394 2780 leguntur,
426 2707 456 2758 et
479 2698 630 2757 adversus
660 2693 846 2757 Memmium
876 2693 957 2755 dicta
988 2705 1074 2769 sunt,
1098 2715 1139 2756 ex
1162 2697 1270 2758 eadem

227 2796 372 2861 oratione
410 2809 508 2860 sumta
549 2797 724 2860 arbitratur
759 2796 888 2858 Ellendt
922 2818 954 2877 p.
991 2798 1160 2873 LXXIII,
1199 2819 1270 2858 oum
1311 2822 1313 2826 ·

229 2900 399 2962 Memmius
428 2899 509 2984 legis
539 2898 695 2962 Serviliae
726 2897 888 2961 dissuasor
916 2897 1041 2962 suisset.
1086 2901 1157 2962 Neo
1180 2898 1270 2961 aliter

226 3000 344 3064 iudicat
367 3003 532 3065 Drumann
561 3013 586 3064 t.
618 3004 652 3076 l,
682 3023 715 3084 p.
748 3001 800 3064 63.
852 3001 903 3064 De
926 3000 967 3065 C.
992 2999 1149 3066 MemmIo
1173 3023 1271 3082 supra

227 3101 363 3166 diximus
385 3127 418 3186 p.
449 3105 541 3179 277„
576 3107 632 3167 sed
662 3105 747 3165 'unde
786 3114 927 3179 constet,
962 3125 1032 3166 eum
1062 3115 1173 3168 contra
1203 3125 1270 3166 eam

226 3204 329 3290 legem
354 3205 489 3281 dixisse,
512 3207 634 3271 nescio.

290 3324 365 3390 Cio.
389 3328 429 3389 de
444 3327 539 3391 Orat.
562 3330 600 3404 2,
625 3329 684 3406 bb,
708 3329 782 3391 267.
827 3329 945 3393 Etiam
967 3329 1039 3405 itta,
1057 3351 1144 3413 quae
1158 3331 1269 3392 minu·

225 3429 304 3491 endi
321 3440 383 3490 aut
395 3430 548 3512 augendi
567 3451 673 3494 eausa
690 3431 737 3494 ad
751 3431 984 3494 incredibilem
1003 3427 1289 3496 admirationem

226 3529 442 3618 efferuntur,
461 3534 551 3595 velut
573 3545 623 3608 tu,
643 3537 787 3609 Crasse,
811 3534 848 3595 in
869 3534 1049 3598 eaneione:
1071 3535 1123 3597 ita
1139 3535 1205 3598 sibi
1218 3535 1270 3617 ip·

226 3655 303 3694 sum
318 3655 483 3716 magnum
505 3634 616 3697 videri
626 3635 843 3710 Memmium,
868 3649 906 3700 ut
928 3637 964 3698 in
975 3635 1111 3728 forum
1130 3639 1268 3700 deseen-

229 3734 311 3796 dens
333 3748 436 3818 caput
457 3737 504 3797 ad
513 3736 699 3824 fornicem
721 3737 910 3827 ¹Fabianum
931 3739 1136 3802 demitteret.
1277 3738 1279 3742 ’

254 3893 383 3955 fornicem
408 3898 559 3959 Fabianum]
601 3901 696 3946 Bursen
724 3901 905 3960 Boscbreibung
932 3903 974 3945 dsr
998 3903 1065 3945 snut
1092 3903 1153 3944 Rom
1172 3901 1203 3943 Τ.
1224 3901 1269 3948 Ill.

294 3985 324 4031 P.
345 3985 369 4032 2.
391 4002 416 4043 p,
437 3984 478 4032 bl.
499 3989 585 4041 docet,
614 4002 696 4032 areum
722 3989 773 4032 sive
800 3988 917 4032 fornicem
943 3988 1075 4032 Fabianum
1102 3988 1125 4031 iu
1144 3987 1181 4028 vin
1200 4001 1269 4030 sacra

294 4075 383 4132 fuisse,
405 4089 447 4130 per
467 4087 567 4130 eumque
586 4074 695 4118 homines
721 4079 744 4119 iu
770 4075 850 4119 forum
870 4076 1032 4120 descendisse.
1070 4074 1109 4117 Sic
1128 4072 1191 4115 enim
1210 4075 1270 4118 scri·

236 4173 237 4178 ’
294 4163 342 4207 bit:
369 4163 419 4206 Aut
445 4165 497 4206 eine
524 4162 680 4218 Verbiudnug
709 4162 763 4220 (des
791 4177 862 4206 arens
888 4162 1020 4214 Fabianus)
1049 4160 1091 4203 mit
1115 4161 1169 4202 dem
1187 4160 1269 4205 Clivus

294 4252 374 4294 deutet
392 4251 519 4294 anchder
538 4249 604 4294 witz
632 4249 675 4292 des
702 4248 809 4293 Redners
836 4250 950 4293 Crassus.
988 4245 1076 4292 Dieser
1094 4251 1160 4304 segle
1181 4248 1268 4292 siumnt

294 4340 316 4380 in
347 4338 414 4382 einer
442 4336 521 4388 neae,
557 4351 595 4380 um
625 4337 669 4378 den
702 4335 893 4380 horhiabrenden
922 4334 1049 4380 Memmius
1081 4333 1209 4379 licherlirh
1239 4349 1267 4378 zu
