2976 4844
1184 375 1241 436 lbi

195 535 315 608 sione,
353 556 430 596 cum
464 533 505 596 de
534 533 610 598 suis
649 535 749 596 rebus
783 535 891 615 gestis
923 556 1018 598 more
1048 547 1240 598 ceterorum

196 639 449 720 imperatorum
466 636 698 711 disseruisset,
719 637 1012 700 memorabilis
1034 637 1130 699 eius
1147 657 1237 700 ora·

194 743 260 804 tio
284 753 320 803 et
347 740 482 821 digna
510 759 687 801 romano
715 739 1046 829 principefuit.
1076 771 1110 780 —
1136 775 1175 786 -
1198 773 1239 786 -

196 848 383 927 Postquam
397 843 514 904 omnia
526 841 598 921 (ait)
611 843 760 904 secundo
784 844 921 904 nauium
938 865 1042 905 cursu
1054 845 1088 906 in
1100 847 1239 909 ltaliam

194 957 436 1028 peruenerunt,
466 965 573 1027 neque
604 958 691 1018 erat,
721 946 813 1027 qicod
839 948 932 1007 ultra
951 969 1125 1028 precarer,
1154 948 1241 1009 illud

196 1049 324 1132 optavi,
352 1059 401 1121 ut,
430 1071 507 1109 cum
527 1071 574 1110 eor
609 1070 743 1110 summo
767 1061 861 1110 retro
883 1049 970 1111 volvi
980 1048 1141 1140 fortuna
1160 1071 1239 1112 con-

196 1165 348 1224 suesset,
381 1151 607 1213 mutationem
636 1151 710 1211 eius
739 1151 862 1212 domus
894 1174 970 1214 mea
993 1153 1239 1235 potiusquam

197 1255 391 1336 respublica
412 1258 567 1316 sentiret.
599 1255 714 1336 itaque
735 1252 938 1340 destinatam
961 1277 1034 1317 esse
1043 1254 1239 1344 fortunam

196 1359 368 1440 publicam
399 1379 475 1418 mea
505 1370 576 1418 tam
607 1356 737 1438 insigni
772 1358 967 1419 calamitate
993 1378 1115 1439 spero,
1149 1359 1241 1441 quod

198 1461 395 1542 triumphus
421 1481 518 1521 meus
548 1462 638 1521 velut
663 1460 710 1519 ud
735 1459 923 1522 ludibrium
950 1481 1092 1522 casuum
1117 1463 1238 1522 liuma-

197 1585 323 1626 norum
350 1564 485 1625 duobus
500 1560 698 1651 funeribus
723 1563 911 1626 liberorum
938 1585 1092 1626 meorum
1114 1576 1165 1626 est
1190 1565 1240 1627 in·

197 1667 400 1750 terpositus.
712 1732 715 1738 ¹

262 1767 412 1832 Valerius
445 1768 607 1830 Maximus
640 1791 681 1830 ex
710 1768 778 1850 ipsa
808 1768 937 1832 Aemilii
965 1769 1111 1834 oratione
1134 1770 1239 1834 locum

198 1871 347 1945 reddidit,
374 1869 489 1934 Livius
514 1882 615 1933 autem
643 1871 782 1953 proprio
812 1871 920 1934 Marte
945 1883 975 1934 et
1001 1895 1042 1934 ex
1069 1894 1127 1936 suo
1151 1872 1240 1956 inge·

203 1979 258 2040 uio
291 1976 469 2041 orationem
506 1973 618 2048 fiuxit,
657 1973 698 2035 ita
729 1973 874 2058 quidem,
911 1987 942 2036 ut
976 1975 1075 2056 ipsius
1109 1975 1238 2038 Aemilii

200 2082 299 2142 verba
326 2077 526 2152 imitaretur,
556 2079 611 2138 sed
638 2099 673 2139 ca
700 2087 831 2139 ornaret
854 2077 1031 2162 figurisque
1055 2078 1239 2141 illustraret.

199 2183 392 2245 Plutarchus
417 2201 546 2264 quoque
569 2179 747 2243 orationem
777 2180 881 2242 Paulli
911 2180 942 2243 in
971 2181 1033 2243 vita
1060 2181 1126 2243 eius
1150 2204 1179 2242 c.
1200 2181 1240 2244 36

199 2285 330 2362 retulit,
367 2283 564 2368 nescioquo
591 2305 632 2346 ex
650 2302 748 2362 opere
773 2295 916 2346 sumtum.
964 2281 1065 2348 Conl.
1093 2285 1239 2346 Wester·

201 2409 291 2450 mauu
319 2410 352 2469 p.
382 2389 434 2450 37.

263 2493 312 2554 De
338 2502 495 2572 tempore,
532 2511 597 2574 quo
624 2491 702 2552 haec
728 2487 834 2552 oratio
861 2489 900 2551 sit
927 2490 1044 2563 habits,
1071 2510 1085 2550 a
1112 2490 1242 2553 Valerio

201 2595 349 2658 Maximo
376 2593 537 2677 Livioque
561 2591 696 2655 discedit
722 2590 883 2666 Velleius,
914 2590 969 2675 qui
995 2613 1062 2654 esus
1089 2605 1159 2654 ante
1186 2592 1244 2653 tri·

200 2695 308 2780 umphi
340 2695 443 2772 diem,
476 2718 557 2769 uon,
592 2707 625 2757 ut
655 2694 769 2769 ceteri,
801 2706 876 2775 post
904 2694 1094 2776 triumphum
1126 2693 1241 2757 dictam

199 2801 342 2863 tradidit.

265 2903 410 2966 Velleius
439 2909 466 2978 1,
493 2905 545 2965 10.
593 2903 701 2965 Lucio
725 2904 845 2966 Paullo
871 2901 1118 2966 Macedonicae
1139 2904 1243 2965 victo·

201 3007 275 3069 riae
300 3007 452 3089 compoti
479 3017 644 3089 quattuor
668 3005 739 3080 filii
751 3003 877 3094 ficere.
925 3007 984 3068 Ex
1006 3005 1050 3066 iis
1073 3006 1160 3067 duos
1181 3025 1242 3065 na·

200 3123 240 3172 tu
269 3111 442 3182 maiores,
479 3128 586 3170 unum
611 3111 649 3171 Ρ.
675 3107 845 3188 Scipioni,
882 3109 919 3171 P.
945 3105 1113 3195 Africani
1131 3107 1241 3184 filio,

201 3214 288 3276 nibil
312 3235 359 3274 ex
380 3224 531 3294 paterna
554 3211 733 3272 maiestate
755 3222 896 3290 praeter
922 3211 1070 3290 speciem
1093 3211 1244 3272 nominis

201 3317 422 3399 vigoremque
444 3314 657 3396 eloquentiae
682 3313 853 3387 retinenti,
883 3313 918 3374 in
944 3314 1164 3395 artoptionem
1188 3314 1244 3375 de·

201 3419 319 3494 derat,
344 3421 493 3479 alterum
516 3417 619 3479 Fabio
644 3417 830 3488 Maximo,
864 3417 952 3477 duos
979 3417 1129 3477 minores
1159 3426 1243 3476 natu

200 3532 460 3603 praetextatos,
496 3542 564 3603 quo
594 3530 747 3599 tempore
780 3518 959 3580 victoriam
994 3519 1139 3599 adeptus
1169 3531 1236 3590 est,

200 3623 332 3686 babuit.
378 3607 414 3686 Is
436 3644 513 3684 cum
539 3621 574 3684 in
601 3622 761 3683 concione
785 3633 890 3682 extra
912 3621 1029 3682 urbem
1055 3642 1149 3684 more
1171 3643 1242 3683 ma·

202 3725 316 3786 iorum
336 3738 417 3787 orate
441 3725 609 3806 triumphi
631 3724 721 3785 diem
744 3724 901 3785 ordinem
921 3735 1079 3784 aetorum
1100 3745 1244 3786 suorum

201 3839 501 3902 commemoraret,
526 3827 607 3889 deos
631 3827 843 3888 immortales
868 3839 1027 3898 precatus
1050 3839 1113 3900 est,
1139 3838 1188 3897 ut,
1215 3826 1247 3886 si

202 3930 279 4013 quis
301 3912 424 3993 eorum
448 3930 614 3993 invideret
641 3929 804 4012 operibus
829 3949 869 3989 ac
880 3926 1059 4017 fortunae
1086 3948 1182 4000 suae,
1210 3927 1246 3988 in

201 4033 316 4112 ipsum
332 4035 453 4114 potius
479 4031 650 4095 saevirent
672 4052 774 4114 quam
795 4033 830 4091 in
849 4031 1104 4112 rempublicam.
1150 4034 1246 4109 Quae

201 4157 273 4196 vox
297 4137 401 4198 veluti
426 4137 568 4198 oraculo
591 4134 717 4196 emissa
744 4154 872 4212 magna
894 4144 994 4213 parte
1017 4152 1095 4191 eum
1118 4131 1246 4210 spolia·

203 4237 250 4299 oit
280 4238 466 4321 sanguinis
502 4234 570 4297 sui.
623 4257 704 4297 nam
732 4238 882 4296 alterum
913 4255 959 4295 eor
995 4231 1059 4306 iis,
1095 4253 1182 4314 quos
1212 4235 1247 4295 in
