2966 4842
406 560 435 614 t.
477 558 631 616 Orationes
651 559 790 616 adversus
810 558 850 614 Μ.
873 557 999 614 Tullium
1019 558 1200 617 Ciceronem.

343 691 410 753 Eae
443 702 514 753 sunt
543 688 669 752 habitae
696 712 726 753 a.
757 691 818 752 710
850 691 937 768 (tl),
965 687 1067 773 iisqne
1098 685 1254 752 Ciceroni
1275 711 1329 752 re-

286 791 427 875 spondit.
450 795 576 855 eaedem
602 793 813 856 aPlntarcho
836 795 873 858 ci
893 788 977 875 πρὸς
1000 787 1078 867 τοὺς
1108 788 1331 868 Φιλιππικοὺς

282 890 490 984 ἀντιγραφαὶ
515 905 672 958 vocantur
694 893 762 956 sive
800 891 1092 975 Antiphilippicae‚
1116 914 1186 956 cunr
1216 903 1330 956 contra

283 995 452 1061 Ciceronis
481 996 684 1079 Philippicas
718 995 779 1060 sint
812 996 963 1076 scriptae.
999 993 1100 1058 Cani.
1121 995 1250 1058 Heeren
1278 995 1330 1060 De

282 1096 440 1164 Fontibus
463 1097 537 1161 Vit.
564 1097 732 1162 Plutarchi
761 1122 793 1180 p.
823 1100 893 1160 177.

349 1218 421 1284 Cic.
451 1217 597 1300 Philipp.
624 1220 661 1292 2,
690 1219 749 1294 12,
776 1219 828 1282 30.
885 1219 952 1283 Sed
974 1229 1151 1301 stuporem
1181 1219 1330 1281 hominis

282 1322 333 1383 uei
346 1322 459 1384 dicam
472 1321 614 1402 pecudis
631 1322 820 1384 adtendite.
845 1321 901 1385 Sic
922 1320 1014 1383 enim
1028 1321 1139 1384 dixit:
1154 1323 1209 1386 Μ.
1222 1324 1251 1383 Β
1259 1341 1330 1383 ru·

202 1481 230 1506 f
282 1435 373 1496 tus,
396 1445 608 1509 quemego
628 1424 1161 1498 honorisrwsnnomino,
1178 1443 1332 1486 cruen-

282 1538 371 1589 tum
397 1526 632 1608 pugionem
660 1535 811 1588 tenens
841 1526 1089 1589 Ciceronem
1111 1529 1331 1589 exclama-

283 1629 362 1690 vit:
387 1650 441 1691 ex
466 1649 550 1711 quo
579 1627 777 1710 intelligi
806 1628 950 1701 debet,
985 1651 1076 1690 eum
1104 1628 1333 1691 conscium

283 1727 448 1813 fuisse.

347 1848 393 1912 ih.
420 1871 450 1912 c.
480 1848 534 1911 28.
566 1851 611 1912 At
639 1871 732 1934 quarn
759 1854 876 1915 crebro
901 1861 1033 1933 usurpat
1056 1863 1098 1914 et
1125 1853 1333 1915 consulet

285 1951 522 2015 Antonius!

351 2071 423 2136 Cic.
448 2071 594 2154 Philipp.
624 2074 653 2142 3.
677 2094 706 2136 c.
731 2074 764 2137 8.
810 2075 877 2138 Sed
902 2075 985 2159 quid
1000 2073 1099 2164 fecit
1122 2075 1223 2158 ipse?
1245 2078 1331 2140 Cum

286 2187 337 2239 tot
368 2175 480 2238 edicta
510 2177 766 2258 proposuisset,
801 2177 931 2248 edixit,
966 2190 1004 2240 ut
1031 2179 1168 2242 adesset
1196 2190 1334 2242 senatus

273 2275 453 2366 frequens
481 2299 516 2342 a.
549 2279 584 2341 d.
619 2281 717 2344 VIII.
747 2282 830 2344 Kal.
863 2281 1079 2344 Decembris:
1111 2303 1151 2344 eo
1183 2280 1238 2344 die
1260 2281 1332 2362 ipse

287 2401 354 2443 non
383 2377 517 2471 otifrdt.
563 2383 611 2444 At
642 2403 710 2465 quo
743 2382 845 2444 modo
877 2382 1014 2446 edixit?
1046 2386 1140 2447 Haec
1169 2395 1271 2459 sunt,
1296 2393 1335 2445 ut

286 2482 422 2565 opinor,
446 2483 549 2546 verba
570 2483 605 2544 in
627 2495 805 2546 extremo:
826 2483 868 2548 si
893 2483 988 2569 quis
1010 2505 1090 2548 non
1112 2483 1165 2547 ad
1159 2483 1329 2574 fuerit,

288 2588 394 2648 hunc
423 2607 567 2650 omnes
593 2585 853 2649 existimare
879 2597 1087 2667 poterunt
1113 2597 1152 2649 et
1174 2587 1330 2650 interi·

290 2699 360 2750 tus
401 2687 481 2750 mei
519 2699 559 2750 et
594 2688 1002 2771 perditissimorum
1046 2688 1334 2753 consiliorum

289 2787 691 2878 auctoremfuisse.

353 2910 433 2973 ibid.
451 2933 481 2973 c.
499 2912 530 2974 9.
576 2911 804 2974 Sententiolas
826 2909 928 2973 edicti
950 2910 1130 2974 cuiusdam
1149 2911 1335 2975 memoriae

291 3013 470 3087 mandavi,
505 3034 591 3096 quas
624 3011 759 3076 videtur
791 3013 846 3075 ille
877 3025 1063 3095 peracutas
1093 3025 1237 3097 putare:
1269 3035 1336 3098 ego

290 3125 423 3189 autem,
448 3114 507 3197 qui
529 3113 751 3196 intelligeret,
775 3114 859 3198 quid
880 3115 992 3178 dicere
1016 3119 1129 3192 vellet,
1147 3117 1258 3179 adhuc
1276 3137 1334 3177 ue-

292 3214 415 3276 minem
448 3214 572 3276 inueni.
630 3218 763 3281 Nulla
796 3217 1059 3278 contumelia
1096 3229 1176 3294 est,
1210 3239 1334 3302 quam

279 3315 425 3407 facit,
451 3316 623 3398 dignus.
662 3318 819 3381 Primum
839 3317 923 3398 quid
950 3328 1001 3379 est
1023 3317 1206 3398 dignus?
1242 3319 1337 3402 Quid

290 3429 342 3481 est
360 3416 643 3507 porrofncere
669 3417 1004 3482 contumeliam?
1035 3418 1122 3498 Quis
1153 3419 1203 3479 sic
1224 3420 1336 3503 loqui·

291 3521 377 3584 tur?
399 3520 531 3584 Deinde
553 3541 628 3584 nec
657 3521 807 3593 timor,
839 3538 959 3600 quem
987 3517 1219 3581 denuntiat
1247 3521 1335 3585 ini-

291 3623 438 3686 micus.
482 3623 575 3706 Quid
595 3621 706 3704 ergo?
737 3623 862 3686 Nonne
885 3619 996 3682 satius
1018 3632 1069 3684 est
1091 3632 1226 3684 mutum
1246 3644 1334 3698 esse,

291 3746 395 3810 quam
416 3727 510 3810 quod
529 3743 629 3786 nemo
650 3722 821 3803 intelligat
842 3721 979 3785 dicere?
1006 3726 1061 3788 En
1084 3745 1147 3787 cur
1168 3723 1336 3808 magister

291 3829 386 3904 eius,
410 3850 457 3890 ex
485 3836 626 3888 aratore
655 3838 778 3887 orator
793 3821 944 3915 factus,
972 3827 1151 3908 possideat
1181 3827 1218 3890 in
1245 3847 1335 3908 agro

287 3930 425 4014 publico
463 3924 582 4009 populi
621 3926 758 3989 romani
790 3926 902 4010 campi
935 3929 1096 3993 Leontini
1134 3930 1204 3993 duo
1240 3927 1337 3990 milia

291 4033 452 4114 iugerum
466 4026 649 4103 immunia,
668 4039 706 4090 ut
727 4030 898 4095 hominem
912 4029 1089 4116 stupidum
1103 4031 1217 4116 magis
1231 4030 1336 4094 etiam

291 4129 445 4220 infatuet
468 4130 619 4192 mercede
637 4130 789 4212 publica.

327 4276 451 4334 magister
470 4273 535 4332 eius]
572 4277 658 4322 Sextus
679 4277 789 4322 Clodius.
