<?xml version="1.0" encoding="UTF-8"?>
<!DOCTYPE html PUBLIC "-//W3C//DTD XHTML 1.0 Transitional//EN"
    "http://www.w3.org/TR/xhtml1/DTD/xhtml1-transitional.dtd">
<html xmlns="http://www.w3.org/1999/xhtml" xml:lang="en" lang="en">
 <head>
  <title>
</title>
<meta http-equiv="Content-Type" content="text/html;charset=utf-8" />
  <meta name='ocr-system' content='tesseract 3.04.00' />
  <meta name='ocr-capabilities' content='ocr_page ocr_carea ocr_par ocr_line ocrx_word'/>
</head>
<body>
  <div class='ocr_page' id='page_1' title='image "./oratorumromanor02meyegoog_0139.png"; bbox 0 0 2976 4844; ppageno 0'>
   <div class='ocr_carea' id='block_1_1' title="bbox 1168 373 1229 436">
    <p class='ocr_par' dir='ltr' id='par_1_1' title="bbox 1168 373 1229 436">
     <span class='ocr_line' id='line_1_1' title="bbox 1168 373 1229 436; baseline 0.016 -1"><span class='ocrx_word' id='word_1_1' title='bbox 1168 373 1229 436; x_wconf 96' lang='grc'><strong><em>119</em></strong></span> 
     </span>
    </p>
   </div>
   <div class='ocr_carea' id='block_1_2' title="bbox 247 525 1225 678">
    <p class='ocr_par' dir='ltr' id='par_1_2' title="bbox 247 525 1225 678">
     <span class='ocr_line' id='line_1_2' title="bbox 247 525 1225 595; baseline 0.006 -19"><span class='ocrx_word' id='word_1_2' title='bbox 247 529 320 576; x_wconf 86' lang='lat' dir='ltr'><strong>Conl.</strong></span> <span class='ocrx_word' id='word_1_3' title='bbox 342 525 605 584; x_wconf 69' lang='lat' dir='ltr'><strong><em>Eeet-Eneyelonidie</em></strong></span> <span class='ocrx_word' id='word_1_4' title='bbox 630 545 675 576; x_wconf 82' lang='lat' dir='ltr'><strong><em>von</em></strong></span> <span class='ocrx_word' id='word_1_5' title='bbox 701 533 729 577; x_wconf 80' lang='lat' dir='ltr'><strong><em>h.</em></strong></span> <span class='ocrx_word' id='word_1_6' title='bbox 752 534 840 589; x_wconf 72' lang='lat' dir='ltr'><strong>Pauly.</strong></span> <span class='ocrx_word' id='word_1_7' title='bbox 860 535 992 595; x_wconf 67' lang='lat' dir='ltr'><strong><em>Lissen-eng</em></strong></span> <span class='ocrx_word' id='word_1_8' title='bbox 1007 531 1037 580; x_wconf 83' lang='lat' dir='ltr'><strong><em>ll</em></strong></span> <span class='ocrx_word' id='word_1_9' title='bbox 1053 541 1077 581; x_wconf 79' lang='lat' dir='ltr'><strong><em>et</em></strong></span> <span class='ocrx_word' id='word_1_10' title='bbox 1101 533 1141 583; x_wconf 82' lang='grc'><strong><em>18.</em></strong></span> <span class='ocrx_word' id='word_1_11' title='bbox 1160 551 1180 584; x_wconf 86' lang='grc'><strong><em>6.</em></strong></span> <span class='ocrx_word' id='word_1_12' title='bbox 1200 551 1225 582; x_wconf 91' lang='grc'><strong><em>6.</em></strong></span> 
     </span>
     <span class='ocr_line' id='line_1_3' title="bbox 249 617 386 678; baseline -0.015 -14"><span class='ocrx_word' id='word_1_13' title='bbox 249 617 386 678; x_wconf 76' lang='lat' dir='ltr'><strong><em>Carthago.</em></strong></span> 
     </span>
    </p>
   </div>
   <div class='ocr_carea' id='block_1_3' title="bbox 177 739 1228 1444">
    <p class='ocr_par' dir='ltr' id='par_1_3' title="bbox 177 739 1228 1444">
     <span class='ocr_line' id='line_1_4' title="bbox 244 739 1225 827; baseline 0.001 -25"><span class='ocrx_word' id='word_1_14' title='bbox 244 739 365 802; x_wconf 84' lang='lat' dir='ltr'><strong><em>Nescio</em></strong></span> <span class='ocrx_word' id='word_1_15' title='bbox 392 759 430 800; x_wconf 86' lang='lat' dir='ltr'><strong><em>an</em></strong></span> <span class='ocrx_word' id='word_1_16' title='bbox 456 760 497 801; x_wconf 88' lang='lat' dir='ltr'><strong><em>ex</em></strong></span> <span class='ocrx_word' id='word_1_17' title='bbox 521 741 628 802; x_wconf 79' lang='lat' dir='ltr'><strong><em>eedem</em></strong></span> <span class='ocrx_word' id='word_1_18' title='bbox 654 739 798 804; x_wconf 84' lang='lat' dir='ltr'><strong><em>oratione</em></strong></span> <span class='ocrx_word' id='word_1_19' title='bbox 823 753 941 806; x_wconf 82' lang='lat' dir='ltr'>sumtus</span> <span class='ocrx_word' id='word_1_20' title='bbox 964 740 1006 806; x_wconf 89' lang='lat' dir='ltr'><strong><em>sit</em></strong></span> <span class='ocrx_word' id='word_1_21' title='bbox 1030 746 1137 817; x_wconf 86' lang='lat' dir='ltr'><strong><em>loeus,</em></strong></span> <span class='ocrx_word' id='word_1_22' title='bbox 1170 741 1225 827; x_wconf 89' lang='grc'><strong><em>661</em></strong></span> 
     </span>
     <span class='ocr_line' id='line_1_5' title="bbox 177 841 1226 928; baseline -0.001 -22"><span class='ocrx_word' id='word_1_23' title='bbox 177 845 264 925; x_wconf 82' lang='lat' dir='ltr'><strong><em>apud</em></strong></span> <span class='ocrx_word' id='word_1_24' title='bbox 288 845 383 906; x_wconf 88' lang='lat' dir='ltr'><strong><em>Auet.</em></strong></span> <span class='ocrx_word' id='word_1_25' title='bbox 412 845 451 904; x_wconf 82' lang='lat' dir='ltr'><strong><em>sd</em></strong></span> <span class='ocrx_word' id='word_1_26' title='bbox 476 841 672 905; x_wconf 76' lang='lat' dir='ltr'>Herennium</span> <span class='ocrx_word' id='word_1_27' title='bbox 697 845 726 918; x_wconf 91' lang='grc'><strong><em>1,</em></strong></span> <span class='ocrx_word' id='word_1_28' title='bbox 751 846 806 918; x_wconf 91' lang='grc'><strong><em>11,</em></strong></span> <span class='ocrx_word' id='word_1_29' title='bbox 834 857 866 908; x_wconf 88' lang='grc'><strong><em>61</em></strong></span> <span class='ocrx_word' id='word_1_30' title='bbox 887 850 971 928; x_wconf 80' lang='lat' dir='ltr'><strong><em>apud</em></strong></span> <span class='ocrx_word' id='word_1_31' title='bbox 997 845 1226 928; x_wconf 77' lang='lat' dir='ltr'><strong>Quintilianum</strong></span> 
     </span>
     <span class='ocr_line' id='line_1_6' title="bbox 177 944 1227 1038; baseline 0.001 -29"><span class='ocrx_word' id='word_1_32' title='bbox 177 949 211 1022; x_wconf 84' lang='lat'><strong><em>9,</em></strong></span> <span class='ocrx_word' id='word_1_33' title='bbox 235 947 267 1022; x_wconf 81' lang='lat'><strong><em>3,</em></strong></span> <span class='ocrx_word' id='word_1_34' title='bbox 290 947 328 1008; x_wconf 89' lang='grc'><strong><em>31</em></strong></span> <span class='ocrx_word' id='word_1_35' title='bbox 354 944 496 1028; x_wconf 84' lang='lat' dir='ltr'><strong><em>legitur:</em></strong></span> <span class='ocrx_word' id='word_1_36' title='bbox 525 946 594 1027; x_wconf 85' lang='lat' dir='ltr'><strong><em>Qui</em></strong></span> <span class='ocrx_word' id='word_1_37' title='bbox 616 957 713 1019; x_wconf 85' lang='lat' dir='ltr'><strong><em>sunt,</em></strong></span> <span class='ocrx_word' id='word_1_38' title='bbox 740 947 801 1031; x_wconf 80' lang='lat' dir='ltr'><strong><em>qui</em></strong></span> <span class='ocrx_word' id='word_1_39' title='bbox 815 946 976 1038; x_wconf 82' lang='lat' dir='ltr'><strong><em>foedera</em></strong></span> <span class='ocrx_word' id='word_1_40' title='bbox 1001 969 1102 1031; x_wconf 82' lang='lat' dir='ltr'><strong><em>saepe</em></strong></span> <span class='ocrx_word' id='word_1_41' title='bbox 1126 969 1227 1029; x_wconf 79' lang='lat' dir='ltr'><strong><em>rupe·</em></strong></span> 
     </span>
     <span class='ocr_line' id='line_1_7' title="bbox 178 1049 1228 1136; baseline -0.001 -24"><span class='ocrx_word' id='word_1_42' title='bbox 178 1051 290 1112; x_wconf 69' lang='lat' dir='ltr'><strong><em>runt?</em></strong></span> <span class='ocrx_word' id='word_1_43' title='bbox 319 1049 638 1131; x_wconf 68' lang='lat' dir='ltr'><strong><em>Carthaginienses.</em></strong></span> <span class='ocrx_word' id='word_1_44' title='bbox 684 1051 753 1131; x_wconf 80' lang='lat' dir='ltr'><strong><em>Qui</em></strong></span> <span class='ocrx_word' id='word_1_45' title='bbox 776 1063 875 1124; x_wconf 82' lang='lat' dir='ltr'><strong><em>eunt,</em></strong></span> <span class='ocrx_word' id='word_1_46' title='bbox 906 1052 966 1136; x_wconf 84' lang='lat' dir='ltr'><strong><em>qui</em></strong></span> <span class='ocrx_word' id='word_1_47' title='bbox 993 1051 1228 1114; x_wconf 85' lang='lat' dir='ltr'><strong><em>crudelissime</em></strong></span> 
     </span>
     <span class='ocr_line' id='line_1_8' title="bbox 177 1153 1228 1238; baseline -0.002 -22"><span class='ocrx_word' id='word_1_48' title='bbox 177 1155 303 1217; x_wconf 82' lang='lat' dir='ltr'><strong><em>bellum</em></strong></span> <span class='ocrx_word' id='word_1_49' title='bbox 334 1153 546 1235; x_wconf 67' lang='lat' dir='ltr'><strong><em>gesserunt?</em></strong></span> <span class='ocrx_word' id='word_1_50' title='bbox 575 1153 894 1235; x_wconf 82' lang='lat' dir='ltr'><strong><em>Carthaginienses.</em></strong></span> <span class='ocrx_word' id='word_1_51' title='bbox 939 1155 1009 1238; x_wconf 83' lang='lat' dir='ltr'><strong><em>Qui</em></strong></span> <span class='ocrx_word' id='word_1_52' title='bbox 1035 1166 1137 1227; x_wconf 84' lang='lat' dir='ltr'><strong><em>sunt,</em></strong></span> <span class='ocrx_word' id='word_1_53' title='bbox 1169 1153 1228 1238; x_wconf 84' lang='lat' dir='ltr'><strong><em>qui</em></strong></span> 
     </span>
     <span class='ocr_line' id='line_1_9' title="bbox 178 1253 1226 1340; baseline -0.003 -19"><span class='ocrx_word' id='word_1_54' title='bbox 178 1255 319 1322; x_wconf 86' lang='lat' dir='ltr'><strong><em>Italiam</em></strong></span> <span class='ocrx_word' id='word_1_55' title='bbox 348 1253 628 1338; x_wconf 68' lang='lat' dir='ltr'><strong><em>deformarent?</em></strong></span> <span class='ocrx_word' id='word_1_56' title='bbox 663 1256 982 1338; x_wconf 83' lang='lat' dir='ltr'><strong><em>Carthaginienses.</em></strong></span> <span class='ocrx_word' id='word_1_57' title='bbox 1026 1257 1096 1340; x_wconf 84' lang='lat' dir='ltr'><strong><em>Qui</em></strong></span> <span class='ocrx_word' id='word_1_58' title='bbox 1123 1268 1226 1332; x_wconf 82' lang='lat' dir='ltr'><strong><em>eunt,</em></strong></span> 
     </span>
     <span class='ocr_line' id='line_1_10' title="bbox 177 1358 1076 1444; baseline 0.001 -23"><span class='ocrx_word' id='word_1_59' title='bbox 177 1359 239 1444; x_wconf 80' lang='lat' dir='ltr'><strong><em>qui</em></strong></span> <span class='ocrx_word' id='word_1_60' title='bbox 264 1359 330 1422; x_wconf 85' lang='lat' dir='ltr'><strong><em>sibi</em></strong></span> <span class='ocrx_word' id='word_1_61' title='bbox 357 1359 495 1441; x_wconf 78' lang='lat' dir='ltr'><strong><em>ignosci</em></strong></span> <span class='ocrx_word' id='word_1_62' title='bbox 517 1359 728 1442; x_wconf 68' lang='lat' dir='ltr'><strong><em>postulant?</em></strong></span> <span class='ocrx_word' id='word_1_63' title='bbox 758 1358 1076 1442; x_wconf 82' lang='lat' dir='ltr'><strong><em>Carthaginienses.</em></strong></span> 
     </span>
    </p>
   </div>
   <div class='ocr_carea' id='block_1_4' title="bbox 208 1498 1110 1684">
    <p class='ocr_par' dir='ltr' id='par_1_4' title="bbox 208 1498 1110 1684">
     <span class='ocr_line' id='line_1_11' title="bbox 208 1498 240 1551; baseline 0 0"><span class='ocrx_word' id='word_1_64' title='bbox 208 1498 240 1551; x_wconf 61' lang='grc' dir='ltr'>ὴ</span> 
     </span>
     <span class='ocr_line' id='line_1_12' title="bbox 223 1557 1110 1684; baseline 0 -16"><span class='ocrx_word' id='word_1_65' title='bbox 223 1557 232 1578; x_wconf 39' lang='lat'>²</span> <span class='ocrx_word' id='word_1_66' title='bbox 293 1606 341 1669; x_wconf 87' lang='grc'><strong><em>65.</em></strong></span> <span class='ocrx_word' id='word_1_67' title='bbox 375 1608 475 1668; x_wconf 82' lang='lat' dir='ltr'><strong><em>Oratio</em></strong></span> <span class='ocrx_word' id='word_1_68' title='bbox 498 1611 535 1666; x_wconf 89' lang='lat' dir='ltr'><strong><em>de</em></strong></span> <span class='ocrx_word' id='word_1_69' title='bbox 554 1625 621 1682; x_wconf 80' lang='lat' dir='ltr'><strong><em>rege</em></strong></span> <span class='ocrx_word' id='word_1_70' title='bbox 642 1610 738 1668; x_wconf 82' lang='lat' dir='ltr'><strong><em>Attalo</em></strong></span> <span class='ocrx_word' id='word_1_71' title='bbox 758 1614 788 1667; x_wconf 92' lang='lat' dir='ltr'><strong><em>et</em></strong></span> <span class='ocrx_word' id='word_1_72' title='bbox 808 1582 995 1684; x_wconf 80' lang='lat' dir='ltr'><strong><em>vectigalibus</em></strong></span> <span class='ocrx_word' id='word_1_73' title='bbox 1014 1609 1110 1668; x_wconf 82' lang='lat' dir='ltr'><strong><em>Asiae.</em></strong></span> 
     </span>
    </p>
   </div>
   <div class='ocr_carea' id='block_1_5' title="bbox 148 1759 1236 3180">
    <p class='ocr_par' dir='ltr' id='par_1_5' title="bbox 148 1759 1236 2870">
     <span class='ocr_line' id='line_1_13' title="bbox 244 1759 824 1840; baseline 0 -15"><span class='ocrx_word' id='word_1_74' title='bbox 244 1762 293 1825; x_wconf 83' lang='lat' dir='ltr'><strong><em>Ea</em></strong></span> <span class='ocrx_word' id='word_1_75' title='bbox 320 1780 349 1824; x_wconf 86' lang='grc'><strong><em>6.</em></strong></span> <span class='ocrx_word' id='word_1_76' title='bbox 374 1761 436 1824; x_wconf 90' lang='grc'><strong><em>605</em></strong></span> <span class='ocrx_word' id='word_1_77' title='bbox 459 1759 656 1840; x_wconf 81' lang='grc'><strong>(119)61616</strong></span> <span class='ocrx_word' id='word_1_78' title='bbox 683 1759 824 1825; x_wconf 86' lang='lat' dir='ltr'><strong><em>videtur.</em></strong></span> 
     </span>
     <span class='ocr_line' id='line_1_14' title="bbox 247 1862 1229 1948; baseline 0 -22"><span class='ocrx_word' id='word_1_79' title='bbox 247 1863 394 1939; x_wconf 81' lang='lat' dir='ltr'><strong><em>Attalus,</em></strong></span> <span class='ocrx_word' id='word_1_80' title='bbox 425 1883 486 1926; x_wconf 81' lang='lat' dir='ltr'><strong><em>rex</em></strong></span> <span class='ocrx_word' id='word_1_81' title='bbox 512 1863 681 1948; x_wconf 83' lang='lat' dir='ltr'><strong><em>Pergami,</em></strong></span> <span class='ocrx_word' id='word_1_82' title='bbox 717 1863 780 1928; x_wconf 84' lang='lat' dir='ltr'><strong><em>iem</em></strong></span> <span class='ocrx_word' id='word_1_83' title='bbox 806 1886 836 1928; x_wconf 93' lang='grc'><strong><em>6.</em></strong></span> <span class='ocrx_word' id='word_1_84' title='bbox 863 1887 896 1928; x_wconf 89' lang='grc'><strong><em>6.</em></strong></span> <span class='ocrx_word' id='word_1_85' title='bbox 922 1864 983 1928; x_wconf 89' lang='grc'><strong><em>516</em></strong></span> <span class='ocrx_word' id='word_1_86' title='bbox 1010 1864 1100 1940; x_wconf 89' lang='grc'><strong>(908)</strong></span> <span class='ocrx_word' id='word_1_87' title='bbox 1123 1862 1229 1926; x_wconf 84' lang='grc'><strong>666166</strong></span> 
     </span>
     <span class='ocr_line' id='line_1_15' title="bbox 148 1965 1236 2050; baseline -0.001 -19"><span class='ocrx_word' id='word_1_88' title='bbox 148 1986 151 1988; x_wconf 87' lang='grc'><strong><em>·</em></strong></span> <span class='ocrx_word' id='word_1_89' title='bbox 179 1965 294 2050; x_wconf 89' lang='lat' dir='ltr'><strong>populi</strong></span> <span class='ocrx_word' id='word_1_90' title='bbox 330 1965 457 2029; x_wconf 80' lang='lat' dir='ltr'><strong><em>romani</em></strong></span> <span class='ocrx_word' id='word_1_91' title='bbox 488 1987 557 2030; x_wconf 87' lang='lat' dir='ltr'><strong><em>esse</em></strong></span> <span class='ocrx_word' id='word_1_92' title='bbox 591 1965 739 2031; x_wconf 78' lang='lat' dir='ltr'><strong><em>traditur.</em></strong></span> <span class='ocrx_word' id='word_1_93' title='bbox 786 1966 918 2030; x_wconf 88' lang='lat' dir='ltr'><strong><em>Cliuton</em></strong></span> <span class='ocrx_word' id='word_1_94' title='bbox 950 1967 1039 2031; x_wconf 83' lang='lat' dir='ltr'><strong><em>Fasti</em></strong></span> <span class='ocrx_word' id='word_1_95' title='bbox 1072 1977 1097 2029; x_wconf 85' lang='lat' dir='ltr'><strong><em>t.</em></strong></span> <span class='ocrx_word' id='word_1_96' title='bbox 1126 1968 1159 2030; x_wconf 86' lang='grc'><strong><em>3.</em></strong></span> <span class='ocrx_word' id='word_1_97' title='bbox 1191 1968 1236 2048; x_wconf 76' lang='grc'><strong><em>6.</em></strong></span> 
     </span>
     <span class='ocr_line' id='line_1_16' title="bbox 181 2067 1228 2154; baseline -0.002 -22"><span class='ocrx_word' id='word_1_98' title='bbox 181 2071 258 2132; x_wconf 92' lang='grc'><strong>109.</strong></span> <span class='ocrx_word' id='word_1_99' title='bbox 305 2071 465 2132; x_wconf 79' lang='lat' dir='ltr'><strong><em>Eumenes</em></strong></span> <span class='ocrx_word' id='word_1_100' title='bbox 486 2067 584 2145; x_wconf 86' lang='lat' dir='ltr'><strong><em>filius,</em></strong></span> <span class='ocrx_word' id='word_1_101' title='bbox 609 2069 665 2154; x_wconf 91' lang='lat' dir='ltr'><strong><em>qui</em></strong></span> <span class='ocrx_word' id='word_1_102' title='bbox 690 2090 722 2132; x_wconf 90' lang='grc'><strong><em>6.</em></strong></span> <span class='ocrx_word' id='word_1_103' title='bbox 742 2071 801 2133; x_wconf 91' lang='grc'><strong><em>557</em></strong></span> <span class='ocrx_word' id='word_1_104' title='bbox 825 2069 915 2149; x_wconf 91' lang='grc'><strong>(197)</strong></span> <span class='ocrx_word' id='word_1_105' title='bbox 940 2069 1228 2153; x_wconf 67' lang='lat' dir='ltr'><strong><em>regnassemus,</em></strong></span> 
     </span>
     <span class='ocr_line' id='line_1_17' title="bbox 181 2169 1228 2255; baseline -0.004 -17"><span class='ocrx_word' id='word_1_106' title='bbox 181 2175 347 2238; x_wconf 83' lang='lat' dir='ltr'><strong><em>Romanos</em></strong></span> <span class='ocrx_word' id='word_1_107' title='bbox 387 2170 509 2234; x_wconf 77' lang='lat' dir='ltr'><strong><em>adiuvit</em></strong></span> <span class='ocrx_word' id='word_1_108' title='bbox 545 2169 577 2233; x_wconf 91' lang='lat' dir='ltr'><strong><em>in</em></strong></span> <span class='ocrx_word' id='word_1_109' title='bbox 611 2171 697 2236; x_wconf 91' lang='lat' dir='ltr'><strong><em>bello</em></strong></span> <span class='ocrx_word' id='word_1_110' title='bbox 737 2184 849 2236; x_wconf 78' lang='lat' dir='ltr'><strong><em>eontra</em></strong></span> <span class='ocrx_word' id='word_1_111' title='bbox 886 2173 1082 2236; x_wconf 86' lang='lat' dir='ltr'><strong>Antiochum</strong></span> <span class='ocrx_word' id='word_1_112' title='bbox 1118 2193 1228 2255; x_wconf 81' lang='lat' dir='ltr'><strong><em>regem</em></strong></span> 
     </span>
     <span class='ocr_line' id='line_1_18' title="bbox 181 2275 1229 2360; baseline 0 -22"><span class='ocrx_word' id='word_1_113' title='bbox 181 2285 275 2360; x_wconf 81' lang='lat' dir='ltr'><strong><em>gesto</em></strong></span> <span class='ocrx_word' id='word_1_114' title='bbox 306 2287 337 2340; x_wconf 90' lang='grc'><strong><em>61</em></strong></span> <span class='ocrx_word' id='word_1_115' title='bbox 368 2275 455 2340; x_wconf 87' lang='lat' dir='ltr'><strong><em>vieto</em></strong></span> <span class='ocrx_word' id='word_1_116' title='bbox 486 2297 525 2339; x_wconf 91' lang='lat' dir='ltr'><strong><em>eo</em></strong></span> <span class='ocrx_word' id='word_1_117' title='bbox 552 2294 697 2359; x_wconf 81' lang='lat' dir='ltr'><strong><em>magnam</em></strong></span> <span class='ocrx_word' id='word_1_118' title='bbox 727 2288 883 2338; x_wconf 83' lang='lat' dir='ltr'><strong><em>terrarum</em></strong></span> <span class='ocrx_word' id='word_1_119' title='bbox 909 2287 1033 2356; x_wconf 83' lang='lat' dir='ltr'><strong><em>partem</em></strong></span> <span class='ocrx_word' id='word_1_120' title='bbox 1062 2278 1149 2340; x_wconf 91' lang='lat' dir='ltr'><strong><em>dono</em></strong></span> <span class='ocrx_word' id='word_1_121' title='bbox 1176 2295 1229 2338; x_wconf 88' lang='grc'><strong><em>66-</em></strong></span> 
     </span>
     <span class='ocr_line' id='line_1_19' title="bbox 181 2377 1230 2461; baseline 0 -19"><span class='ocrx_word' id='word_1_122' title='bbox 181 2379 268 2460; x_wconf 85' lang='lat' dir='ltr'><strong><em>oepit</em></strong></span> <span class='ocrx_word' id='word_1_123' title='bbox 293 2399 323 2442; x_wconf 88' lang='grc'><strong><em>6.</em></strong></span> <span class='ocrx_word' id='word_1_124' title='bbox 348 2379 409 2442; x_wconf 90' lang='grc'><strong><em>666</em></strong></span> <span class='ocrx_word' id='word_1_125' title='bbox 435 2378 538 2458; x_wconf 89' lang='grc'><strong>(188).</strong></span> <span class='ocrx_word' id='word_1_126' title='bbox 595 2379 723 2442; x_wconf 83' lang='lat' dir='ltr'><strong><em>Attalus</em></strong></span> <span class='ocrx_word' id='word_1_127' title='bbox 746 2377 847 2440; x_wconf 80' lang='lat' dir='ltr'><strong><em>frater</em></strong></span> <span class='ocrx_word' id='word_1_128' title='bbox 875 2377 1103 2460; x_wconf 81' lang='lat' dir='ltr'><strong>Philadelphus</strong></span> <span class='ocrx_word' id='word_1_129' title='bbox 1127 2399 1230 2461; x_wconf 83' lang='lat' dir='ltr'><strong><em>regno</em></strong></span> 
     </span>
     <span class='ocr_line' id='line_1_20' title="bbox 181 2479 1228 2563; baseline -0.002 -17"><span class='ocrx_word' id='word_1_130' title='bbox 181 2481 334 2546; x_wconf 86' lang='lat' dir='ltr'><strong><em>successit</em></strong></span> <span class='ocrx_word' id='word_1_131' title='bbox 361 2504 392 2545; x_wconf 90' lang='grc'><strong><em>6.</em></strong></span> <span class='ocrx_word' id='word_1_132' title='bbox 416 2481 478 2545; x_wconf 88' lang='grc'><strong><em>591</em></strong></span> <span class='ocrx_word' id='word_1_133' title='bbox 500 2483 602 2563; x_wconf 91' lang='grc'><strong>(160),</strong></span> <span class='ocrx_word' id='word_1_134' title='bbox 627 2481 702 2544; x_wconf 86' lang='lat' dir='ltr'><strong><em>item</em></strong></span> <span class='ocrx_word' id='word_1_135' title='bbox 725 2479 830 2543; x_wconf 88' lang='lat' dir='ltr'><strong><em>socius</em></strong></span> <span class='ocrx_word' id='word_1_136' title='bbox 852 2479 965 2562; x_wconf 85' lang='lat' dir='ltr'><strong>populi</strong></span> <span class='ocrx_word' id='word_1_137' title='bbox 986 2479 1124 2544; x_wconf 83' lang='lat' dir='ltr'><strong><em>romani.</em></strong></span> <span class='ocrx_word' id='word_1_138' title='bbox 1168 2483 1228 2544; x_wconf 88' lang='lat' dir='ltr'><strong><em>At·</em></strong></span> 
     </span>
     <span class='ocr_line' id='line_1_21' title="bbox 180 2582 1227 2668; baseline -0.004 -20"><span class='ocrx_word' id='word_1_139' title='bbox 180 2587 263 2648; x_wconf 87' lang='lat' dir='ltr'><strong><em>talus</em></strong></span> <span class='ocrx_word' id='word_1_140' title='bbox 295 2584 408 2648; x_wconf 81' lang='lat' dir='ltr'><strong><em>tertius</em></strong></span> <span class='ocrx_word' id='word_1_141' title='bbox 446 2607 476 2648; x_wconf 89' lang='grc'><strong><em>6.</em></strong></span> <span class='ocrx_word' id='word_1_142' title='bbox 509 2585 570 2646; x_wconf 91' lang='grc'><strong><em>609</em></strong></span> <span class='ocrx_word' id='word_1_143' title='bbox 600 2583 690 2668; x_wconf 91' lang='grc'><strong>(159)</strong></span> <span class='ocrx_word' id='word_1_144' title='bbox 725 2605 858 2668; x_wconf 82' lang='lat' dir='ltr'><strong><em>regnum</em></strong></span> <span class='ocrx_word' id='word_1_145' title='bbox 893 2604 910 2644; x_wconf 89' lang='grc'><strong><em>6</em></strong></span> <span class='ocrx_word' id='word_1_146' title='bbox 941 2594 1049 2646; x_wconf 86' lang='grc'><strong>666616</strong></span> <span class='ocrx_word' id='word_1_147' title='bbox 1083 2582 1227 2664; x_wconf 85' lang='lat' dir='ltr'><strong><em>accepit,</em></strong></span> 
     </span>
     <span class='ocr_line' id='line_1_22' title="bbox 182 2683 1228 2773; baseline 0 -24"><span class='ocrx_word' id='word_1_148' title='bbox 182 2687 386 2773; x_wconf 81' lang='lat' dir='ltr'><strong><em>moriensque</em></strong></span> <span class='ocrx_word' id='word_1_149' title='bbox 406 2698 594 2752; x_wconf 82' lang='lat' dir='ltr'><strong><em>testamento</em></strong></span> <span class='ocrx_word' id='word_1_150' title='bbox 613 2686 768 2770; x_wconf 89' lang='lat' dir='ltr'><strong>populum</strong></span> <span class='ocrx_word' id='word_1_151' title='bbox 788 2706 952 2749; x_wconf 81' lang='lat' dir='ltr'><strong><em>rornsnum</em></strong></span> <span class='ocrx_word' id='word_1_152' title='bbox 970 2683 1109 2766; x_wconf 79' lang='lat' dir='ltr'><strong><em>imperio</em></strong></span> <span class='ocrx_word' id='word_1_153' title='bbox 1132 2684 1228 2750; x_wconf 83' lang='lat' dir='ltr'><strong><em>Asine</em></strong></span> 
     </span>
     <span class='ocr_line' id='line_1_23' title="bbox 181 2789 910 2870; baseline -0.003 -16"><span class='ocrx_word' id='word_1_154' title='bbox 181 2793 354 2855; x_wconf 80' lang='lat' dir='ltr'><strong><em>succedere</em></strong></span> <span class='ocrx_word' id='word_1_155' title='bbox 381 2793 529 2854; x_wconf 87' lang='lat' dir='ltr'><strong><em>heredem</em></strong></span> <span class='ocrx_word' id='word_1_156' title='bbox 555 2789 647 2853; x_wconf 86' lang='lat' dir='ltr'><strong><em>iussit</em></strong></span> <span class='ocrx_word' id='word_1_157' title='bbox 670 2812 700 2852; x_wconf 89' lang='grc'><strong><em>6.</em></strong></span> <span class='ocrx_word' id='word_1_158' title='bbox 725 2791 785 2852; x_wconf 90' lang='grc'><strong><em>691</em></strong></span> <span class='ocrx_word' id='word_1_159' title='bbox 806 2789 910 2870; x_wconf 82' lang='grc'><strong>(133).</strong></span> 
     </span>
    </p>

    <p class='ocr_par' dir='ltr' id='par_1_6' title="bbox 180 2889 1229 3180">
     <span class='ocr_line' id='line_1_24' title="bbox 247 2889 1225 2974; baseline -0.003 -16"><span class='ocrx_word' id='word_1_160' title='bbox 247 2892 384 2974; x_wconf 84' lang='lat' dir='ltr'><strong><em>Quando</em></strong></span> <span class='ocrx_word' id='word_1_161' title='bbox 423 2892 508 2958; x_wconf 83' lang='lat' dir='ltr'><strong><em>Cato</em></strong></span> <span class='ocrx_word' id='word_1_162' title='bbox 543 2895 626 2956; x_wconf 82' lang='grc'><strong>6666</strong></span> <span class='ocrx_word' id='word_1_163' title='bbox 660 2892 778 2956; x_wconf 84' lang='lat' dir='ltr'><strong><em>dixerit</em></strong></span> <span class='ocrx_word' id='word_1_164' title='bbox 814 2890 1012 2966; x_wconf 80' lang='lat' dir='ltr'><strong><em>orationem,</em></strong></span> <span class='ocrx_word' id='word_1_165' title='bbox 1049 2889 1225 2955; x_wconf 76' lang='lat' dir='ltr'><strong><em>incertumz</em></strong></span> 
     </span>
     <span class='ocr_line' id='line_1_25' title="bbox 182 2991 1229 3079; baseline -0.004 -20"><span class='ocrx_word' id='word_1_166' title='bbox 182 3017 276 3078; x_wconf 80' lang='lat' dir='ltr'><strong><em>saepe</em></strong></span> <span class='ocrx_word' id='word_1_167' title='bbox 300 2995 382 3059; x_wconf 92' lang='lat' dir='ltr'><strong><em>enim</em></strong></span> <span class='ocrx_word' id='word_1_168' title='bbox 409 2993 442 3058; x_wconf 94' lang='lat' dir='ltr'><strong><em>in</em></strong></span> <span class='ocrx_word' id='word_1_169' title='bbox 465 3007 575 3059; x_wconf 85' lang='lat' dir='ltr'><strong><em>senatu</em></strong></span> <span class='ocrx_word' id='word_1_170' title='bbox 600 2997 639 3058; x_wconf 92' lang='lat' dir='ltr'><strong><em>de</em></strong></span> <span class='ocrx_word' id='word_1_171' title='bbox 662 2997 760 3058; x_wconf 82' lang='lat' dir='ltr'><strong><em>rebus</em></strong></span> <span class='ocrx_word' id='word_1_172' title='bbox 782 2993 883 3057; x_wconf 83' lang='lat' dir='ltr'><strong><em>Attali</em></strong></span> <span class='ocrx_word' id='word_1_173' title='bbox 909 3005 1004 3079; x_wconf 87' lang='grc'><strong>61666</strong></span> <span class='ocrx_word' id='word_1_174' title='bbox 1028 2991 1126 3056; x_wconf 86' lang='grc' dir='ltr'><strong>Α6166</strong></span> <span class='ocrx_word' id='word_1_175' title='bbox 1150 2992 1229 3056; x_wconf 86' lang='lat' dir='ltr'><strong><em>deli-</em></strong></span> 
     </span>
     <span class='ocr_line' id='line_1_26' title="bbox 180 3098 1229 3180; baseline -0.005 -17"><span class='ocrx_word' id='word_1_176' title='bbox 180 3102 327 3163; x_wconf 82' lang='lat' dir='ltr'><strong><em>beratum</em></strong></span> <span class='ocrx_word' id='word_1_177' title='bbox 356 3109 417 3162; x_wconf 88' lang='lat' dir='ltr'><strong><em>est.</em></strong></span> <span class='ocrx_word' id='word_1_178' title='bbox 464 3101 528 3162; x_wconf 87' lang='lat' dir='ltr'><strong><em>Sed</em></strong></span> <span class='ocrx_word' id='word_1_179' title='bbox 561 3120 602 3161; x_wconf 87' lang='lat' dir='ltr'><strong><em>ex</em></strong></span> <span class='ocrx_word' id='word_1_180' title='bbox 636 3098 820 3180; x_wconf 82' lang='lat' dir='ltr'><strong><em>fragmento</em></strong></span> <span class='ocrx_word' id='word_1_181' title='bbox 853 3107 1009 3178; x_wconf 83' lang='lat' dir='ltr'><strong><em>apparet,</em></strong></span> <span class='ocrx_word' id='word_1_182' title='bbox 1041 3117 1108 3159; x_wconf 82' lang='lat' dir='ltr'><strong><em>enm</em></strong></span> <span class='ocrx_word' id='word_1_183' title='bbox 1142 3109 1229 3158; x_wconf 89' lang='lat' dir='ltr'><strong><em>eerte</em></strong></span> 
     </span>
    </p>
   </div>
   <div class='ocr_carea' id='block_1_6' title="bbox 181 3197 1360 3285">
    <p class='ocr_par' dir='ltr' id='par_1_7' title="bbox 181 3197 1360 3285">
     <span class='ocr_line' id='line_1_27' title="bbox 181 3197 1360 3285; baseline -0.008 -18"><span class='ocrx_word' id='word_1_184' title='bbox 181 3213 258 3285; x_wconf 89' lang='lat' dir='ltr'><strong><em>post</em></strong></span> <span class='ocrx_word' id='word_1_185' title='bbox 291 3223 321 3265; x_wconf 91' lang='grc'><strong><em>6.</em></strong></span> <span class='ocrx_word' id='word_1_186' title='bbox 356 3202 417 3266; x_wconf 90' lang='grc'><strong><em>589</em></strong></span> <span class='ocrx_word' id='word_1_187' title='bbox 449 3204 537 3280; x_wconf 89' lang='grc'><strong>(179)</strong></span> <span class='ocrx_word' id='word_1_188' title='bbox 568 3200 706 3264; x_wconf 84' lang='lat' dir='ltr'><strong><em>habitam</em></strong></span> <span class='ocrx_word' id='word_1_189' title='bbox 744 3222 832 3264; x_wconf 88' lang='lat' dir='ltr'><strong><em>esse:</em></strong></span> <span class='ocrx_word' id='word_1_190' title='bbox 876 3199 917 3263; x_wconf 91' lang='lat' dir='ltr'><strong><em>C.</em></strong></span> <span class='ocrx_word' id='word_1_191' title='bbox 947 3197 1090 3262; x_wconf 85' lang='lat' dir='ltr'><strong><em>Licinius</em></strong></span> <span class='ocrx_word' id='word_1_192' title='bbox 1121 3198 1228 3275; x_wconf 84' lang='lat' dir='ltr'><strong><em>enim,</em></strong></span> <span class='ocrx_word' id='word_1_193' title='bbox 1356 3267 1360 3274; x_wconf 43' lang='grc'><strong>,</strong></span> 
     </span>
    </p>
   </div>
   <div class='ocr_carea' id='block_1_7' title="bbox 183 3301 1232 4205">
    <p class='ocr_par' dir='ltr' id='par_1_8' title="bbox 183 3301 1230 3788">
     <span class='ocr_line' id='line_1_28' title="bbox 184 3301 1227 3386; baseline -0.006 -17"><span class='ocrx_word' id='word_1_194' title='bbox 184 3304 273 3369; x_wconf 85' lang='grc'><strong>66166</strong></span> <span class='ocrx_word' id='word_1_195' title='bbox 298 3305 415 3369; x_wconf 87' lang='lat' dir='ltr'><strong><em>mentio</em></strong></span> <span class='ocrx_word' id='word_1_196' title='bbox 442 3316 489 3368; x_wconf 89' lang='lat' dir='ltr'><strong><em>est</em></strong></span> <span class='ocrx_word' id='word_1_197' title='bbox 517 3304 620 3381; x_wconf 83' lang='lat' dir='ltr'><strong>facta,</strong></span> <span class='ocrx_word' id='word_1_198' title='bbox 651 3315 832 3386; x_wconf 83' lang='lat' dir='ltr'><strong><em>praeturam</em></strong></span> <span class='ocrx_word' id='word_1_199' title='bbox 859 3301 958 3384; x_wconf 83' lang='lat' dir='ltr'><strong><em>gessit</em></strong></span> <span class='ocrx_word' id='word_1_200' title='bbox 984 3323 1014 3364; x_wconf 95' lang='grc'><strong><em>6.</em></strong></span> <span class='ocrx_word' id='word_1_201' title='bbox 1039 3303 1100 3364; x_wconf 91' lang='grc'><strong><em>589</em></strong></span> <span class='ocrx_word' id='word_1_202' title='bbox 1125 3303 1227 3382; x_wconf 82' lang='grc'><strong>(179).</strong></span> 
     </span>
     <span class='ocr_line' id='line_1_29' title="bbox 184 3404 1229 3490; baseline -0.004 -20"><span class='ocrx_word' id='word_1_203' title='bbox 184 3407 364 3471; x_wconf 86' lang='grc' dir='ltr'><strong>Μ6ἰ666166</strong></span> <span class='ocrx_word' id='word_1_204' title='bbox 394 3431 429 3490; x_wconf 88' lang='lat' dir='ltr'><strong><em>p.</em></strong></span> <span class='ocrx_word' id='word_1_205' title='bbox 452 3410 492 3470; x_wconf 88' lang='grc'><strong><em>19</em></strong></span> <span class='ocrx_word' id='word_1_206' title='bbox 520 3418 632 3490; x_wconf 82' lang='lat' dir='ltr'><strong><em>putat,</em></strong></span> <span class='ocrx_word' id='word_1_207' title='bbox 660 3407 839 3471; x_wconf 82' lang='lat' dir='ltr'><strong><em>orationem</em></strong></span> <span class='ocrx_word' id='word_1_208' title='bbox 867 3404 983 3468; x_wconf 83' lang='lat' dir='ltr'><strong><em>dietam</em></strong></span> <span class='ocrx_word' id='word_1_209' title='bbox 1010 3426 1078 3467; x_wconf 87' lang='lat' dir='ltr'><strong><em>esse</em></strong></span> <span class='ocrx_word' id='word_1_210' title='bbox 1108 3411 1148 3468; x_wconf 88' lang='grc'><strong><em>6.’</em></strong></span> <span class='ocrx_word' id='word_1_211' title='bbox 1167 3405 1229 3468; x_wconf 88' lang='grc'><strong><em>696</em></strong></span> 
     </span>
     <span class='ocr_line' id='line_1_30' title="bbox 184 3507 1228 3595; baseline -0.003 -22"><span class='ocrx_word' id='word_1_212' title='bbox 184 3511 282 3587; x_wconf 90' lang='grc'><strong>(158),</strong></span> <span class='ocrx_word' id='word_1_213' title='bbox 311 3532 377 3595; x_wconf 89' lang='grc'><strong><em>666</em></strong></span> <span class='ocrx_word' id='word_1_214' title='bbox 406 3531 488 3574; x_wconf 90' lang='grc'><strong>6666</strong></span> <span class='ocrx_word' id='word_1_215' title='bbox 515 3510 643 3572; x_wconf 82' lang='lat' dir='ltr'><strong><em>Attalus</em></strong></span> <span class='ocrx_word' id='word_1_216' title='bbox 673 3513 808 3573; x_wconf 84' lang='lat' dir='ltr'><strong><em>Romam</em></strong></span> <span class='ocrx_word' id='word_1_217' title='bbox 834 3507 990 3584; x_wconf 85' lang='lat' dir='ltr'><strong><em>venisset,</em></strong></span> <span class='ocrx_word' id='word_1_218' title='bbox 1019 3508 1059 3569; x_wconf 83' lang='lat' dir='ltr'><strong><em>ab</em></strong></span> <span class='ocrx_word' id='word_1_219' title='bbox 1086 3508 1228 3570; x_wconf 86' lang='lat' dir='ltr'><strong><em>Eumene</em></strong></span> 
     </span>
     <span class='ocr_line' id='line_1_31' title="bbox 183 3606 1230 3698; baseline -0.001 -24"><span class='ocrx_word' id='word_1_220' title='bbox 183 3612 285 3676; x_wconf 81' lang='lat' dir='ltr'><strong><em>fratre</em></strong></span> <span class='ocrx_word' id='word_1_221' title='bbox 313 3612 442 3688; x_wconf 87' lang='lat' dir='ltr'><strong><em>missus,</em></strong></span> <span class='ocrx_word' id='word_1_222' title='bbox 479 3615 517 3676; x_wconf 90' lang='lat' dir='ltr'><strong><em>de</em></strong></span> <span class='ocrx_word' id='word_1_223' title='bbox 541 3635 607 3698; x_wconf 88' lang='grc'><strong><em>666</em></strong></span> <span class='ocrx_word' id='word_1_224' title='bbox 635 3611 791 3691; x_wconf 88' lang='lat' dir='ltr'><strong>Polybius</strong></span> <span class='ocrx_word' id='word_1_225' title='bbox 818 3610 849 3672; x_wconf 94' lang='lat' dir='ltr'><strong><em>in</em></strong></span> <span class='ocrx_word' id='word_1_226' title='bbox 875 3608 1050 3691; x_wconf 73' lang='lat' dir='ltr'><strong><em>Exemplis</em></strong></span> <span class='ocrx_word' id='word_1_227' title='bbox 1076 3606 1230 3694; x_wconf 84' lang='lat' dir='ltr'><strong><em>Legatio-</em></strong></span> 
     </span>
     <span class='ocr_line' id='line_1_32' title="bbox 186 3712 876 3788; baseline -0.007 -10"><span class='ocrx_word' id='word_1_228' title='bbox 186 3735 258 3778; x_wconf 89' lang='lat' dir='ltr'><strong><em>num</em></strong></span> <span class='ocrx_word' id='word_1_229' title='bbox 285 3717 413 3779; x_wconf 91' lang='grc'><strong>6.191.</strong></span> <span class='ocrx_word' id='word_1_230' title='bbox 440 3714 550 3779; x_wconf 88' lang='grc'><strong>166616</strong></span> <span class='ocrx_word' id='word_1_231' title='bbox 574 3713 673 3777; x_wconf 90' lang='lat' dir='ltr'><strong>Livio</strong></span> <span class='ocrx_word' id='word_1_232' title='bbox 696 3715 719 3776; x_wconf 82' lang='grc'><strong><em>1.</em></strong></span> <span class='ocrx_word' id='word_1_233' title='bbox 744 3714 795 3788; x_wconf 88' lang='grc'><strong><em>15,</em></strong></span> <span class='ocrx_word' id='word_1_234' title='bbox 824 3712 876 3774; x_wconf 91' lang='grc'><strong><em>19.</em></strong></span> 
     </span>
    </p>

    <p class='ocr_par' dir='ltr' id='par_1_9' title="bbox 186 3813 1231 3994">
     <span class='ocr_line' id='line_1_33' title="bbox 248 3813 1231 3893; baseline -0.005 -12"><span class='ocrx_word' id='word_1_235' title='bbox 248 3818 468 3881; x_wconf 82' lang='lat' dir='ltr'><strong><em>Deliberatum</em></strong></span> <span class='ocrx_word' id='word_1_236' title='bbox 498 3829 546 3880; x_wconf 87' lang='lat' dir='ltr'><strong><em>est</em></strong></span> <span class='ocrx_word' id='word_1_237' title='bbox 573 3821 611 3881; x_wconf 87' lang='lat' dir='ltr'><strong><em>de</em></strong></span> <span class='ocrx_word' id='word_1_238' title='bbox 644 3817 758 3880; x_wconf 83' lang='lat' dir='ltr'><strong><em>Attalo</em></strong></span> <span class='ocrx_word' id='word_1_239' title='bbox 787 3814 881 3878; x_wconf 84' lang='lat' dir='ltr'><strong><em>etiem</em></strong></span> <span class='ocrx_word' id='word_1_240' title='bbox 917 3835 947 3878; x_wconf 96' lang='grc'><strong><em>6.</em></strong></span> <span class='ocrx_word' id='word_1_241' title='bbox 971 3813 1033 3880; x_wconf 85' lang='grc'><strong><em>586</em></strong></span> <span class='ocrx_word' id='word_1_242' title='bbox 1055 3814 1166 3893; x_wconf 90' lang='grc'><strong>(168),</strong></span> <span class='ocrx_word' id='word_1_243' title='bbox 1197 3826 1231 3876; x_wconf 89' lang='grc'><strong><em>61</em></strong></span> 
     </span>
     <span class='ocr_line' id='line_1_34' title="bbox 186 3918 703 3994; baseline 0.002 -13"><span class='ocrx_word' id='word_1_244' title='bbox 186 3940 227 3981; x_wconf 84' lang='lat' dir='ltr'><strong><em>ex</em></strong></span> <span class='ocrx_word' id='word_1_245' title='bbox 249 3918 351 3983; x_wconf 91' lang='lat' dir='ltr'><strong>Livio</strong></span> <span class='ocrx_word' id='word_1_246' title='bbox 375 3931 502 3983; x_wconf 87' lang='grc'><strong>6666161</strong></span> <span class='ocrx_word' id='word_1_247' title='bbox 526 3920 549 3982; x_wconf 91' lang='lat' dir='ltr'><strong><em>l.</em></strong></span> <span class='ocrx_word' id='word_1_248' title='bbox 574 3920 625 3994; x_wconf 90' lang='grc'><strong><em>11,</em></strong></span> <span class='ocrx_word' id='word_1_249' title='bbox 650 3919 703 3982; x_wconf 89' lang='grc'><strong>90.</strong></span> 
     </span>
    </p>

    <p class='ocr_par' dir='ltr' id='par_1_10' title="bbox 185 4016 1232 4205">
     <span class='ocr_line' id='line_1_35' title="bbox 249 4016 1228 4102; baseline -0.004 -18"><span class='ocrx_word' id='word_1_250' title='bbox 249 4022 313 4084; x_wconf 87' lang='lat' dir='ltr'><strong><em>Sed</em></strong></span> <span class='ocrx_word' id='word_1_251' title='bbox 337 4043 380 4085; x_wconf 86' lang='lat' dir='ltr'><strong><em>ex</em></strong></span> <span class='ocrx_word' id='word_1_252' title='bbox 401 4020 492 4085; x_wconf 86' lang='lat' dir='ltr'><strong>Livii</strong></span> <span class='ocrx_word' id='word_1_253' title='bbox 517 4020 669 4102; x_wconf 84' lang='lat' dir='ltr'><strong><em>Epitome</em></strong></span> <span class='ocrx_word' id='word_1_254' title='bbox 696 4022 718 4084; x_wconf 90' lang='lat' dir='ltr'><strong><em>l.</em></strong></span> <span class='ocrx_word' id='word_1_255' title='bbox 738 4023 780 4084; x_wconf 89' lang='grc'><strong><em>50</em></strong></span> <span class='ocrx_word' id='word_1_256' title='bbox 802 4018 993 4101; x_wconf 78' lang='lat' dir='ltr'><strong><em>acecpimus,</em></strong></span> <span class='ocrx_word' id='word_1_257' title='bbox 1019 4016 1175 4082; x_wconf 84' lang='lat' dir='ltr'><strong><em>Catonem</em></strong></span> <span class='ocrx_word' id='word_1_258' title='bbox 1199 4041 1228 4080; x_wconf 88' lang='grc'><strong><em>6.</em></strong></span> 
     </span>
     <span class='ocr_line' id='line_1_36' title="bbox 185 4115 1232 4205; baseline -0.006 -17"><span class='ocrx_word' id='word_1_259' title='bbox 185 4126 246 4188; x_wconf 91' lang='grc'><strong><em>605</em></strong></span> <span class='ocrx_word' id='word_1_260' title='bbox 274 4125 367 4205; x_wconf 90' lang='grc'><strong>(119)</strong></span> <span class='ocrx_word' id='word_1_261' title='bbox 393 4126 432 4188; x_wconf 87' lang='lat' dir='ltr'><strong><em>de</em></strong></span> <span class='ocrx_word' id='word_1_262' title='bbox 458 4127 555 4188; x_wconf 76' lang='lat' dir='ltr'><strong><em>nehus</em></strong></span> <span class='ocrx_word' id='word_1_263' title='bbox 580 4120 835 4196; x_wconf 68' lang='lat' dir='ltr'><strong><em>distinxisse,</em></strong></span> <span class='ocrx_word' id='word_1_264' title='bbox 865 4123 947 4184; x_wconf 90' lang='lat' dir='ltr'><strong><em>unde</em></strong></span> <span class='ocrx_word' id='word_1_265' title='bbox 972 4118 1005 4182; x_wconf 94' lang='lat' dir='ltr'><strong><em>in</em></strong></span> <span class='ocrx_word' id='word_1_266' title='bbox 1028 4115 1141 4198; x_wconf 83' lang='lat' dir='ltr'><strong><em>priore</em></strong></span> <span class='ocrx_word' id='word_1_267' title='bbox 1163 4119 1232 4182; x_wconf 89' lang='lat' dir='ltr'><strong><em>edi·</em></strong></span> 
     </span>
    </p>
   </div>
   <div class='ocr_carea' id='block_1_8' title="bbox 185 4217 1335 4309">
    <p class='ocr_par' dir='ltr' id='par_1_11' title="bbox 185 4217 1335 4309">
     <span class='ocr_line' id='line_1_37' title="bbox 185 4217 1335 4309; baseline -0.003 -20"><span class='ocrx_word' id='word_1_268' title='bbox 185 4226 275 4291; x_wconf 90' lang='lat' dir='ltr'><strong><em>tione</em></strong></span> <span class='ocrx_word' id='word_1_269' title='bbox 302 4225 334 4290; x_wconf 92' lang='grc'><strong><em>16</em></strong></span> <span class='ocrx_word' id='word_1_270' title='bbox 357 4229 440 4291; x_wconf 89' lang='lat' dir='ltr'><strong><em>hune</em></strong></span> <span class='ocrx_word' id='word_1_271' title='bbox 463 4248 575 4290; x_wconf 85' lang='lat' dir='ltr'><strong><em>annum</em></strong></span> <span class='ocrx_word' id='word_1_272' title='bbox 601 4225 798 4299; x_wconf 81' lang='lat' dir='ltr'><strong><em>orationem,</em></strong></span> <span class='ocrx_word' id='word_1_273' title='bbox 822 4226 861 4288; x_wconf 94' lang='lat' dir='ltr'><strong><em>de</em></strong></span> <span class='ocrx_word' id='word_1_274' title='bbox 887 4242 949 4307; x_wconf 90' lang='grc'><strong><em>666</em></strong></span> <span class='ocrx_word' id='word_1_275' title='bbox 973 4217 1155 4303; x_wconf 86' lang='lat' dir='ltr'><strong><em>loquimur,</em></strong></span> <span class='ocrx_word' id='word_1_276' title='bbox 1180 4244 1231 4286; x_wconf 81' lang='lat' dir='ltr'><strong><em>re·</em></strong></span> <span class='ocrx_word' id='word_1_277' title='bbox 1325 4287 1335 4309; x_wconf 59' lang='lat'>‚</span> 
     </span>
    </p>
   </div>
   <div class='ocr_carea' id='block_1_9' title="bbox 185 4317 1232 4414">
    <p class='ocr_par' dir='ltr' id='par_1_12' title="bbox 185 4317 1232 4414">
     <span class='ocr_line' id='line_1_38' title="bbox 185 4317 1232 4414; baseline -0.002 -24"><span class='ocrx_word' id='word_1_278' title='bbox 185 4328 332 4406; x_wconf 79' lang='lat' dir='ltr'><strong><em>tuleram,</em></strong></span> <span class='ocrx_word' id='word_1_279' title='bbox 357 4340 453 4414; x_wconf 87' lang='grc'><strong>61666</strong></span> <span class='ocrx_word' id='word_1_280' title='bbox 477 4327 612 4394; x_wconf 82' lang='lat' dir='ltr'><strong><em>Fischer</em></strong></span> <span class='ocrx_word' id='word_1_281' title='bbox 640 4324 855 4408; x_wconf 81' lang='lat' dir='ltr'><strong><em>(Zeittnfelu)</em></strong></span> <span class='ocrx_word' id='word_1_282' title='bbox 879 4345 946 4388; x_wconf 78' lang='lat' dir='ltr'><strong><em>esni</em></strong></span> <span class='ocrx_word' id='word_1_283' title='bbox 971 4317 1156 4404; x_wconf 89' lang='lat' dir='ltr'><strong><em>opinionem</em></strong></span> <span class='ocrx_word' id='word_1_284' title='bbox 1176 4347 1232 4408; x_wconf 82' lang='lat' dir='ltr'><strong><em>sp·</em></strong></span> 
     </span>
    </p>
   </div>
   <div class='ocr_carea' id='block_1_10' title="bbox 0 0 1498 4844">
    <p class='ocr_par' dir='ltr' id='par_1_13' title="bbox 0 0 1498 4844">
     <span class='ocr_line' id='line_1_39' title="bbox 0 0 1498 4844; baseline 0 0"><span class='ocrx_word' id='word_1_285' title='bbox 0 0 1498 4844; x_wconf 95' lang='lat' dir='ltr'><strong><em> </em></strong></span> 
     </span>
    </p>
   </div>
  </div>
 </body>
</html>
