2992 4844
264 346 325 406 318

266 509 360 569 Nam
393 506 435 588 Q.
466 501 608 566 Mucius
640 501 728 566 iurie
762 501 907 566 seientia
931 524 1035 586 quam
1062 504 1206 588 proprie
1241 507 1310 570 eio-

266 607 423 691 quentiae
445 604 582 670 nomine
607 605 772 668 celebrior
782 602 880 694 fuit.

330 707 463 789 Quintil.
491 709 545 783 12,
570 709 605 781 3,
632 707 663 770 9.
710 709 765 772 Μ.
793 712 880 772 Cato
902 731 980 772 eum
996 709 1031 772 in
1052 709 1311 792 dioendoprae-

265 811 520 886 monuerimus,
548 823 621 874 tum
655 810 744 874 iuris
777 810 867 876 idem
881 810 967 901 fuit
991 812 1245 894 peritissimus,
1275 828 1311 876 et

265 917 446 982 Scaevolae
471 913 654 998 Servioque
684 914 837 997 Sulpicio
867 936 1027 980 roneeesa
1056 927 1105 982 est
1128 916 1232 979 etiam
1236 915 1315 1008 sal

263 1018 408 1081 eundiae
431 1017 551 1080 virtue.
1187 1017 1189 1024 '

330 1197 355 1250 1.
397 1193 496 1251 Oratio
516 1210 568 1265 pro
587 1193 627 1251 Μ.
652 1193 781 1265 Coponio
804 1195 941 1250 adversos
962 1194 1089 1252 Manium
1111 1195 1239 1253 Curium.

333 1325 436 1390 Causa
461 1324 713 1400 centumviraiis‚
744 1338 813 1388 acta
843 1349 871 1388 a.
905 1327 962 1388 (161
988 1328 1057 1404 (93)
1101 1329 1142 1395 T.
1171 1327 1308 1391 Manilio

265 1441 428 1512 praetore.
453 1428 539 1492 Vide
562 1439 652 1492 orat.
675 1428 795 1493 Crasti
819 1449 887 1512 pro
913 1429 1038 1494 Manio
1064 1431 1311 1495 Curio-eontra

267 1533 459 1616 Coponium
481 1555 514 1614 p.
541 1532 613 1595 303.
1124 1589 1127 1594 .

330 1634 403 1699 Cic.
429 1637 522 1698 Brut.
557 1636 610 1698 39.
655 1639 696 1702 In
724 1636 1001 1718 interpretando,
1031 1636 1066 1698 in
1098 1635 1309 1714 definiendo,

265 1739 300 1801 in
324 1738 534 1820 explicanda
559 1739 732 1822 aequitate
760 1739 845 1802 nihil
866 1751 942 1802 erat
965 1743 1095 1806 Crasso
1121 1739 1308 1821 copiosius,

267 1841 368 1925 idque
401 1863 479 1902 eum
506 1841 594 1904 attae
630 1851 703 1903 tum
740 1841 837 1924 apud
866 1842 1095 1905 centumuiros
1123 1843 1158 1904 in
1193 1844 1311 1906 Monii

267 1944 365 2010 Curii
394 1965 501 2006 cauea
530 1943 707 2027 cognitum
741 1944 885 2037 etteita
922 1945 1013 2008 enim
1047 1948 1156 2008 multa
1188 1957 1312 2009 eontra

266 2048 434 2130 seriptum
453 2068 520 2130 pro
545 2068 656 2132 aequo
680 2060 713 2112 et
739 2047 827 2111 bono
851 2047 954 2124 dixit,
983 2059 1020 2110 ut
1041 2049 1213 2112 hominem
1229 2070 1310 2111 acn-

265 2151 439 2214 tissimum
459 2153 501 2235 Q.
525 2152 723 2214 Scaevolam
740 2162 773 2212 et
795 2151 830 2214 in
854 2151 942 2226 iure,
973 2153 1008 2214 in
1032 2175 1098 2236 quo
1123 2152 1185 2214 itta
1204 2173 1313 2214 cauea

266 2253 478 2329 vertebatur,
519 2252 783 2336 paratissimum
825 2254 986 2316 obrueret
1022 2268 1311 2337 argumentorum

266 2359 570 2439 exemplorumque
591 2357 702 2440 eopia,
728 2368 830 2440 atque
853 2357 904 2418 ita
925 2369 999 2420 tum
1018 2359 1061 2420 ab
1085 2358 1136 2423 his
1150 2358 1311 2440 patronio

266 2459 467 2543 aequalibue
495 2471 527 2522 et
551 2458 622 2523 iam
643 2459 882 2524 consularibus
913 2482 1020 2523 eausa
1049 2460 1109 2526 itta
1128 2461 1220 2546 dieta
1245 2472 1309 2536 eet,

266 2585 345 2624 eum
376 2574 519 2646 uterque
549 2585 596 2626 ex
631 2562 810 2626 contrario
837 2574 940 2645 parte
974 2563 1028 2626 iue
1058 2562 1154 2626 civile
1187 2561 1311 2654 defen·-

267 2665 372 2741 deret‚
391 2677 428 2730 ut
444 2666 674 2749 eloquentium
692 2665 1012 2747 iurisperitiooimue
1027 2670 1189 2742 Crassus,
1208 2667 1311 2730 iuris·

265 2767 460 2848 peritorum
495 2769 793 2852 eloquentissimus
822 2771 985 2832 Scaevoia
1014 2780 1218 2851 putaretur,
1252 2770 1312 2853 qui

267 2870 404 2954 quidem
425 2892 501 2933 oum
519 2882 707 2954 peracutus
728 2882 816 2932 erret
840 2871 887 2931 ad
911 2871 1200 2954 excogitandum,
1227 2873 1312 2955 quid

267 2973 303 3033 in
323 2971 399 3036 iure
416 2984 477 3035 aut
502 2974 538 3035 in
567 2995 677 3058 aequo
707 2994 823 3035 oerum
849 2984 1020 3036 antestet
1042 2986 1305 3048 autnoneoret,

268 3087 342 3136 tum
363 3076 473 3139 verbio
494 3088 571 3139 erat
591 3077 638 3138 ad
661 3099 734 3139 rem
756 3098 833 3139 eum
859 3097 996 3139 summa
1018 3076 1182 3139 brevitate
1204 3076 1308 3140 mira·

266 3176 380 3239 bititer
405 3189 519 3260 aptus.
623 3157 624 3170 ἵ

331 3278 415 3342 ibid.
441 3304 469 3344 c.
496 3283 548 3344 52.
593 3282 680 3366 Quis
703 3306 749 3346 ex
774 3285 919 3364 populo,
946 3305 1024 3344 cum
1047 3285 1089 3366 Q.
1113 3285 1311 3346 Scaevolam

266 3403 333 3463 pro
353 3383 408 3446 M.
427 3384 581 3466 Coponio
600 3385 766 3447 dicentem
791 3385 938 3459 audiret,
964 3385 1151 3468 quidquam
1166 3385 1312 3466 politius

268 3497 329 3546 aut
349 3486 541 3569 elegantius
564 3499 626 3549 aut
646 3486 785 3550 omnino
809 3488 929 3550 meiius
952 3498 1013 3549 aut
1032 3498 1232 3569 expectaret
1249 3499 1312 3549 aut

260 3587 351 3664 fieri
361 3609 466 3670 porse
487 3589 657 3670 putaret?
684 3611 761 3650 cum
786 3590 816 3651 io
839 3593 900 3653 hoe
924 3590 1072 3670 probare
1104 3593 1210 3664 vellet,
1229 3592 1312 3653 Ma·

268 3692 363 3753 nium
394 3691 559 3766 Curium,
597 3713 674 3753 eum
711 3693 761 3754 ita
792 3695 891 3755 hereo
923 3693 1102 3754 institutus
1137 3703 1242 3766 esset,
1281 3693 1314 3754 ei

265 3796 419 3876 pupillus
450 3806 529 3856 ante
558 3806 716 3858 mortuus
744 3808 834 3856 erret
857 3817 960 3876 quam
986 3797 1145 3858 insuam
1169 3797 1312 3858 tutelam

269 3897 432 3970 venisset,
460 3897 594 3978 pupilio
619 3917 686 3958 non
713 3908 796 3958 nato
823 3898 980 3959 heredem
1007 3919 1080 3960 eree
1108 3917 1174 3960 non
1192 3919 1313 3980 poree:

267 3999 350 4082 quid
371 3999 427 4062 itte
449 4020 517 4060 non
545 3998 637 4061 dixit
662 4000 703 4059 de
726 4010 1015 4062 testamentorum
1040 3999 1134 4075 iure,
1160 4001 1202 4062 de
1223 4000 1311 4062 anti·

269 4102 346 4185 quie
362 4100 569 4192 formulis?
601 4101 703 4186 quid,
741 4102 1029 4184 quemadmodum
1068 4103 1172 4166 eeribi
1209 4124 1313 4184 opor-

269 4204 412 4279 tuisset,
436 4205 467 4267 oi
492 4206 595 4268 etiam
613 4203 701 4282 filio
723 4225 791 4268 non
817 4217 900 4269 nato
925 4207 1024 4268 heres
1050 4204 1314 4267 institueretur?
1377 4221 1379 4229 ¹

269 4325 372 4387 quam
396 4306 588 4387 captiosum
617 4327 689 4370 esee
717 4311 863 4390 populo,
897 4308 992 4394 quod
1017 4307 1186 4390 seriptum
1210 4319 1312 4383 erret,
