2984 4842
283 359 344 419 stt

285 529 367 592 erat,
393 531 423 579 et
452 517 560 580 Clodii
590 517 777 580 satellitibus
812 515 873 576 vitn
909 515 1114 589 attulerat,a
1147 516 1200 576 M.
1226 515 1336 578 'tullio

284 617 494 682 Albinovano
526 631 656 682 artotors
697 619 816 684 Clodio
851 623 890 682 do
926 619 956 680 vi
987 623 1058 702 lege
1096 617 1224 699 Lutatio
1258 640 1334 681 reus

286 720 409 795 lactus,
435 725 489 784 sed
513 743 528 782 a
553 720 685 784 crimine
709 720 861 784 liberatus
888 736 945 785 est.

351 841 479 904 Scholia
506 841 678 905 Bobiensia
703 841 733 902 in
761 853 905 924 orat.‘p.
932 843 1035 906 Sestio
1059 865 1092 924 p.
1118 843 1191 906 292.
1228 845 1337 904 ‘Hono

286 945 429 1005 eandem
463 966 603 1006 eausam
634 945 777 1024 plurimi
807 943 1056 1028 defenderunt:
1090 945 1126 1007 in
1155 945 1232 1028 quis
1246 944 1333 1036 fuit
1430 963 1434 972 ·

284 1049 325 1128 Q.
348 1047 566 1119 Hortensius
593 1049 645 1111 M.
676 1050 833 1120 Crassus,
863 1050 899 1112 C.
930 1047 1084 1111 Licinius
1102 1049 1233 1140 ¹Caluus
1251 1067 1335 1130 par-

285 1150 375 1210 tibus
399 1149 490 1210 iuter
518 1171 554 1210 se
573 1149 786 1223 distributis,
812 1171 897 1232 quas
923 1151 958 1212 in
978 1150 1114 1231 agendo
1140 1160 1333 1211 tuerentur.

289 1251 426 1312 Tullius
445 1252 638 1331 peroravit.

543 1447 591 1503 20.
633 1449 782 1504 Dissuasio
803 1449 874 1518 legis
895 1449 1080 1504 sumtnorioo.

352 1596 405 1656 M.
442 1595 587 1658 Licinius
629 1596 765 1661 Crassus
809 1610 839 1659 et
873 1596 936 1660 Cn.
971 1595 1145 1676 Pompeius
1182 1597 1337 1678 Magnus,

287 1699 382 1757 ambo
417 1696 529 1758 iterum
565 1698 727 1771 eonsules,
762 1720 790 1758 a.
826 1697 886 1760 699
920 1700 987 1774 (55)
1022 1697 1125 1776 legem
1160 1698 1197 1758 de
1230 1709 1336 1778 sumtu

288 1801 469 1859 coercendo
493 1799 753 1878 promulgarunt..
795 1799 874 1859 Eam
898 1795 1094 1860 Hortensius
1116 1795 1278 1874 dissuasit,
1305 1810 1337 1860 et

286 1910 436 1961 auctores
459 1897 520 1980 ipsi
544 1898 739 1960 abiecerunt.
766 1900 928 1961 Drurnann
952 1912 973 1962 t.
1000 1900 1030 1961 3.
1054 1921 1087 1982 p.
1113 1899 1165 1962 99.

351 2018 415 2082 Dio
441 2017 571 2080 Cassius
595 2019 652 2092 39,
684 2019 736 2082 37.
783 2013 827 2084 ‘0
849 2014 1026 2104 Πομπήϊος
1047 2026 1103 2084 καὶ
1132 2014 1149 2084 ὁ
1173 2014 1335 2111 Κράσσος

287 2125 493 2210 ἑπιχειρησαν
519 2127 573 2184 καὶ
598 2117 639 2184 τα
662 2116 866 2205 ἀναλώματα
890 2117 949 2202 τὴν
971 2122 1104 2187 δίαιταν
1128 2124 1178 2186 ἐπὶ
1204 2118 1332 2210 μακρό-

287 2247 386 2290 τατον
409 2224 620 2310 προσηγμένα
645 2227 826 2304 συστεῖλαι,
852 2226 909 2290 καί
935 2249 995 2308 περ
1022 2225 1054 2300 ἐς
1076 2219 1259 2290 adustioni
1281 2231 1337 2289 καὶ
1362 2311 1364 2319 Α

287 2325 416 2413 τρυφῆς
443 2325 500 2390 καὶ
524 2319 711 2415 ἁβρότητος
732 2321 1028 2415 προκεχωρηκότας·
1056 2321 1275 2406 ἐκωλύθησαν
1300 2328 1335 2390 δὲ

286 2421 342 2494 ὑπ’
361 2423 464 2492 αὐτοῦ
478 2422 610 2507 τούτου,
634 2429 693 2494 τοῦ
716 2429 1015 2512 ὃιανομοθετῆσαι.
1036 2423 1053 2493 ὁ
1074 2423 1334 2517 γὰρίθρτησιος,

286 2523 516 2619 φιλαναλωτος
546 2532 578 2596 ἐν
604 2535 673 2608 τοῖς
699 2527 845 2615 μάλιστα
879 2525 939 2608 ὢν,
963 2530 1087 2598 ἔπεισεν
1112 2527 1233 2608 αὐτοὺς
1261 2525 1334 2598 τότε

286 2632 487 2716 μέγεθος
449 2657 506 2712 της
520 2626 644 2709 πόλεως
661 2630 789 2713 ἐπεξιὼν
806 2639 862 2700 καὶ
877 2634 926 2700 ἐπὶ
942 2657 975 2700 τε
991 2635 1029 2726 τῇ
1044 2635 1131 2700 οἴκοι
1143 2633 1336 2722 πολοτελεὶα

286 2733 523 2826 ratiociniis
548 2730 623 2810 τοὺς
652 2731 773 2812 ἄλλους
798 2731 1109 2830 μιγαλοφροσονη’
1094 2735 1252 2815 ττταινῶν,
1276 2759 1336 2801 κα-

289 2839 446 2921 ταβαλοῑν
469 2833 560 2915 τὴν
551 2831 680 2922 νώμην
709 2827 731 2900 α’
760 2843 871 2904 τεκαὶ
897 2839 1122 2930 συναγωνιστῇ
1146 2839 1210 2903 τῶν
1230 2833 1337 2922 λόγων

290 2941 335 3028 τῷ
365 2941 428 3028 βίῳ
454 2939 547 3026 σφῶν
577 2933 751 3026 χρώμενος.
786 2934 844 3019 τήν
878 2965 911 3006 τε
940 2937 1004 3028 γὰρ
1033 2939 1220 3009 ἐναντίωσιν
1246 2936 1335 3006 αἰδε-

290 3007 431 3117 oiir'vssr
444 3046 500 3107 καὶ
520 3045 665 3165 προσέτι
673 3047 729 3106 καὶ
744 3039 1013 3124 κατοκνήσαντος,
1036 3037 1160 3133 φθόνῳ
1181 3047 1245 3112 τινὶ
1259 3038 1336 3120 τοὺς

290 3131 480 3220 ἄλλους,
456 3167 499 3207 ων
526 3138 621 3208 αὐτοὶ
651 3145 837 3223 ἐποιοῦντο,
867 3141 1023 3212 ὁοκεῐν
1004 3145 1184 3229 ακείρηειν,
1211 3140 1337 3220 ἑκόντες

291 3237 484 3333 ἀφῆκαν]
446 3240 504 3324 τὴν
526 3241 697 3330 εἰσήγησιν.

449 3440 496 3499 21.
538 3441 636 3501 Oratio
656 3458 708 3512 pro
727 3444 848 3502 Procilio
870 3445 967 3496 contra
988 3440 1017 3494 P.
1042 3439 1184 3495 Clodium.

353 3570 436 3634 Ἀοῑα
459 3584 505 3632 est
528 3593 621 3636 causa
650 3595 676 3640 a.
709 3575 770 3632 700
798 3573 878 3647 (sl).
924 3567 1088 3632 Procilius
1118 3567 1262 3630 tribunus
1285 3571 1332 3651 pl.

289 3693 318 3734 ο.
344 3673 405 3736 698
428 3675 495 3758 (56)
519 3698 588 3736 eum
623 3673 665 3738 C.
697 3672 821 3736 Catone
859 3684 889 3734 et
923 3671 1031 3735 Nonio
1055 3669 1205 3734 Sufenate
1233 3672 1333 3736 colle-

289 3774 338 3858 gis
368 3779 476 3839 turbas
510 3777 725 3848 excitaverat,
756 3787 788 3836 ut
817 3773 977 3856 Pompeio
1008 3786 1039 3837 st
1069 3773 1188 3856 Crasso
1217 3797 1334 3838 oonsu-

290 3878 385 3939 latum
397 3879 577 3959 petentibus
594 3877 714 3940 arixilio
731 3889 824 3939 esset.
861 3879 942 3940 Eum
959 3875 1119 3939 accusavit
1131 3878 1172 3941 Ρ.
1186 3875 1333 3952 Clodius,

289 3980 481 4043 Hortensius
499 3978 649 4042 defendit.
671 3977 744 4041 cie.
767 3983 806 4040 ad
833 3983 902 4044 Au.
926 3981 955 4053 lt,
977 3981 1026 4044 15.
1054 3977 1336 4043 Conf.Dru1nann

217 4088 220 4092 '
287 4092 311 4140 t.
337 4081 368 4142 3.
391 4105 425 4161 p.
451 4083 502 4145 99.
549 4083 600 4143 An
625 4103 702 4144 voro
728 4081 759 4142 io
786 4085 893 4146 eadent
918 4105 1010 4144 causa
1038 4081 1180 4144 Sufenati
1204 4103 1333 4166 quoque

288 4191 319 4240 st
350 4181 467 4244 Catoni
497 4183 653 4260 adiuerit,
691 4196 722 4246 ut
757 4183 788 4246 in
819 4183 1027 4249 Onomastico
1063 4183 1213 4246 Tulliano
1246 4205 1271 4244 s.
1300 4204 1334 4244 n.

287 4283 492 4345 Hortensius
514 4307 548 4364 p.
573 4287 632 4349 291
659 4285 794 4362 dietum,
822 4272 976 4350 incertum
998 4297 1056 4348 est.
