2992 4840
277 357 337 418 282

274 527 336 578 aut
355 535 430 578 mea
454 535 561 598 opero
584 528 788 596 quemquam
808 507 1119 596 cumtnmfecieee.
1143 511 1327 578 Biennium

264 616 335 707 fni
369 619 404 680 in
435 615 626 700 provincia.
672 612 709 676 si
738 613 810 673 aila
838 613 1009 674 meretrix
1041 613 1183 676 domum
1214 637 1327 678 meam

274 720 430 782 introivit
455 732 517 782 nat
543 718 747 799 cuiusquam
772 717 928 776 seruulus
951 727 1096 797 propter
1128 739 1180 780 me
1210 720 1324 782 colici-

274 835 369 884 εοεαε
390 834 460 894 est,
485 820 640 885 omnium
662 817 842 880 nationum
860 818 1175 898 postremissimum
1191 821 1348 911 nequie-=

276 926 468 1008 nimiumque
497 923 746 986 existimatote.
792 923 879 983 Cum
909 940 932 980 a
959 921 1067 982 seruis
1098 944 1219 984 eoram
1253 935 1326 986 tam

277 1039 369 1089 caste
393 1050 445 1088 me
468 1024 664 1100 habuerim,
689 1023 767 1084 inde
795 1022 955 1102 poteritis
975 1024 1216 1100 considerare,
1240 1047 1325 1109 qao·

276 1130 379 1192 modo
408 1151 461 1190 me
484 1128 613 1209 putetis
636 1148 715 1186 cum
739 1125 855 1186 liberie
880 1125 1002 1186 uestris
1028 1126 1170 1189 uixisse.
1215 1129 1324 1210 Atque

276 1232 321 1292 ibi
338 1254 379 1294 ex
393 1230 585 1294 intervallo:
610 1233 750 1312 Itaque,
773 1227 950 1310 Quirites,
972 1250 1051 1290 cnm
1068 1232 1214 1293 Romam
1239 1251 1325 1312 pro·

265 1334 394 1424 fectm
420 1355 515 1406 sitm,
540 1351 667 1404 zonae,
698 1350 783 1412 quae
808 1317 928 1409 plenae
953 1331 1093 1411 argenti
1114 1331 1243 1407 extuli,
1268 1353 1325 1396 eas

275 1461 322 1499 ex
339 1435 519 1516 provincia
543 1436 665 1495 inanes
689 1432 803 1494 retuii.
839 1432 912 1496 Alii
934 1431 1003 1494 vini
1019 1435 1217 1515 amphoras,
1238 1455 1325 1518 quaa

275 1543 394 1621 plenae
417 1541 590 1609 tulerunt,
615 1556 671 1596 eas
691 1547 839 1616 argento
866 1537 1015 1616 repletae
1037 1535 1178 1598 domum
1204 1559 1324 1619 repor-

277 1651 448 1702 taverunt.

314 1783 381 1843 apud
399 1781 546 1841 principio]
582 1784 600 1827 i.
615 1797 638 1830 c.
658 1784 681 1826 in
698 1783 857 1827 tabernaculis
877 1783 1019 1838 principum.
1040 1783 1162 1840 Principia
1182 1786 1291 1829 dicuntur
1305 1790 1325 1831 is

348 1877 415 1916 iocus
437 1877 582 1926 castrorum,
598 1871 638 1914 ubi
653 1872 788 1926 principes,
804 1872 820 1918 i.
834 1885 856 1918 e.
872 1872 1018 1926 imperator,
1034 1872 1133 1933 tribuni,
1147 1875 1230 1931 legati,
1245 1875 1325 1918 teber-

347 1963 431 2004 uincula
450 1961 578 2016 ponebant.
611 1960 696 2003 Festus
710 1973 733 2014 p.
750 1957 809 2003 224.
829 1958 985 2016 Principalis
1001 1966 1144 2004 castrorum
1153 1967 1229 2018 porta
1247 1963 1325 2006 nomi-

346 2054 440 2100 natur,
470 2047 535 2107 quod
558 2048 584 2091 in
606 2061 634 2091 eo
657 2048 711 2091 Ioco
733 2053 782 2101 cet,
817 2047 908 2106 inquo
929 2048 1063 2105 principer
1085 2048 1188 2094 ordines
1211 2048 1323 2095 tendunt.

348 2135 419 2180 cont.
434 2137 537 2180 Victorii
552 2137 611 2178 Ver.
629 2135 706 2179 Lectt.
729 2129 794 2194 3‚'6.
819 2136 928 2180 Schelius
950 2137 979 2179 ed
997 2136 1116 2196 Hyginum
1135 2151 1159 2194 p.
1178 2135 1220 2187 ⁵5.
1247 2139 1325 2183 Kreu-

348 2238 389 2268 τει-
407 2225 478 2267 unm.
501 2224 627 2280 antiquitt.
650 2237 672 2277 p.
689 2219 747 2267 386.

311 2347 448 2407 biennium]
485 2349 547 2393 idem
561 2349 705 2392 Plutarchus
718 2348 808 2404 reteri,
830 2354 854 2392 ut
873 2363 928 2392 mox
950 2350 1091 2395 ridebimus.

311 2473 449 2533 nationum]
487 2480 604 2518 natorum
624 2473 721 2528 Lipsius
740 2473 817 2518 Elect.
833 2473 865 2527 2,
886 2471 926 2534 3.‚
946 2477 969 2518 id
984 2480 1035 2528 est,
1058 2477 1164 2520 omnium
1186 2474 1323 2531 homiuum,

346 2565 385 2620 qui
411 2577 521 2620 umquam
543 2568 566 2606 et
586 2575 685 2618 usquam
705 2563 764 2606 noti.
794 2585 823 2596 -
853 2562 980 2606 latronum
1003 2563 1099 2608 coniicit
1121 2565 1140 2609 1.
1157 2563 1263 2608 Gronov.
1285 2579 1325 2620 pa·

351 2665 403 2695 rum
427 2653 596 2694 convenienter
620 2650 749 2696 contextui.
769 2652 880 2694 omnium
897 2650 1024 2696 hominum
1037 2657 1153 2696 natorum
1174 2653 1263 2706 Belua,
1286 2654 1326 2710 qui

349 2737 421 2781 Geliii
443 2738 532 2781 librum
552 2739 574 2781 in
595 2737 722 2802 Anglicum
741 2751 878 2782 sermonem
899 2739 981 2783 vertit.
1014 2749 1016 2754 ’

307 2859 413 2918 inance]
451 2875 480 2906 cx
497 2865 551 2906 cod.
566 2863 635 2919 regio
648 2861 800 2909 Duebnerue.
816 2875 910 2907 vacuae
923 2865 1003 2922 erugo.

342 2981 535 3044 Plutarchus
561 2980 643 3043 idem
672 2981 884 3066 fragmentum
914 2983 1082 3046 orationis'
1098 2983 1325 3061 Gracchanae,

278 3104 371 3166 quam
406 3086 490 3163 apud
522 3104 671 3146 censores
701 3083 733 3146 in
766 3084 917 3147 contione
947 3089 986 3147 ad
1016 3087 1168 3168 populum
1197 3086 1326 3163 habuit,

278 3183 397 3247 retulit.
421 3206 449 3246 c.
466 3185 497 3246 2.
544 3181 589 3249 (hi
613 3183 678 3270 μην
703 3182 790 3250 ἀλλὰ
812 3189 1012 3278 κατηγορίας
1035 3185 1125 3278 αὐτῷ
1154 3193 1327 3275 γενομένης

279 3287 410 3352 ἐπὶτῶν
429 3287 587 3372 τιμητῶν,
611 3282 831 3372 ἀιτησάμενος
851 3285 951 3375 λόγον
974 3280 1058 3354 οὕτω
1077 3293 1252 3376 μετέστησε
1267 3287 1327 3367 τὰς

278 3382 411 3474 γνώμας
432 3389 495 3452 τῶν
517 3383 744 3468 ἀκουσάντων,
777 3381 819 3467 iic
845 3387 873 3455 τ’
887 3387 1047 3458 ἀπελθεῖν
1070 3387 1259 3472 ἠδικῆσθαι
1285 3390 1327 3457 τὰ

277 3494 416 3576 μέγιστα
440 3484 549 3570 δόξας.
578 3491 824 3579 ἐστρατεῦσθαι
848 3489 912 3584 γάρ
936 3493 999 3584 ἔφη
1023 3491 1148 3560 δώδεκα
1170 3494 1242 3575 ἔτη,
1265 3496 1328 3560 τῶν

280 3589 388 3658 ἀλλων
411 3594 489 3658 δέκα
512 3595 778 3678 στρατευομένων
798 3595 831 3674 ἐξ
852 3591 1015 3681 ἀνάγκης,
1039 3593 1200 3682 ταμιεύων
1225 3599 1259 3661 δὲ
1283 3596 1328 3685 τῷ

281 3696 455 3784 στρατηγῷ
477 3699 781 3781 παραμεμενηκέναι
803 3698 940 3776 διετίαν,
972 3699 1032 3763 τοῦ
1046 3695 1156 3787 Ινόμου
1175 3694 1241 3784 μετ’
1265 3699 1328 3763 ἑνι-

280 3793 382 3861 αυτὸν
397 3798 592 3862 ἐπανελθεῖν
611 3791 777 3874 διδόντος·
791 3794 894 3884 μόνος
910 3801 945 3865 δὲ
961 3800 1329 3890 τῶνστρατευσαμένων

278 3899 398 3987 πλῆρες
428 3893 466 3962 τὸ
496 3893 697 3980 βαλλάντιον
726 3899 945 3987 ἐιςενηνογώς,
975 3899 1067 3968 κενὸν
1093 3903 1328 3988 ἐξενηνοχέναι,

277 3996 356 4076 τοὺς
379 3995 410 4062 δ’
424 3995 546 4074 ἄλλους
563 3994 751 4079 ἐκπιόντας,
777 3994 815 4067 ὃν
837 3999 1022 4089 εἰςήνεγκαν
1041 3995 1149 4084 οἶνον,
1169 4000 1329 4092 ἀργυρίου

279 4107 333 4166 καὶ
345 4103 484 4190 χρυσίου
497 4097 638 4185 μεστοὺς
651 4103 746 4192 δεῦρο
762 4102 840 4183 τοὺς
852 4102 1014 4199 ἀμφορεῖς
1027 4099 1115 4189 ίίκειν
1126 4109 1329 4194 κομίζοντας.

315 4222 427 4278 δώδεκα
447 4223 511 4294 ἔτη]
548 4233 624 4286 prima
644 4233 716 4290 igitur
735 4231 852 4287 stipendia
873 4237 961 4278 meruit
980 4250 1002 4280 ι.
1018 4229 1067 4280 618
1087 4229 1178 4295 (136),
1197 4235 1329 4280 octodecim

350 4329 425 4361 annos
442 4317 493 4362 iere
513 4323 591 4362 natue.
