2976 4844
258 369 317 432 ddi

258 529 419 594 Turium.
472 527 509 593 si
533 545 601 590 non
633 528 755 591 melior
783 527 915 593 Gellius
937 540 988 592 est
1011 529 1148 603 Turio,
1181 533 1305 614 potius

255 643 391 715 oportet
408 632 502 694 orodi
524 631 614 694 unde
636 632 781 712 petitur.

291 777 340 824 duo
359 792 403 824 ree
419 775 572 838 gessissent]
608 775 674 838 quod
689 778 754 822 inter
772 775 834 822 duos
853 783 937 822 ortum
955 783 1002 832 eet,
1023 791 1095 833 supra
1115 777 1210 824 Gettius
1230 784 1307 826 inter-

326 872 434 923 pretetus
455 872 502 912 est.
539 865 606 925 qnod
620 865 669 911 dno
687 867 727 910 ree'
744 867 888 926 gessissent
910 867 926 910 i.
947 881 970 914 e.
987 869 1008 910 is
1027 869 1065 924 qui
1086 869 1145 922 petit
1164 873 1189 913 et
1207 871 1228 913 is
1246 872 1307 914 nude

327 957 428 1012 petitur.
473 955 578 1014 Rntgers
600 956 747 1003 Vsr.1.eet.
768 958 804 1008 V.
828 953 870 1000 tt.
892 955 962 1010 prob.
987 955 1110 1002 Maiensio
1132 971 1155 1012 p.
1181 953 1225 1002 34.
1263 971 1306 1006 ru

327 1057 421 1106 gerere
446 1047 550 1100 expuent
569 1044 663 1100 Popmn
686 1059 727 1088 res
749 1045 902 1092 contrahere.

294 1167 431 1226 utiteetss]
467 1175 529 1224 „eut
549 1171 632 1225 supple
656 1170 701 1224 ito,
729 1175 771 1214 eut
793 1181 837 1224 pro
862 1170 897 1213 uti
923 1172 975 1228 lege
1001 1169 1043 1214 odi
1065 1181 1118 1214 cum
1138 1169 1258 1216 Salmasio
1280 1174 1308 1216 de

329 1261 403 1304 Modo
430 1259 565 1304 Usurarnm
588 1271 611 1302 e.
632 1256 694 1302 11.“
715 1279 746 1292 -
765 1259 909 1304 Maiensius.

193 1396 197 1402 ’
292 1384 452 1441 sponsionem
463 1381 603 1444 sedissent]
650 1383 804 1438 sponsionem
833 1383 915 1428 fecere
946 1382 1051 1439 explieat
1081 1383 1141 1428 Rein
1169 1385 1218 1428 Des
1244 1386 1306 1434 stim.

329 1473 482 1518 Privstreeht
508 1487 531 1528 p.
557 1470 617 1518 450.
643 1485 682 1529 sq.
708 1471 832 1518 Pinnetem
861 1468 990 1530 seeiusnt
1025 1474 1130 1518 illustret
1162 1472 1309 1518 Garatonius

328 1564 356 1605 ed
381 1561 433 1606 Cic.
456 1576 493 1610 or.
520 1575 564 1616 pro
592 1561 691 1617 Quintio
719 1574 742 1604 c.
771 1557 811 1604 14.
839 1575 883 1620 eo,
927 1563 990 1618 quod
1020 1561 1092 1605 ambo
1119 1563 1307 1618 spoponderunt.

327 1649 494 1708 Sponsionem
518 1650 582 1694 enim
598 1645 692 1714 secere
714 1662 760 1692 non
782 1649 861 1693 miuus
886 1654 953 1692 sotor
971 1663 1042 1706 quem
1063 1663 1118 1693 reus
1139 1651 1237 1694 dicitur.

295 1775 323 1819 ni
346 1773 395 1834 nir]
430 1777 466 1819 De
484 1775 598 1818 turmulis
618 1776 775 1828 sponsionum
785 1787 808 1816 v.
822 1774 851 1818 F.
863 1774 893 1818 1..
904 1775 991 1820 Keller
1010 1775 1142 1823 semestris
1156 1779 1173 1818 t.
1191 1775 1215 1820 t.
1228 1790 1252 1831 p.
1265 1771 1309 1822 31.

296 1900 361 1946 unde
383 1898 489 1958 petitur]
526 1904 655 1955 oppositus
677 1901 765 1954 petitor
783 1900 814 1953 ei,
839 1901 898 1944 unde
921 1901 1019 1955 petitur,
1044 1901 1094 1945 sive
1117 1916 1169 1945 reo.
1209 1902 1261 1950 Cic.
1279 1903 1308 1946 de

330 1989 399 2034 Oret.
424 1986 448 2043 1,
473 1985 517 2036 37.
538 1987 693 2045 postulabat,
715 1993 741 2032 ut
760 1988 809 2042 illi,
832 1987 896 2032 unde
915 1994 1052 2046 peteretur,
1080 1995 1149 2034 retus
1167 1995 1241 2050 atque
1258 1993 1310 2035 nei·

328 2083 382 2122 tota
405 2079 523 2136 exceptio
544 2075 659 2120 duretur.

325 2196 450 2260 Nonius
480 2217 515 2276 p.
546 2195 621 2259 149.
677 2195 879 2258 Plebitatem
910 2195 1159 2279 ignobilitatem.
1221 2203 1310 2263 Coto

255 2321 325 2384 pro
351 2300 516 2368 Veturio:
541 2302 690 2380 Propter
712 2300 916 2361 tenuitatem
940 2311 973 2361 et
995 2301 1207 2381 plenitatem.

293 2444 353 2492 Coto
370 2461 418 2504 pro
437 2443 550 2504 Veturio]
588 2442 649 2489 Coto
667 2443 762 2502 prol..
785 2443 865 2489 Turio
883 2445 1008 2503 legendum
1030 2453 1112 2492 censet
1131 2449 1264 2491 Maiensius
1286 2463 1309 2504 p.

330 2533 372 2582 35.
410 2549 455 2594 ego
478 2549 535 2580 vero
556 2531 625 2578 Cotto
643 2547 694 2591 pro
708 2531 820 2587 Veturio,
850 2539 874 2576 ut
899 2547 970 2587 supra
993 2535 1096 2579 diximus
1121 2549 1144 2590 p.
1162 2531 1204 2580 66.

321 2655 448 2719 Nonius
471 2678 506 2737 p.
533 2641 606 2718 1‘37.
651 2653 894 2728 Mnsimones‚
927 2653 1019 2729 esini,
1052 2655 1127 2718 muli
1152 2666 1204 2718 aut
1234 2653 1308 2740 eqni

260 2747 388 2822 breues.
413 2803 453 2813 -
477 2761 564 2823 Coto
591 2757 791 2822 Deletorio:
822 2758 971 2820 Asinum
993 2770 1054 2820 ant
1080 2759 1307 2822 mosimonem

258 2871 321 2924 ant
349 2861 506 2923 arietem.
683 2847 688 2854 ⁶

296 3003 356 3052 Coto
373 3005 515 3066 Deletorio]
558 3006 618 3052 Coto
636 3005 666 3052 de
687 3006 717 3050 L.
742 3005 824 3052 Turio
847 3009 973 3066 legendum
1001 3007 1100 3052 coniicit
1122 3007 1258 3052 Maiensius
1285 3021 1308 3062 p.

332 3093 373 3142 35.
413 3097 438 3142 ln
460 3097 542 3153 priore
562 3097 666 3140 editione
689 3098 843 3141 emendatam
863 3092 923 3140 Coto
945 3095 975 3142 do
995 3094 1123 3142 Laetorio.
1208 3135 1211 3140 .

563 3290 610 3348 88.
645 3290 747 3346 Suasio
767 3291 840 3362 legis
861 3289 1003 3348 Maeuiae.

327 3421 381 3484 Ex
408 3421 592 3505 fragmento
617 3422 793 3496 orationis,
824 3425 911 3505 quod
934 3432 1095 3502 superest,
1123 3431 1234 3503 patere
1262 3419 1310 3480 vi·

261 3526 372 3598 detur,
402 3544 469 3585 eam
497 3524 696 3606 temporibus
725 3523 802 3587 belli
831 3545 902 3586 oum
930 3521 1096 3587 Antiocho
1122 3544 1199 3606 rege
1228 3521 1309 3606 gesti

261 3625 401 3688 habitam
427 3647 506 3689 esse.
553 3629 616 3689 Sed
643 3649 724 3711 qnae
749 3626 792 3689 sit
813 3628 866 3689 lex
889 3625 1031 3701 Maeuia,
1054 3648 1071 3688 a
1095 3625 1183 3688 nulio
1205 3625 1310 3706 serip-

260 3739 333 3798 tose
357 3727 560 3791 illustratum.
605 3731 721 3814 (Haeo
750 3729 832 3792 enim
862 3731 917 3792 lex
947 3727 1078 3792 Maeuia
1106 3726 1232 3790 diuersa
1263 3739 1311 3789 ost

262 3830 409 3908 ets-issa,
440 3831 529 3894 euius
565 3833 705 3894 meminit
735 3836 845 3896 Varro
882 3836 965 3913 npnd
1000 3831 1174 3907 Nonium).
1221 3832 1312 3910 Pop-

261 3953 312 3996 sna
342 3935 482 3996 mutabat
521 3937 580 3996 tex
616 3936 794 4008 Maenio,·
813 3939 881 3996 sed
909 3934 994 3996 nulle
1028 3945 1075 3997 est
1105 3932 1212 4010 ratio,
1250 3952 1312 4016 qne

263 4037 446 4100 coniectura
473 4038 664 4119 probetur.»
690 4036 871 4099 Lex-enim
902 4038 1051 4113 Maenia,
1080 4055 1162 4122 quae
1189 4034 1312 4098 aliunde

262 4152 338 4204 uota
364 4152 435 4218 est,
469 4143 516 4200 ab·
536 4141 598 4200 hac
624 4159 717 4202 causa
742 4139 856 4202 aliena.

327 4241 512 4318 Rrisoianus
536 4243 579 4303 T.
606 4243 636 4303 1.
661 4263 696 4322 p.
722 4241 796 4305 549.
842 4247 897 4307 M.
922 4247 1010 4309 caro
1035 4242 1071 4306 in
1098 4241 1313 4324 legis-Moe·

265 4345 339 4409 vioe
364 4345 546 4407 suasione:
575 4347 654 4408 Rex
683 4346 843 4410 Seleucus
872 4366 973 4408 arma
1003 4345 1179 4408 nostratia
1202 4343 1311 4432 facit.
