<?xml version="1.0" encoding="UTF-8"?>
<!DOCTYPE html PUBLIC "-//W3C//DTD XHTML 1.0 Transitional//EN"
    "http://www.w3.org/TR/xhtml1/DTD/xhtml1-transitional.dtd">
<html xmlns="http://www.w3.org/1999/xhtml" xml:lang="en" lang="en">
 <head>
  <title>
</title>
<meta http-equiv="Content-Type" content="text/html;charset=utf-8" />
  <meta name='ocr-system' content='tesseract 3.04.00' />
  <meta name='ocr-capabilities' content='ocr_page ocr_carea ocr_par ocr_line ocrx_word'/>
</head>
<body>
  <div class='ocr_page' id='page_1' title='image "./oratorumromanor02meyegoog_0286.png"; bbox 0 0 2992 4844; ppageno 0'>
   <div class='ocr_carea' id='block_1_1' title="bbox 425 571 1100 644">
    <p class='ocr_par' dir='ltr' id='par_1_1' title="bbox 425 571 1100 644">
     <span class='ocr_line' id='line_1_1' title="bbox 425 571 1100 644; baseline -0.009 -14"><span class='ocrx_word' id='word_1_1' title='bbox 425 575 453 631; x_wconf 91' lang='lat'><em>5.</em></span> <span class='ocrx_word' id='word_1_2' title='bbox 494 573 592 629; x_wconf 80' lang='lat' dir='ltr'><em>Oratio</em></span> <span class='ocrx_word' id='word_1_3' title='bbox 610 588 662 644; x_wconf 85' lang='lat' dir='ltr'><em>pro</em></span> <span class='ocrx_word' id='word_1_4' title='bbox 682 572 714 628; x_wconf 86' lang='lat' dir='ltr'><em>L.</em></span> <span class='ocrx_word' id='word_1_5' title='bbox 737 571 875 628; x_wconf 82' lang='lat' dir='ltr'><em>Caerucio</em></span> <span class='ocrx_word' id='word_1_6' title='bbox 894 571 930 625; x_wconf 85' lang='lat' dir='ltr'><em>ud</em></span> <span class='ocrx_word' id='word_1_7' title='bbox 953 571 1100 641; x_wconf 86' lang='lat' dir='ltr'><em>populum.</em></span> 
     </span>
    </p>
   </div>
   <div class='ocr_carea' id='block_1_2' title="bbox 172 700 1289 1496">
    <p class='ocr_par' dir='ltr' id='par_1_2' title="bbox 243 700 1289 982">
     <span class='ocr_line' id='line_1_2' title="bbox 310 700 1289 787; baseline -0.006 -19"><span class='ocrx_word' id='word_1_8' title='bbox 310 711 420 769; x_wconf 85' lang='lat' dir='ltr'><em>Annus</em></span> <span class='ocrx_word' id='word_1_9' title='bbox 449 704 598 776; x_wconf 76' lang='lat' dir='ltr'><em>incertus,</em></span> <span class='ocrx_word' id='word_1_10' title='bbox 626 725 691 787; x_wconf 84' lang='lat' dir='ltr'><em>quo</em></span> <span class='ocrx_word' id='word_1_11' title='bbox 718 701 815 764; x_wconf 78' lang='lat' dir='ltr'><em>fuerit</em></span> <span class='ocrx_word' id='word_1_12' title='bbox 843 700 962 762; x_wconf 84' lang='lat' dir='ltr'><em>habita.</em></span> <span class='ocrx_word' id='word_1_13' title='bbox 1008 701 1071 762; x_wconf 88' lang='lat' dir='ltr'><em>Sed</em></span> <span class='ocrx_word' id='word_1_14' title='bbox 1088 711 1159 762; x_wconf 87' lang='lat' dir='ltr'>ante</span> <span class='ocrx_word' id='word_1_15' title='bbox 1176 719 1289 762; x_wconf 74' lang='lat' dir='ltr'><em>annunt</em></span> 
     </span>
     <span class='ocr_line' id='line_1_3' title="bbox 245 801 1288 890; baseline -0.006 -20"><span class='ocrx_word' id='word_1_16' title='bbox 245 809 306 870; x_wconf 76' lang='grc'><em>662</em></span> <span class='ocrx_word' id='word_1_17' title='bbox 338 809 424 882; x_wconf 67' lang='lat' dir='ltr'><em>iiii),</em></span> <span class='ocrx_word' id='word_1_18' title='bbox 461 827 526 890; x_wconf 87' lang='lat' dir='ltr'><em>quo</em></span> <span class='ocrx_word' id='word_1_19' title='bbox 563 827 645 868; x_wconf 82' lang='lat' dir='ltr'>anno</span> <span class='ocrx_word' id='word_1_20' title='bbox 680 804 820 868; x_wconf 87' lang='lat' dir='ltr'><em>Rutilius</em></span> <span class='ocrx_word' id='word_1_21' title='bbox 852 804 884 866; x_wconf 93' lang='lat' dir='ltr'><em>in</em></span> <span class='ocrx_word' id='word_1_22' title='bbox 916 801 1046 865; x_wconf 83' lang='lat' dir='ltr'><em>exilium</em></span> <span class='ocrx_word' id='word_1_23' title='bbox 1076 802 1194 865; x_wconf 83' lang='lat' dir='ltr'><em>eiectus</em></span> <span class='ocrx_word' id='word_1_24' title='bbox 1228 814 1288 882; x_wconf 82' lang='lat' dir='ltr'>est,</span> 
     </span>
     <span class='ocr_line' id='line_1_4' title="bbox 243 909 659 982; baseline -0.01 -9"><span class='ocrx_word' id='word_1_25' title='bbox 243 910 401 982; x_wconf 81' lang='lat' dir='ltr'>habitam,</span> <span class='ocrx_word' id='word_1_26' title='bbox 424 909 500 970; x_wconf 88' lang='lat' dir='ltr'><em>satis</em></span> <span class='ocrx_word' id='word_1_27' title='bbox 524 921 659 972; x_wconf 86' lang='lat' dir='ltr'>constat.</span> 
     </span>
    </p>

    <p class='ocr_par' dir='ltr' id='par_1_3' title="bbox 307 1009 937 1094">
     <span class='ocr_line' id='line_1_5' title="bbox 307 1009 937 1094; baseline -0.005 -20"><span class='ocrx_word' id='word_1_28' title='bbox 307 1014 540 1094; x_wconf 77' lang='lat' dir='ltr'><strong>Argumentum</strong></span> <span class='ocrx_word' id='word_1_29' title='bbox 566 1009 723 1074; x_wconf 78' lang='lat' dir='ltr'><em>orationis</em></span> <span class='ocrx_word' id='word_1_30' title='bbox 753 1011 937 1072; x_wconf 79' lang='lat' dir='ltr'><em>obscurum.</em></span> 
     </span>
    </p>

    <p class='ocr_par' dir='ltr' id='par_1_4' title="bbox 242 1110 1289 1298">
     <span class='ocr_line' id='line_1_6' title="bbox 308 1110 1289 1194; baseline -0.004 -16"><span class='ocrx_word' id='word_1_31' title='bbox 308 1115 482 1178; x_wconf 84' lang='lat' dir='ltr'><strong>Diomedes</strong></span> <span class='ocrx_word' id='word_1_32' title='bbox 509 1136 541 1194; x_wconf 90' lang='lat' dir='ltr'><em>p.</em></span> <span class='ocrx_word' id='word_1_33' title='bbox 568 1114 642 1175; x_wconf 79' lang='lat'><strong>372.</strong></span> <span class='ocrx_word' id='word_1_34' title='bbox 689 1117 726 1176; x_wconf 88' lang='lat' dir='ltr'><em>P.</em></span> <span class='ocrx_word' id='word_1_35' title='bbox 756 1113 908 1176; x_wconf 71' lang='lat' dir='ltr'><em>Rutilius</em></span> <span class='ocrx_word' id='word_1_36' title='bbox 939 1112 979 1174; x_wconf 83' lang='lat' dir='ltr'><em>de</em></span> <span class='ocrx_word' id='word_1_37' title='bbox 1013 1112 1084 1174; x_wconf 82' lang='lat' dir='ltr'><em>vita</em></span> <span class='ocrx_word' id='word_1_38' title='bbox 1116 1132 1195 1174; x_wconf 78' lang='lat' dir='ltr'>sna:</span> <span class='ocrx_word' id='word_1_39' title='bbox 1223 1110 1289 1174; x_wconf 89' lang='lat' dir='ltr'><em>Uni</em></span> 
     </span>
     <span class='ocr_line' id='line_1_7' title="bbox 242 1214 1288 1298; baseline -0.004 -16"><span class='ocrx_word' id='word_1_40' title='bbox 242 1239 312 1282; x_wconf 84' lang='lat' dir='ltr'><em>una</em></span> <span class='ocrx_word' id='word_1_41' title='bbox 332 1229 504 1281; x_wconf 77' lang='lat' dir='ltr'>ostentatu</span> <span class='ocrx_word' id='word_1_42' title='bbox 529 1228 593 1278; x_wconf 77' lang='lat' dir='ltr'><em>eet.</em></span> <span class='ocrx_word' id='word_1_43' title='bbox 638 1217 716 1278; x_wconf 84' lang='lat' dir='ltr'>Item</span> <span class='ocrx_word' id='word_1_44' title='bbox 744 1237 810 1298; x_wconf 81' lang='lat' dir='ltr'><em>pro</em></span> <span class='ocrx_word' id='word_1_45' title='bbox 840 1214 950 1277; x_wconf 86' lang='lat' dir='ltr'><em>Lucio</em></span> <span class='ocrx_word' id='word_1_46' title='bbox 974 1214 1140 1278; x_wconf 80' lang='lat' dir='ltr'><em>Caerucio</em></span> <span class='ocrx_word' id='word_1_47' title='bbox 1161 1215 1208 1276; x_wconf 82' lang='lat' dir='ltr'><em>au</em></span> <span class='ocrx_word' id='word_1_48' title='bbox 1225 1237 1288 1296; x_wconf 87' lang='lat' dir='ltr'><em>po·</em></span> 
     </span>
    </p>

    <p class='ocr_par' dir='ltr' id='par_1_5' title="bbox 172 1316 1287 1404">
     <span class='ocr_line' id='line_1_8' title="bbox 172 1316 1287 1404; baseline -0.004 -20"><span class='ocrx_word' id='word_1_49' title='bbox 172 1365 211 1389; x_wconf 71' lang='grc'><em>,.</em></span> <span class='ocrx_word' id='word_1_50' title='bbox 239 1324 361 1404; x_wconf 85' lang='lat' dir='ltr'><em>pulum</em></span> <span class='ocrx_word' id='word_1_51' title='bbox 376 1342 416 1382; x_wconf 85' lang='lat' dir='ltr'><em>ex</em></span> <span class='ocrx_word' id='word_1_52' title='bbox 435 1322 495 1381; x_wconf 85' lang='lat' dir='ltr'><em>hoc</em></span> <span class='ocrx_word' id='word_1_53' title='bbox 516 1317 673 1381; x_wconf 81' lang='lat' dir='ltr'><strong>derivavit</strong></span> <span class='ocrx_word' id='word_1_54' title='bbox 688 1316 910 1399; x_wconf 75' lang='lat' dir='ltr'><em>participiuinz</em></span> <span class='ocrx_word' id='word_1_55' title='bbox 931 1317 1024 1400; x_wconf 79' lang='lat' dir='ltr'><em>quod</em></span> <span class='ocrx_word' id='word_1_56' title='bbox 1042 1339 1107 1400; x_wconf 83' lang='lat' dir='ltr'><em>ego</em></span> <span class='ocrx_word' id='word_1_57' title='bbox 1120 1339 1172 1379; x_wconf 83' lang='lat' dir='ltr'><em>me</em></span> <span class='ocrx_word' id='word_1_58' title='bbox 1186 1339 1287 1400; x_wconf 73' lang='lat' dir='ltr'>spero</span> 
     </span>
    </p>

    <p class='ocr_par' dir='ltr' id='par_1_6' title="bbox 241 1434 811 1496">
     <span class='ocr_line' id='line_1_9' title="bbox 241 1434 811 1496; baseline -0.011 -8"><span class='ocrx_word' id='word_1_59' title='bbox 241 1435 468 1496; x_wconf 65' lang='lat' dir='ltr'><em>ostentarunt,</em></span> <span class='ocrx_word' id='word_1_60' title='bbox 494 1443 558 1484; x_wconf 92' lang='lat' dir='ltr'><em>non</em></span> <span class='ocrx_word' id='word_1_61' title='bbox 581 1434 811 1484; x_wconf 75' lang='lat' dir='ltr'><em>ostensurum.</em></span> 
     </span>
    </p>
   </div>
   <div class='ocr_carea' id='block_1_3' title="bbox 277 1563 1287 2064">
    <p class='ocr_par' dir='ltr' id='par_1_7' title="bbox 277 1563 1287 1714">
     <span class='ocr_line' id='line_1_10' title="bbox 277 1563 1287 1627; baseline -0.002 -15"><span class='ocrx_word' id='word_1_62' title='bbox 277 1573 401 1612; x_wconf 72' lang='lat' dir='ltr'><em>octontuta</em></span> <span class='ocrx_word' id='word_1_63' title='bbox 426 1566 474 1625; x_wconf 76' lang='lat' dir='ltr'>eet]</span> <span class='ocrx_word' id='word_1_64' title='bbox 511 1564 645 1627; x_wconf 78' lang='lat' dir='ltr'><em>legendum</em></span> <span class='ocrx_word' id='word_1_65' title='bbox 666 1571 796 1610; x_wconf 70' lang='lat' dir='ltr'><em>ostentu</em></span> <span class='ocrx_word' id='word_1_66' title='bbox 818 1571 880 1620; x_wconf 75' lang='lat' dir='ltr'>eet,</span> <span class='ocrx_word' id='word_1_67' title='bbox 910 1563 976 1625; x_wconf 83' lang='lat' dir='ltr'><em>quod</em></span> <span class='ocrx_word' id='word_1_68' title='bbox 1000 1565 1082 1624; x_wconf 69' lang='lat' dir='ltr'><em>quivis</em></span> <span class='ocrx_word' id='word_1_69' title='bbox 1101 1563 1198 1620; x_wconf 81' lang='lat' dir='ltr'><em>videat,</em></span> <span class='ocrx_word' id='word_1_70' title='bbox 1226 1564 1287 1610; x_wconf 85' lang='lat' dir='ltr'><em>Dto-</em></span> 
     </span>
     <span class='ocr_line' id='line_1_11' title="bbox 312 1654 886 1714; baseline 0 -16"><span class='ocrx_word' id='word_1_71' title='bbox 312 1655 393 1699; x_wconf 72' lang='lat' dir='ltr'><em>inedie</em></span> <span class='ocrx_word' id='word_1_72' title='bbox 411 1657 493 1698; x_wconf 84' lang='lat' dir='ltr'><em>locum</em></span> <span class='ocrx_word' id='word_1_73' title='bbox 513 1656 603 1714; x_wconf 73' lang='lat' dir='ltr'>legent</span> <span class='ocrx_word' id='word_1_74' title='bbox 623 1661 726 1699; x_wconf 76' lang='lat' dir='ltr'><em>attento.</em></span> <span class='ocrx_word' id='word_1_75' title='bbox 764 1654 886 1699; x_wconf 75' lang='lat' dir='ltr'><em>Duebnen.</em></span> 
     </span>
    </p>

    <p class='ocr_par' dir='ltr' id='par_1_8' title="bbox 277 1737 1287 2064">
     <span class='ocr_line' id='line_1_12' title="bbox 277 1737 1287 1800; baseline -0.003 -13"><span class='ocrx_word' id='word_1_76' title='bbox 277 1737 1287 1800; x_wconf 42' lang='lat' dir='ltr'><em>mpstfflmfflpwmssffinm.fflmstfflm</em></span> 
     </span>
     <span class='ocr_line' id='line_1_13' title="bbox 311 1829 1286 1890; baseline -0.002 -15"><span class='ocrx_word' id='word_1_77' title='bbox 311 1831 416 1876; x_wconf 74' lang='lat' dir='ltr'>ennead</span> <span class='ocrx_word' id='word_1_78' title='bbox 435 1833 569 1887; x_wconf 82' lang='lat' dir='ltr'><em>populum:</em></span> <span class='ocrx_word' id='word_1_79' title='bbox 592 1829 662 1890; x_wconf 81' lang='lat' dir='ltr'><em>Quod</em></span> <span class='ocrx_word' id='word_1_80' title='bbox 681 1843 729 1890; x_wconf 79' lang='lat' dir='ltr'><em>ego</em></span> <span class='ocrx_word' id='word_1_81' title='bbox 751 1844 789 1872; x_wconf 81' lang='lat' dir='ltr'><em>me</em></span> <span class='ocrx_word' id='word_1_82' title='bbox 809 1843 883 1888; x_wconf 76' lang='lat' dir='ltr'>opero</span> <span class='ocrx_word' id='word_1_83' title='bbox 904 1837 1068 1875; x_wconf 73' lang='lat' dir='ltr'><em>ostentatum.</em></span> <span class='ocrx_word' id='word_1_84' title='bbox 1106 1832 1237 1875; x_wconf 78' lang='lat' dir='ltr'><em>Maiansius</em></span> <span class='ocrx_word' id='word_1_85' title='bbox 1260 1844 1286 1886; x_wconf 84' lang='lat' dir='ltr'><em>p.</em></span> 
     </span>
     <span class='ocr_line' id='line_1_14' title="bbox 315 1915 1285 1978; baseline -0.001 -16"><span class='ocrx_word' id='word_1_86' title='bbox 315 1918 344 1964; x_wconf 81' lang='lat'><em>15</em></span> <span class='ocrx_word' id='word_1_87' title='bbox 365 1923 477 1963; x_wconf 76' lang='lat' dir='ltr'>adnotat.</span> <span class='ocrx_word' id='word_1_88' title='bbox 498 1915 563 1970; x_wconf 81' lang='lat' dir='ltr'><em>„Hoc</em></span> <span class='ocrx_word' id='word_1_89' title='bbox 570 1915 749 1978; x_wconf 77' lang='lat' dir='ltr'><em>fragmentum</em></span> <span class='ocrx_word' id='word_1_90' title='bbox 771 1930 904 1975; x_wconf 78' lang='lat' dir='ltr'><strong><em>perperam</em></strong></span> <span class='ocrx_word' id='word_1_91' title='bbox 923 1915 1011 1962; x_wconf 81' lang='lat' dir='ltr'><em>Catoni</em></span> <span class='ocrx_word' id='word_1_92' title='bbox 1023 1919 1111 1962; x_wconf 77' lang='lat' dir='ltr'><em>tribuit</em></span> <span class='ocrx_word' id='word_1_93' title='bbox 1126 1918 1285 1972; x_wconf 69' lang='lat' dir='ltr'><em>Priscianus,</em></span> 
     </span>
     <span class='ocr_line' id='line_1_15' title="bbox 311 2005 1285 2064; baseline -0.001 -13"><span class='ocrx_word' id='word_1_94' title='bbox 311 2022 367 2051; x_wconf 84' lang='lat' dir='ltr'><em>cum</em></span> <span class='ocrx_word' id='word_1_95' title='bbox 398 2005 516 2052; x_wconf 82' lang='lat' dir='ltr'><em>Diomedi</em></span> <span class='ocrx_word' id='word_1_96' title='bbox 549 2006 686 2064; x_wconf 76' lang='lat' dir='ltr'><em>antiquiori</em></span> <span class='ocrx_word' id='word_1_97' title='bbox 712 2007 798 2063; x_wconf 70' lang='lat' dir='ltr'><em>potius</em></span> <span class='ocrx_word' id='word_1_98' title='bbox 829 2006 933 2051; x_wconf 81' lang='lat' dir='ltr'><em>eredere</em></span> <span class='ocrx_word' id='word_1_99' title='bbox 963 2006 1122 2052; x_wconf 73' lang='lat' dir='ltr'><em>debeamue.“</em></span> <span class='ocrx_word' id='word_1_100' title='bbox 1153 2031 1181 2041; x_wconf 99' lang='lat'>-</span> <span class='ocrx_word' id='word_1_101' title='bbox 1214 2005 1285 2050; x_wconf 77' lang='lat' dir='ltr'><em>Coun</em></span> 
     </span>
    </p>
   </div>
   <div class='ocr_carea' id='block_1_4' title="bbox 312 2091 506 2151">
    <p class='ocr_par' dir='ltr' id='par_1_9' title="bbox 312 2091 506 2151">
     <span class='ocr_line' id='line_1_16' title="bbox 312 2091 506 2151; baseline 0 -12"><span class='ocrx_word' id='word_1_102' title='bbox 312 2109 382 2151; x_wconf 74' lang='lat' dir='ltr'><em>supra</em></span> <span class='ocrx_word' id='word_1_103' title='bbox 403 2110 426 2150; x_wconf 85' lang='lat' dir='ltr'><em>p.</em></span> <span class='ocrx_word' id='word_1_104' title='bbox 450 2091 506 2139; x_wconf 81' lang='lat'><strong>137.</strong></span> 
     </span>
    </p>
   </div>
   <div class='ocr_carea' id='block_1_5' title="bbox 328 2281 1196 2380">
    <p class='ocr_par' dir='ltr' id='par_1_10' title="bbox 328 2281 1196 2380">
     <span class='ocr_line' id='line_1_17' title="bbox 328 2281 1196 2380; baseline -0.002 -14"><span class='ocrx_word' id='word_1_105' title='bbox 328 2310 356 2366; x_wconf 88' lang='grc'><em>6.</em></span> <span class='ocrx_word' id='word_1_106' title='bbox 398 2307 497 2364; x_wconf 80' lang='lat' dir='ltr'><em>Oratio</em></span> <span class='ocrx_word' id='word_1_107' title='bbox 521 2281 572 2379; x_wconf 82' lang='lat' dir='ltr'><em>pio</em></span> <span class='ocrx_word' id='word_1_108' title='bbox 594 2325 625 2365; x_wconf 82' lang='lat' dir='ltr'><em>se</em></span> <span class='ocrx_word' id='word_1_109' title='bbox 646 2309 870 2380; x_wconf 82' lang='lat' dir='ltr'><em>repetundarum</em></span> <span class='ocrx_word' id='word_1_110' title='bbox 896 2311 996 2364; x_wconf 84' lang='lat' dir='ltr'>eontra</span> <span class='ocrx_word' id='word_1_111' title='bbox 1015 2309 1196 2380; x_wconf 83' lang='lat' dir='ltr'><em>publicanas.</em></span> 
     </span>
    </p>
   </div>
   <div class='ocr_carea' id='block_1_6' title="bbox 229 2455 1308 4392">
    <p class='ocr_par' dir='ltr' id='par_1_11' title="bbox 238 2455 1308 2746">
     <span class='ocr_line' id='line_1_18' title="bbox 303 2455 1308 2538; baseline 0.003 -17"><span class='ocrx_word' id='word_1_112' title='bbox 303 2456 406 2521; x_wconf 83' lang='lat' dir='ltr'>Causa</span> <span class='ocrx_word' id='word_1_113' title='bbox 438 2458 648 2521; x_wconf 76' lang='lat' dir='ltr'>celeberrima</span> <span class='ocrx_word' id='word_1_114' title='bbox 679 2469 747 2519; x_wconf 85' lang='lat' dir='ltr'>acta</span> <span class='ocrx_word' id='word_1_115' title='bbox 792 2470 838 2519; x_wconf 84' lang='lat' dir='ltr'><em>est</em></span> <span class='ocrx_word' id='word_1_116' title='bbox 877 2479 907 2520; x_wconf 86' lang='lat' dir='ltr'><em>a.</em></span> <span class='ocrx_word' id='word_1_117' title='bbox 949 2458 1010 2519; x_wconf 73' lang='lat'><em>662</em></span> <span class='ocrx_word' id='word_1_118' title='bbox 1046 2459 1127 2538; x_wconf 77' lang='lat'><strong>(92).</strong></span> <span class='ocrx_word' id='word_1_119' title='bbox 1184 2455 1308 2524; x_wconf 83' lang='lat' dir='ltr'><em>Cous..</em></span> 
     </span>
     <span class='ocr_line' id='line_1_19' title="bbox 240 2558 1285 2642; baseline -0.005 -17"><span class='ocrx_word' id='word_1_120' title='bbox 240 2559 371 2625; x_wconf 88' lang='lat' dir='ltr'><em>Clinton</em></span> <span class='ocrx_word' id='word_1_121' title='bbox 388 2565 426 2622; x_wconf 87' lang='lat' dir='ltr'><em>ad</em></span> <span class='ocrx_word' id='word_1_122' title='bbox 444 2563 475 2623; x_wconf 89' lang='lat' dir='ltr'><em>h.</em></span> <span class='ocrx_word' id='word_1_123' title='bbox 501 2584 530 2623; x_wconf 83' lang='lat' dir='ltr'><em>a.</em></span> <span class='ocrx_word' id='word_1_124' title='bbox 558 2561 751 2624; x_wconf 78' lang='lat' dir='ltr'><em>Perizonius</em></span> <span class='ocrx_word' id='word_1_125' title='bbox 774 2559 923 2623; x_wconf 86' lang='lat' dir='ltr'><em>Animad.</em></span> <span class='ocrx_word' id='word_1_126' title='bbox 949 2558 1025 2622; x_wconf 88' lang='lat' dir='ltr'><em>hist.</em></span> <span class='ocrx_word' id='word_1_127' title='bbox 1053 2583 1087 2642; x_wconf 86' lang='lat' dir='ltr'><em>p.</em></span> <span class='ocrx_word' id='word_1_128' title='bbox 1111 2563 1165 2624; x_wconf 82' lang='lat'><em>58.</em></span> <span class='ocrx_word' id='word_1_129' title='bbox 1190 2561 1285 2622; x_wconf 80' lang='lat' dir='ltr'><em>Mau-</em></span> 
     </span>
     <span class='ocr_line' id='line_1_20' title="bbox 238 2663 732 2746; baseline 0 -21"><span class='ocrx_word' id='word_1_130' title='bbox 238 2663 308 2746; x_wconf 87' lang='lat' dir='ltr'><em>wig</em></span> <span class='ocrx_word' id='word_1_131' title='bbox 332 2669 370 2724; x_wconf 87' lang='lat' dir='ltr'><em>ad</em></span> <span class='ocrx_word' id='word_1_132' title='bbox 396 2663 571 2726; x_wconf 82' lang='lat' dir='ltr'><em>Asconiutu</em></span> <span class='ocrx_word' id='word_1_133' title='bbox 598 2686 632 2744; x_wconf 91' lang='lat' dir='ltr'><em>p.</em></span> <span class='ocrx_word' id='word_1_134' title='bbox 660 2667 732 2725; x_wconf 88' lang='grc'><strong>110.</strong></span> 
     </span>
    </p>

    <p class='ocr_par' dir='ltr' id='par_1_12' title="bbox 229 2765 1285 4392">
     <span class='ocr_line' id='line_1_21' title="bbox 306 2765 1285 2853; baseline 0.004 -26"><span class='ocrx_word' id='word_1_135' title='bbox 306 2766 445 2827; x_wconf 82' lang='lat' dir='ltr'><em>Rutilius</em></span> <span class='ocrx_word' id='word_1_136' title='bbox 468 2765 664 2846; x_wconf 83' lang='lat' dir='ltr'><em>optimatium</em></span> <span class='ocrx_word' id='word_1_137' title='bbox 692 2777 760 2828; x_wconf 83' lang='lat' dir='ltr'>erat</span> <span class='ocrx_word' id='word_1_138' title='bbox 795 2777 826 2828; x_wconf 88' lang='lat' dir='ltr'><em>et</em></span> <span class='ocrx_word' id='word_1_139' title='bbox 850 2786 911 2847; x_wconf 78' lang='lat' dir='ltr'><em>pro</em></span> <span class='ocrx_word' id='word_1_140' title='bbox 939 2779 1047 2829; x_wconf 87' lang='lat' dir='ltr'>senatu</span> <span class='ocrx_word' id='word_1_141' title='bbox 1071 2768 1168 2831; x_wconf 88' lang='lat' dir='ltr'><em>stetit.</em></span> <span class='ocrx_word' id='word_1_142' title='bbox 1192 2781 1285 2853; x_wconf 86' lang='lat' dir='ltr'>atque</span> 
     </span>
     <span class='ocr_line' id='line_1_22' title="bbox 238 2866 1283 2952; baseline 0.002 -22"><span class='ocrx_word' id='word_1_143' title='bbox 238 2866 301 2930; x_wconf 88' lang='lat' dir='ltr'><em>illis</em></span> <span class='ocrx_word' id='word_1_144' title='bbox 328 2869 525 2949; x_wconf 77' lang='lat' dir='ltr'><em>temporibus</em></span> <span class='ocrx_word' id='word_1_145' title='bbox 548 2869 587 2944; x_wconf 91' lang='lat' dir='ltr'><em>ii,</em></span> <span class='ocrx_word' id='word_1_146' title='bbox 614 2867 668 2952; x_wconf 88' lang='lat' dir='ltr'><em>qui</em></span> <span class='ocrx_word' id='word_1_147' title='bbox 694 2889 817 2930; x_wconf 87' lang='lat' dir='ltr'>cansam</span> <span class='ocrx_word' id='word_1_148' title='bbox 839 2867 1036 2949; x_wconf 86' lang='lat' dir='ltr'><em>optimatium</em></span> <span class='ocrx_word' id='word_1_149' title='bbox 1065 2870 1283 2944; x_wconf 82' lang='lat' dir='ltr'>defendebant,</span> 
     </span>
     <span class='ocr_line' id='line_1_23' title="bbox 238 2969 1284 3056; baseline 0.003 -26"><span class='ocrx_word' id='word_1_150' title='bbox 238 2991 352 3052; x_wconf 82' lang='lat' dir='ltr'><em>inagna</em></span> <span class='ocrx_word' id='word_1_151' title='bbox 388 2969 530 3050; x_wconf 78' lang='lat' dir='ltr'><em>pericula</em></span> <span class='ocrx_word' id='word_1_152' title='bbox 562 2969 688 3051; x_wconf 76' lang='lat' dir='ltr'><em>experti</em></span> <span class='ocrx_word' id='word_1_153' title='bbox 717 2983 808 3044; x_wconf 86' lang='lat' dir='ltr'><em>sunt,</em></span> <span class='ocrx_word' id='word_1_154' title='bbox 844 2985 1016 3053; x_wconf 76' lang='lat' dir='ltr'>propterea</span> <span class='ocrx_word' id='word_1_155' title='bbox 1054 2976 1140 3056; x_wconf 88' lang='lat' dir='ltr'><em>quod</em></span> <span class='ocrx_word' id='word_1_156' title='bbox 1167 2971 1284 3034; x_wconf 85' lang='lat' dir='ltr'><em>iudicia</em></span> 
     </span>
     <span class='ocr_line' id='line_1_24' title="bbox 237 3071 1283 3155; baseline 0.002 -21"><span class='ocrx_word' id='word_1_157' title='bbox 237 3093 333 3152; x_wconf 85' lang='lat' dir='ltr'>penes</span> <span class='ocrx_word' id='word_1_158' title='bbox 349 3071 492 3134; x_wconf 83' lang='lat' dir='ltr'><em>homines</em></span> <span class='ocrx_word' id='word_1_159' title='bbox 517 3073 700 3153; x_wconf 78' lang='lat' dir='ltr'>populares,</span> <span class='ocrx_word' id='word_1_160' title='bbox 723 3073 755 3136; x_wconf 92' lang='lat' dir='ltr'><em>id</em></span> <span class='ocrx_word' id='word_1_161' title='bbox 781 3086 837 3148; x_wconf 83' lang='lat' dir='ltr'>est,</span> <span class='ocrx_word' id='word_1_162' title='bbox 863 3075 1063 3137; x_wconf 82' lang='lat' dir='ltr'>adversarios</span> <span class='ocrx_word' id='word_1_163' title='bbox 1084 3074 1283 3155; x_wconf 85' lang='lat' dir='ltr'><em>optimatium</em></span> 
     </span>
     <span class='ocr_line' id='line_1_25' title="bbox 238 3171 1284 3257; baseline 0.003 -22"><span class='ocrx_word' id='word_1_164' title='bbox 238 3185 336 3240; x_wconf 77' lang='lat' dir='ltr'><em>eraut,</em></span> <span class='ocrx_word' id='word_1_165' title='bbox 347 3171 427 3248; x_wconf 82' lang='lat' dir='ltr'><em>Cum</em></span> <span class='ocrx_word' id='word_1_166' title='bbox 438 3173 536 3256; x_wconf 71' lang='lat' dir='ltr'><em>igitur</em></span> <span class='ocrx_word' id='word_1_167' title='bbox 546 3175 699 3251; x_wconf 85' lang='lat' dir='ltr'><em>Rutilius,</em></span> <span class='ocrx_word' id='word_1_168' title='bbox 713 3178 754 3257; x_wconf 84' lang='lat' dir='ltr'><em>Q.</em></span> <span class='ocrx_word' id='word_1_169' title='bbox 767 3175 870 3240; x_wconf 84' lang='lat' dir='ltr'><em>Mucii</em></span> <span class='ocrx_word' id='word_1_170' title='bbox 881 3178 1053 3239; x_wconf 85' lang='lat' dir='ltr'>Scaevolae</span> <span class='ocrx_word' id='word_1_171' title='bbox 1064 3180 1174 3256; x_wconf 86' lang='lat' dir='ltr'>(Pont.</span> <span class='ocrx_word' id='word_1_172' title='bbox 1186 3183 1284 3256; x_wconf 86' lang='lat' dir='ltr'>max.)</span> 
     </span>
     <span class='ocr_line' id='line_1_26' title="bbox 236 3277 1284 3359; baseline 0.004 -23"><span class='ocrx_word' id='word_1_173' title='bbox 236 3277 358 3359; x_wconf 84' lang='lat' dir='ltr'>legatus</span> <span class='ocrx_word' id='word_1_174' title='bbox 372 3297 401 3338; x_wconf 86' lang='lat' dir='ltr'><em>a.</em></span> <span class='ocrx_word' id='word_1_175' title='bbox 419 3277 479 3340; x_wconf 85' lang='grc'><em>669</em></span> <span class='ocrx_word' id='word_1_176' title='bbox 492 3279 571 3356; x_wconf 77' lang='grc'>(95),</span> <span class='ocrx_word' id='word_1_177' title='bbox 590 3279 621 3338; x_wconf 91' lang='lat' dir='ltr'><em>in</em></span> <span class='ocrx_word' id='word_1_178' title='bbox 635 3277 714 3340; x_wconf 86' lang='lat' dir='ltr'><em>Asia</em></span> <span class='ocrx_word' id='word_1_179' title='bbox 730 3277 898 3359; x_wconf 76' lang='lat' dir='ltr'><em>provincia</em></span> <span class='ocrx_word' id='word_1_180' title='bbox 917 3279 1121 3359; x_wconf 83' lang='lat' dir='ltr'><em>publicanos,</em></span> <span class='ocrx_word' id='word_1_181' title='bbox 1135 3283 1284 3342; x_wconf 83' lang='lat' dir='ltr'>adversa·</span> 
     </span>
     <span class='ocr_line' id='line_1_27' title="bbox 236 3377 1283 3465; baseline 0.004 -25"><span class='ocrx_word' id='word_1_182' title='bbox 236 3377 303 3440; x_wconf 82' lang='lat' dir='ltr'><em>rios</em></span> <span class='ocrx_word' id='word_1_183' title='bbox 328 3378 546 3458; x_wconf 84' lang='lat' dir='ltr'><em>optimatium,</em></span> <span class='ocrx_word' id='word_1_184' title='bbox 578 3380 760 3442; x_wconf 86' lang='lat' dir='ltr'>offendisset</span> <span class='ocrx_word' id='word_1_185' title='bbox 783 3393 813 3442; x_wconf 92' lang='lat' dir='ltr'><em>et</em></span> <span class='ocrx_word' id='word_1_186' title='bbox 839 3381 1067 3444; x_wconf 84' lang='lat' dir='ltr'><em>fenerationem</em></span> <span class='ocrx_word' id='word_1_187' title='bbox 1089 3380 1283 3465; x_wconf 78' lang='lat' dir='ltr'><em>iniuriasque</em></span> 
     </span>
     <span class='ocr_line' id='line_1_28' title="bbox 236 3481 1281 3554; baseline 0.004 -12"><span class='ocrx_word' id='word_1_188' title='bbox 236 3501 345 3544; x_wconf 73' lang='lat' dir='ltr'>eornm</span> <span class='ocrx_word' id='word_1_189' title='bbox 371 3481 585 3554; x_wconf 80' lang='lat' dir='ltr'><em>cohibuisset,</em></span> <span class='ocrx_word' id='word_1_190' title='bbox 613 3482 645 3542; x_wconf 93' lang='lat' dir='ltr'><em>hi</em></span> <span class='ocrx_word' id='word_1_191' title='bbox 672 3482 746 3544; x_wconf 79' lang='lat' dir='ltr'><em>irati</em></span> <span class='ocrx_word' id='word_1_192' title='bbox 769 3482 852 3545; x_wconf 87' lang='lat' dir='ltr'><em>litem</em></span> <span class='ocrx_word' id='word_1_193' title='bbox 877 3484 906 3547; x_wconf 90' lang='lat' dir='ltr'><em>ei</em></span> <span class='ocrx_word' id='word_1_194' title='bbox 937 3486 1072 3548; x_wconf 85' lang='lat' dir='ltr'>Romam</span> <span class='ocrx_word' id='word_1_195' title='bbox 1101 3505 1232 3546; x_wconf 82' lang='lat' dir='ltr'>reverso</span> <span class='ocrx_word' id='word_1_196' title='bbox 1252 3506 1281 3546; x_wconf 87' lang='lat' dir='ltr'><em>a.</em></span> 
     </span>
     <span class='ocr_line' id='line_1_29' title="bbox 236 3583 1284 3672; baseline 0.004 -28"><span class='ocrx_word' id='word_1_197' title='bbox 236 3583 297 3644; x_wconf 74' lang='grc'><em>662</em></span> <span class='ocrx_word' id='word_1_198' title='bbox 324 3585 392 3662; x_wconf 82' lang='grc'>(92)</span> <span class='ocrx_word' id='word_1_199' title='bbox 424 3584 634 3658; x_wconf 81' lang='lat' dir='ltr'><em>intenderunt,</em></span> <span class='ocrx_word' id='word_1_200' title='bbox 659 3599 751 3669; x_wconf 85' lang='lat' dir='ltr'>atque</span> <span class='ocrx_word' id='word_1_201' title='bbox 777 3608 793 3647; x_wconf 86' lang='lat' dir='ltr'>a</span> <span class='ocrx_word' id='word_1_202' title='bbox 822 3585 996 3662; x_wconf 85' lang='lat' dir='ltr'><em>iudicibus,</em></span> <span class='ocrx_word' id='word_1_203' title='bbox 1028 3587 1082 3672; x_wconf 92' lang='lat' dir='ltr'><em>qui</em></span> <span class='ocrx_word' id='word_1_204' title='bbox 1107 3585 1284 3667; x_wconf 79' lang='lat' dir='ltr'><em>publicanis</em></span> 
     </span>
     <span class='ocr_line' id='line_1_30' title="bbox 234 3685 1283 3770; baseline 0.003 -24"><span class='ocrx_word' id='word_1_205' title='bbox 234 3685 397 3762; x_wconf 81' lang='lat' dir='ltr'>favebant,</span> <span class='ocrx_word' id='word_1_206' title='bbox 420 3689 645 3750; x_wconf 87' lang='lat' dir='ltr'>condemnatus</span> <span class='ocrx_word' id='word_1_207' title='bbox 671 3699 730 3750; x_wconf 88' lang='lat' dir='ltr'><em>est.</em></span> <span class='ocrx_word' id='word_1_208' title='bbox 776 3690 957 3751; x_wconf 83' lang='lat' dir='ltr'>Accusator</span> <span class='ocrx_word' id='word_1_209' title='bbox 982 3688 1095 3760; x_wconf 85' lang='lat' dir='ltr'><em>Rutilii</em></span> <span class='ocrx_word' id='word_1_210' title='bbox 1118 3701 1187 3751; x_wconf 83' lang='lat' dir='ltr'>erat</span> <span class='ocrx_word' id='word_1_211' title='bbox 1202 3687 1283 3770; x_wconf 86' lang='lat' dir='ltr'><em>Api-</em></span> 
     </span>
     <span class='ocr_line' id='line_1_31' title="bbox 235 3787 1281 3872; baseline 0.005 -23"><span class='ocrx_word' id='word_1_212' title='bbox 235 3787 302 3850; x_wconf 86' lang='lat' dir='ltr'><em>cius</em></span> <span class='ocrx_word' id='word_1_213' title='bbox 329 3788 469 3871; x_wconf 82' lang='lat' dir='ltr'><em>quidam.</em></span> <span class='ocrx_word' id='word_1_214' title='bbox 515 3791 697 3852; x_wconf 85' lang='lat' dir='ltr'><em>Athenaeus</em></span> <span class='ocrx_word' id='word_1_215' title='bbox 720 3789 777 3852; x_wconf 89' lang='lat' dir='ltr'><em>lib.</em></span> <span class='ocrx_word' id='word_1_216' title='bbox 800 3791 865 3853; x_wconf 90' lang='lat' dir='ltr'><em>IV.</em></span> <span class='ocrx_word' id='word_1_217' title='bbox 889 3813 921 3872; x_wconf 93' lang='lat' dir='ltr'><em>p.</em></span> <span class='ocrx_word' id='word_1_218' title='bbox 949 3793 1022 3854; x_wconf 88' lang='grc'><strong>168.</strong></span> <span class='ocrx_word' id='word_1_219' title='bbox 1048 3795 1099 3855; x_wconf 88' lang='lat' dir='ltr'><em>ed.</em></span> <span class='ocrx_word' id='word_1_220' title='bbox 1121 3791 1281 3854; x_wconf 85' lang='lat' dir='ltr'><strong>Commel.</strong></span> 
     </span>
     <span class='ocr_line' id='line_1_32' title="bbox 235 3877 1281 3980; baseline 0.01 -30"><span class='ocrx_word' id='word_1_221' title='bbox 235 3891 278 3952; x_wconf 88' lang='lat' dir='ltr'><em>T.</em></span> <span class='ocrx_word' id='word_1_222' title='bbox 297 3893 326 3951; x_wconf 85' lang='lat'><em>1.</em></span> <span class='ocrx_word' id='word_1_223' title='bbox 338 3877 382 3970; x_wconf 61' lang='lat' dir='ltr'><em>&#39;p.</em></span> <span class='ocrx_word' id='word_1_224' title='bbox 402 3891 438 3950; x_wconf 73' lang='lat' dir='ltr'><em>et</em></span> <span class='ocrx_word' id='word_1_225' title='bbox 445 3893 474 3953; x_wconf 86' lang='lat'><em>5.</em></span> <span class='ocrx_word' id='word_1_226' title='bbox 493 3893 543 3952; x_wconf 87' lang='lat' dir='ltr'><em>ed.</em></span> <span class='ocrx_word' id='word_1_227' title='bbox 566 3890 664 3954; x_wconf 86' lang='lat' dir='ltr'><em>Dind.</em></span> <span class='ocrx_word' id='word_1_228' title='bbox 688 3888 780 3976; x_wconf 81' lang='grc' dir='ltr'><strong><em>παρὰ</em></strong></span> <span class='ocrx_word' id='word_1_229' title='bbox 796 3895 831 3956; x_wconf 83' lang='grc' dir='ltr'><em>δὲ</em></span> <span class='ocrx_word' id='word_1_230' title='bbox 843 3887 1023 3979; x_wconf 80' lang='grc' dir='ltr'><strong><em>Ῥωμαίοις</em></strong></span> <span class='ocrx_word' id='word_1_231' title='bbox 1034 3892 1281 3980; x_wconf 77' lang='grc' dir='ltr'><em>μνημονεύεται,</em></span> 
     </span>
     <span class='ocr_line' id='line_1_33' title="bbox 229 3985 1281 4094; baseline 0.007 -38"><span class='ocrx_word' id='word_1_232' title='bbox 229 3985 383 4056; x_wconf 75' lang='grc' dir='ltr'><strong><em>Ἀκικιόν</em></strong></span> <span class='ocrx_word' id='word_1_233' title='bbox 412 4017 484 4094; x_wconf 66' lang='lat' dir='ltr'><em>aava</em></span> <span class='ocrx_word' id='word_1_234' title='bbox 507 3997 557 4058; x_wconf 78' lang='lat' dir='ltr'><em>ini</em></span> <span class='ocrx_word' id='word_1_235' title='bbox 579 3987 854 4080; x_wconf 63' lang='lat' dir='ltr'><em>nuntiantium</em></span> <span class='ocrx_word' id='word_1_236' title='bbox 877 3991 1081 4085; x_wconf 69' lang='grc' dir='ltr'><strong><em>ἀνθρώπους</em></strong></span> <span class='ocrx_word' id='word_1_237' title='bbox 1103 3991 1281 4082; x_wconf 79' lang='grc' dir='ltr'><strong><em>ὑπερηκον-</em></strong></span> 
     </span>
     <span class='ocr_line' id='line_1_34' title="bbox 234 4090 1284 4191; baseline 0.007 -34"><span class='ocrx_word' id='word_1_238' title='bbox 234 4097 366 4160; x_wconf 79' lang='grc' dir='ltr'><strong><em>τικέναι,</em></strong></span> <span class='ocrx_word' id='word_1_239' title='bbox 390 4095 487 4170; x_wconf 81' lang='grc' dir='ltr'><strong><em>αὐτος</em></strong></span> <span class='ocrx_word' id='word_1_240' title='bbox 509 4091 542 4160; x_wconf 73' lang='grc' dir='ltr'><em>δ’</em></span> <span class='ocrx_word' id='word_1_241' title='bbox 567 4097 654 4160; x_wconf 80' lang='grc' dir='ltr'><strong><em>ἐστὶν</em></strong></span> <span class='ocrx_word' id='word_1_242' title='bbox 672 4090 825 4172; x_wconf 77' lang='grc' dir='ltr'><strong><em>Ἀπίκιος</em></strong></span> <span class='ocrx_word' id='word_1_243' title='bbox 849 4092 866 4162; x_wconf 89' lang='grc' dir='ltr'>ὁ</span> <span class='ocrx_word' id='word_1_244' title='bbox 889 4104 944 4163; x_wconf 87' lang='grc' dir='ltr'><em>καὶ</em></span> <span class='ocrx_word' id='word_1_245' title='bbox 967 4100 1024 4179; x_wconf 76' lang='grc' dir='ltr'><em>τῆς</em></span> <span class='ocrx_word' id='word_1_246' title='bbox 1048 4101 1156 4191; x_wconf 73' lang='grc' dir='ltr'><strong><em>φυγῆς</em></strong></span> <span class='ocrx_word' id='word_1_247' title='bbox 1176 4096 1284 4176; x_wconf 80' lang='grc' dir='ltr'><strong><em>ἄιτιος</em></strong></span> 
     </span>
     <span class='ocr_line' id='line_1_35' title="bbox 233 4190 1283 4287; baseline 0.006 -27"><span class='ocrx_word' id='word_1_248' title='bbox 233 4190 587 4287; x_wconf 75' lang='grc' dir='ltr'><strong><em>γενόμενοςῬονιιλίῳ</em></strong></span> <span class='ocrx_word' id='word_1_249' title='bbox 613 4198 657 4287; x_wconf 76' lang='grc' dir='ltr'><em>τῷ</em></span> <span class='ocrx_word' id='word_1_250' title='bbox 680 4193 738 4276; x_wconf 80' lang='grc' dir='ltr'><em>τὴν</em></span> <span class='ocrx_word' id='word_1_251' title='bbox 756 4193 947 4286; x_wconf 81' lang='grc' dir='ltr'><strong><em>Ῥωμαικὴν</em></strong></span> <span class='ocrx_word' id='word_1_252' title='bbox 976 4202 1124 4286; x_wconf 81' lang='grc' dir='ltr'><strong><em>ἱστορίαν</em></strong></span> <span class='ocrx_word' id='word_1_253' title='bbox 1150 4202 1283 4268; x_wconf 81' lang='grc' dir='ltr'><strong><em>ἐκδεδω-</em></strong></span> 
     </span>
     <span class='ocr_line' id='line_1_36' title="bbox 235 4291 676 4392; baseline 0.016 -33"><span class='ocrx_word' id='word_1_254' title='bbox 235 4291 307 4361; x_wconf 85' lang='grc' dir='ltr'><strong><em>κότι</em></strong></span> <span class='ocrx_word' id='word_1_255' title='bbox 329 4297 367 4386; x_wconf 70' lang='grc' dir='ltr'><em>τῇ</em></span> <span class='ocrx_word' id='word_1_256' title='bbox 386 4292 553 4377; x_wconf 73' lang='grc' dir='ltr'><strong><em>’.Ελλήνων</em></strong></span> <span class='ocrx_word' id='word_1_257' title='bbox 575 4299 676 4392; x_wconf 77' lang='grc' dir='ltr'><strong>φωνῇ.</strong></span> 
     </span>
    </p>
   </div>
   <div class='ocr_carea' id='block_1_7' title="bbox 0 0 1500 4844">
    <p class='ocr_par' dir='ltr' id='par_1_13' title="bbox 0 0 1500 4844">
     <span class='ocr_line' id='line_1_37' title="bbox 0 0 1500 4844; baseline 0 4"><span class='ocrx_word' id='word_1_258' title='bbox 0 0 1500 4844; x_wconf 95' lang='lat' dir='ltr'><em> </em></span> 
     </span>
    </p>
   </div>
  </div>
 </body>
</html>
