2984 4842
1207 347 1268 412 1109

282 506 418 589 Quintil.
446 508 501 582 tt,
528 508 563 581 6,
591 508 620 570 1.
667 509 808 580 Caluus,
835 509 978 579 Caesar,
996 507 1105 571 Pollio
1123 509 1269 568 multum

217 624 296 674 ante
319 610 553 694 quaestoriam
582 621 729 672 aetatem
760 629 876 671 omnes
905 607 1115 690 gravissima
1137 607 1270 670 iudicia

217 724 453 794 susceperunt.

253 858 423 917 quaestoriam
448 856 564 916 aetatem]
602 857 698 912 Lipsius
724 859 746 900 iu
770 855 829 902 Exs.
855 861 883 898 aa
909 857 990 901 'l'ssit.
1018 858 1099 901 Annal.
1124 853 1154 914 3,
1178 853 1208 899 2⁹
1231 869 1271 898 se·

290 953 362 990 luleus
387 947 548 1002 quaestoriam
571 944 652 989 definit
674 959 735 988 ormo
761 945 845 988 uelutis
869 943 954 987 XXV.
981 945 1082 988 Fischer
1104 949 1184 988 aulem
1210 944 1269 995 (Ro-

288 1035 378 1078 misene
392 1031 532 1088 zenuteln)
546 1035 574 1076 ud
594 1047 618 1080 a.
641 1029 689 1077 573
710 1046 771 1074 auno
794 1033 878 1075 aeteus
897 1031 997 1075 xxm.
1019 1045 1060 1076 nee
1074 1033 1144 1076 aliter
1161 1031 1270 1091 Gtiuung

288 1121 410 1165 Gesch.d
441 1135 462 1163 r.
487 1121 590 1166 Stoetsr.
615 1135 638 1174 p.
664 1115 723 1164 372.

283 1242 416 1302 Suetan.
454 1238 549 1303 Caes.
594 1241 623 1302 1.
679 1241 838 1302 Ceterum
878 1237 1070 1319 composita
1103 1240 1270 1303 seditione

219 1343 309 1405 ciuili
342 1341 539 1406 Cornelium
573 1341 788 1404 Dolabellam
823 1344 1038 1403 consularem
1078 1354 1111 1404 et
1144 1341 1267 1404 trium·

176 1437 180 1445 ’
217 1447 351 1525 pbalem
375 1444 488 1505 uirum
518 1443 787 1524 repetundarum
807 1442 1013 1523 postolavit,
1043 1444 1268 1527 absolutoque

220 1547 380 1610 lllrodum
402 1546 556 1608 secedere
579 1545 703 1607 statuit
726 1556 758 1606 et
784 1544 830 1605 ad
852 1545 1088 1606 declinandam
1105 1545 1270 1608 inuidiam

219 1660 252 1710 et
275 1660 312 1710 ut
332 1671 395 1730 per
419 1649 528 1710 otium
550 1667 591 1707 ac
614 1647 764 1730 requiem
787 1647 973 1728 Apollonio
996 1649 1134 1711 Moloni
1148 1649 1270 1710 claris·

220 1752 309 1813 simo
342 1764 423 1811 tunc
460 1749 593 1812 dicendi
624 1749 794 1830 magistro
823 1771 964 1830 operam
998 1750 1110 1812 daret.
1149 1772 1179 1812 c.
1216 1751 1268 1812 55.

221 1856 302 1916 Post
325 1852 577 1914 accusationem
598 1852 798 1916 Dolabellae
821 1851 915 1912 baud
936 1852 1037 1914 dubie
1058 1852 1273 1935 principibus

219 1955 378 2036 patronis
395 1967 646 2016 annumeratus
669 1965 732 2016 est.
757 1983 796 1995 -
820 1955 936 2015 Genus
954 1955 1167 2037 eloquentiae
1182 1955 1270 2016 dun·

220 2069 324 2119 taxat
353 2057 550 2118 adolescens
583 2056 694 2116 adbuc
729 2055 909 2118 Strabonis
943 2057 1103 2119 Caesaris
1135 2067 1270 2120 secutus

222 2159 373 2232 uidetur,
405 2157 503 2218 cuius
534 2156 640 2219 etiam
670 2179 717 2218 ex
749 2156 927 2231 oratione,
961 2178 1049 2240 quae
1071 2157 1272 2220 inscribitur

219 2281 300 2341 pro
323 2259 507 2334 Sardis,
531 2259 578 2321 ad
599 2259 737 2321 verbum
760 2261 926 2320 nonnulla
947 2259 1126 2320 transtulit
1148 2258 1183 2320 in
1206 2260 1270 2324 Di·

222 2361 428 2424 uinationem
451 2382 564 2423 suam.

257 2504 390 2550 Strabonis
409 2503 539 2564 Caesaris]
575 2505 633 2548 Eius
652 2506 774 2549 orationes
793 2519 865 2560 supra
885 2506 1082 2550 mennon-avimus.
1097 2519 1121 2561 p.
1138 2502 1196 2552 330.
1214 2521 1268 2566 sqq.

258 2596 285 2637 in
302 2591 491 2638 Divinationern
510 2593 593 2650 suam]
631 2593 908 2648 Baumgauen-Crnsius
930 2593 1076 2646 suspicatur,
1095 2595 1208 2640 Caesaris
1229 2597 1270 2640 Di-

292 2683 436 2726 vinctionem
458 2683 532 2726 luisse
558 2682 706 2737 prooemium
730 2693 814 2724 causae
842 2682 864 2724 in
886 2679 1054 2739 Dolabellam,
1085 2684 1157 2727 veluti
1185 2684 1272 2729 Cicera

292 2769 468 2825 Divinationem
492 2769 573 2813 hebuit
594 2770 618 2814 iu
642 2769 671 2826 Q.
695 2767 840 2824 Caecilium,
864 2783 924 2826 quae
954 2770 1103 2822 prooemium
1125 2776 1163 2815 stt
1189 2774 1274 2817 Verri·

294 2872 378 2902 aarum
400 2858 546 2900 oralionum.

286 2975 463 3058 Emporias
486 2977 625 3045 Rhetar.
647 2999 679 3058 p.
702 2977 777 3038 311.
803 2974 1012 3057 Capperonn.
1061 2974 1273 3068 Tumfacta
1316 3021 1318 3028 ·

223 3081 340 3144 amnia
370 3079 548 3155 Caesaris,
585 3098 805 3162 quaecunque
835 3090 1022 3160 poterunt,
1062 3079 1096 3141 in
1135 3093 1271 3162 partem

223 3195 404 3266 utramque
433 3181 613 3244 ducentur.
670 3181 815 3244 Dicetur
846 3181 935 3243 enim
957 3182 1176 3246 accusatione
1200 3186 1272 3246 Do-

224 3286 363 3348 labellae
373 3284 523 3375 famam
552 3305 701 3367 magnae
729 3285 941 3367 eloquentiae
963 3299 1187 3362 consecutus,
1215 3308 1273 3350 ne·

226 3388 369 3468 gabitur
398 3388 540 3449 eandem
570 3386 754 3462 meruisse,
784 3407 862 3448 cum
884 3387 933 3462 is,
957 3410 1058 3471 quem
1080 3391 1274 3466 accusabat,

224 3489 382 3551 evaserit.

287 3590 404 3652 Voles.
429 3592 524 3654 Max.
553 3591 592 3667 8,
624 3594 662 3666 9,
693 3593 725 3657 3.
775 3592 885 3656 Diuus
912 3593 1044 3667 lulius,
1069 3615 1174 3678 quam
1198 3618 1273 3660 coe·

226 3689 321 3750 lestis
343 3690 495 3752 numinis
526 3703 598 3753 tam
631 3693 735 3755 etiam
765 3694 907 3756 humani
935 3695 1069 3777 ingenii
1085 3695 1274 3786 perfectis·

226 3789 353 3850 simum
384 3793 560 3864 columen,
595 3792 663 3855 vim
678 3791 880 3883 facundiae
908 3799 1052 3878 proprie
1084 3799 1271 3880 expressit,

226 3889 370 3952 dicendo
392 3891 427 3952 in
456 3893 673 3955 accusatione
704 3899 1016 3974 Cn.'Dolabellae,
1053 3920 1152 3981 quem
1174 3921 1272 3962 reum

226 3993 310 4076 egit,
334 3995 537 4078 extorqueri
559 3994 624 4056 sibi
651 4017 792 4059 causam
817 4000 983 4081 optimam
1006 4003 1045 4064 0.
1069 4003 1188 4063 Cottae
1208 4022 1272 4082 pa-

225 4095 391 4170 trocinio,
426 4095 457 4158 si
485 4095 622 4178 quidem
661 4099 817 4164 maxima
853 4113 926 4164 tum
968 4101 1017 4162 uis
1059 4102 1271 4185 eloquentiae

226 4211 349 4284 questa
374 4211 438 4263 est.

292 4300 455 4368 Asconius
484 4300 516 4363 in
547 4296 751 4364 Scantianum
782 4327 817 4386 p.
849 4304 901 4366 26.
952 4305 1128 4393 Neforte
1153 4309 1276 4371 erretis
