2966 4842
240 369 300 430 538

241 526 391 592 Cestium
412 527 600 589 latinorum
622 526 803 589 uerborum
835 525 952 607 inopia
983 525 1156 590 hominem
1185 550 1287 610 grae·

243 651 319 691 cum
342 630 537 703 laborasse,
563 627 719 690 sensibus
750 628 967 702 abundasse,
1004 628 1120 712 itaque
1156 634 1290 713 quoties

239 731 363 794 laetius
385 730 516 816 aliquid
536 730 724 794 describere
754 751 862 793 ausus
884 743 950 808 est,
983 731 1084 794 toties
1118 733 1285 808 substitit,

239 835 355 918 utique
376 855 454 896 cum
476 855 512 896 se
535 834 582 896 ad
603 833 829 899 imitationem
852 834 972 917 magni
993 833 1140 898 alicuius
1155 836 1286 918 ingenii

240 936 432 998 direxerat.

300 1074 381 1140 ibid.
405 1097 436 1156 p.
453 1076 527 1138 341.
546 1073 671 1138 Cestius
694 1073 791 1136 dicit:
815 1073 895 1157 Ego
909 1093 999 1136 nunc
1021 1076 1091 1138 scia
1114 1097 1166 1136 me
1192 1078 1284 1158 inep

239 1191 312 1242 tam
333 1178 537 1241 sententiam
559 1175 684 1239 dicere.
729 1175 847 1240 Multa
868 1189 984 1240 autem
1006 1177 1093 1251 dico,
1118 1197 1187 1240 non
1206 1181 1287 1261 quia

242 1281 325 1344 mihi
344 1283 490 1362 placent,
512 1280 573 1342 sed
593 1279 675 1362 quia
688 1279 907 1342 audientibus
920 1281 1096 1361 placitura
1107 1292 1200 1342 sunt.

303 1421 423 1484 Seneca
447 1421 601 1500 Excerpt.
624 1417 784 1485 Contrav.
808 1420 832 1480 l.
856 1420 887 1480 3.
912 1441 946 1499 p.
971 1419 1044 1482 427.
1069 1420 1211 1484 Cassius
1227 1425 1284 1486 Se·

241 1545 340 1586 uerus
368 1521 430 1586 ait:
461 1522 540 1586 Scio
572 1534 605 1584 et
627 1522 814 1586 Pollionem
844 1519 1004 1586 Asinium
1036 1534 1072 1584 et
1094 1525 1285 1586 Messalam

237 1624 423 1690 Corvinum
444 1636 478 1686 et
499 1624 718 1696 Passienum,
748 1624 808 1706 qui
841 1643 931 1684 nunc
960 1623 1076 1704 primo
1104 1627 1284 1700 incestat,

238 1727 352 1790 minus
392 1728 474 1788 bene
511 1725 619 1788 videri
655 1747 759 1810 quam
792 1726 943 1790 Cestium
983 1738 1044 1788 aut
1084 1730 1283 1790 Latronem.

237 1832 361 1892 Utrum
382 1849 468 1910 ergo
487 1837 602 1912 putas,
625 1829 688 1890 hoc
710 1827 895 1890 dicentium
922 1828 1042 1890 vitium
1064 1847 1138 1892 esse
1160 1851 1206 1892 an
1221 1851 1284 1892 au·

238 1930 430 1993 clientium?
473 1932 555 1994 Non
578 1929 629 1992 illi
648 1928 748 2012 peius
771 1929 906 2006 dicunt,
938 1932 999 1992 sed
1030 1931 1066 1994 hi
1087 1933 1286 2014 corruptius

240 2033 406 2097 iudicant.
429 2032 534 2098 Pueri
544 2031 636 2124 jere
657 2044 720 2094 aut
738 2033 876 2096 iuvenes
892 2035 1023 2098 scholas
1032 2031 1286 2124 flequentant5

238 2137 273 2200 hi
295 2157 365 2199 non
394 2147 531 2200 tantum
557 2135 795 2199 disertissimis
817 2135 921 2212 viris,
952 2157 1038 2218 quos
1070 2137 1176 2218 paulo
1205 2149 1286 2200 ante

239 2239 353 2314 retuli,
376 2239 438 2302 sed
459 2237 563 2302 etiam
577 2238 734 2302 Ciceroni
755 2237 906 2304 Cestium
927 2259 1029 2300 suum
1045 2238 1285 2322 praeferrent,

237 2341 304 2405 nisi
326 2341 457 2423 lapides
472 2341 647 2402 timerent.¹
662 2336 803 2403 Huius
826 2336 917 2402 enim
938 2340 1285 2405 declamationes

236 2445 450 2518 ediscunt,
474 2443 600 2505 illius
623 2440 841 2506 orationes
871 2462 955 2506 non
990 2446 1162 2525 legunt,
1194 2445 1286 2507 nisi

234 2569 306 2612 eas
328 2546 483 2632 quibus
506 2545 677 2612 Cestius
699 2545 943 2626 rescripsit.
982 2546 1131 2610 Memini
1151 2568 1204 2608 me
1227 2547 1280 2610 in·

233 2663 329 2715 trare
352 2651 504 2724 scholas,
528 2669 606 2711 cum
628 2647 836 2710 recitaturus
860 2659 948 2709 esset
970 2646 1006 2709 in
1027 2648 1198 2712 Milonem
1222 2653 1285 2714 Ce-

232 2754 333 2828 stius,
358 2773 403 2814 esc
425 2749 670 2814 consuetudine
692 2770 757 2812 sua
779 2749 923 2812 miratus
942 2743 1091 2813 dicebat:
1109 2751 1146 2814 Si
1158 2753 1285 2814 Thrax

233 2877 355 2931 essem,
372 2853 494 2916 Fusius
516 2873 641 2924 essem;
663 2845 694 2914 si
711 2851 947 2936 pantomimus
962 2872 1085 2928 essem,
1101 2849 1285 2938 Bathyllus

233 2977 359 3032 essem;
382 2957 413 3020 si
435 2977 553 3041 equus,
576 2955 748 3020 Melissio.
792 2957 875 3019 Non
897 2955 1050 3019 continui
1072 2956 1193 3032 bilem,
1217 2979 1281 3018 esr-

233 3059 394 3122 clamavi:
415 3073 448 3122 et
478 3059 510 3122 si
541 3061 660 3122 cloaca
680 3079 791 3135 esses,
827 3057 984 3122 maxima
1016 3078 1121 3122 esses.
1178 3059 1284 3124 Risus

233 3162 387 3226 omnium
409 3161 544 3243 ingens.
565 3161 762 3225 scholastici
787 3161 915 3223 intueri
946 3182 1017 3236 me,
1051 3160 1129 3244 quis
1158 3182 1279 3236 essem,

235 3265 388 3350 quitum
415 3279 552 3325 crassas
573 3264 719 3326 cervices
748 3263 919 3325 haberem.
971 3264 1104 3327 Cestius
1127 3264 1286 3328 Ciceroni

236 3385 485 3447 responsurus,
511 3365 593 3428 mihi
615 3364 698 3449 quid
718 3365 949 3446 responderet,
975 3381 1044 3427 nort
1062 3363 1200 3441 invenit,
1222 3367 1286 3428 sed

234 3465 373 3552 negavit
395 3489 431 3530 se
453 3481 696 3544 executurum,
727 3463 795 3530 nisi
817 3466 951 3530 exirem
980 3461 1159 3532 dedomo.
1203 3471 1285 3550 Ego

232 3571 358 3654 negavi
379 3593 431 3634 me
462 3573 503 3634 de
532 3572 652 3634 balneo
684 3570 820 3652 publico
858 3572 1053 3646 exiturum,
1090 3571 1158 3634 nisi
1191 3575 1284 3635 lotus

230 3695 353 3740 assem.

295 3814 380 3879 lbid.
407 3836 439 3896 p.
469 3810 543 3876 318.
599 3815 725 3876 l'uerat
754 3813 987 3896 Argentarius
1016 3812 1120 3878 Cestii
1140 3812 1283 3878 auditor

227 3932 264 3982 et
286 3930 362 3981 erat
384 3915 551 3979 imitator.
582 3915 739 3978 omnibus
767 3912 945 3978 insistebat
977 3908 1132 3998 uestigiis
1159 3915 1282 3989 Cestii,

229 4043 338 4105 aeque
359 4041 405 4082 esc
428 4031 580 4100 tempore
602 4017 752 4104 dicebat,
776 4038 883 4102 aeque
905 4017 1148 4081 contumeliose
1171 4019 1282 4079 multa

230 4121 480 4204 interponebat,
504 4120 590 4183 illud
611 4132 725 4184 tamen
744 4119 876 4202 optima
896 4119 970 4196 fide
989 4118 1176 4202 praestitit,
1201 4141 1282 4182 cum

227 4235 372 4304 uterque
383 4243 530 4304 graecus
543 4234 643 4299 esset,
661 4234 700 4285 ut
712 4243 899 4307 numquam
917 4240 1041 4305 graece
1057 4223 1279 4284 declamaret.
