2976 4844
254 363 295 426 00

254 544 347 584 ceeee
367 520 458 606 fuit.
504 520 722 584 Dieeuaet'eee
751 533 866 584 tamen
899 522 1088 606 aliquando
1118 525 1173 586 M.
1198 525 1302 588 Coto·

254 645 342 700 nem,
372 647 412 687 ne
435 625 665 705 derogaretur
692 627 750 688 Iex
775 625 913 699 Baebia,
940 635 974 686 et
998 625 1045 687 ad
1067 628 1235 708 poptdum
1258 627 1301 688 de

252 731 315 790 hnc
341 729 464 811 egisse,
492 727 688 809 colligimue
714 751 761 790 ex
787 732 896 801 Feeto,
925 727 985 811 qui
1008 727 1095 790 citat
1119 727 1194 790 eius
1221 750 1301 790 ora-

252 830 380 893 tionem
410 830 446 890 in
480 851 557 890 uoce
591 833 745 911 Rogat.
758 831 772 861 “
794 863 834 876 -
873 863 898 869 -
932 831 1056 911 Legem
1085 830 1235 892 Baebium
1263 835 1301 894 de

252 931 457 1015 praetoribus
488 952 570 994 anno
601 933 662 994 562
684 933 773 1010 (192)
800 935 892 994 latam
921 953 985 995 non
1014 929 1116 996 solum
1144 931 1300 1016 Pighius,

252 1039 306 1100 sed
340 1037 489 1098 Dukerus
515 1057 645 1119 qnoque
671 1037 711 1097 ad
741 1035 871 1097 Livium
894 1038 953 1111 40,
975 1037 1028 1098 44.
1057 1047 1151 1119 atque
1176 1038 1300 1102 Walte-

253 1161 307 1203 rue
325 1139 461 1218 (Geseh.
487 1140 518 1199 d.
544 1143 628 1200 edm.
652 1139 773 1201 Rechts
794 1160 828 1218 p.
848 1139 923 1218 150)
947 1148 1100 1202 statuunt.

317 1239 473 1305 Catonem
497 1259 580 1302 anno
603 1243 664 1302 574
680 1242 770 1318 (180)
789 1239 968 1305 orationem
992 1239 1153 1316 habuisse,
1173 1252 1207 1302 ut
1228 1241 1299 1325 lege

253 1343 371 1406 Baebia
393 1355 578 1406 crearentur
600 1356 779 1424 praetores,
805 1365 846 1405 ex
871 1363 907 1406 ee
937 1365 971 1407 re
990 1343 1206 1428 colligendum
1227 1344 1299 1426 opi·

252 1468 332 1520 nor,
368 1448 454 1530 quod
485 1446 599 1509 Livius
638 1446 735 1521 dicit,
769 1445 825 1510 illo
858 1467 941 1510 anno
972 1458 1139 1527 praetores
1162 1467 1200 1510 ea
1229 1448 1299 1531 lege

252 1563 394 1621 creatos,
426 1571 496 1611 enm
530 1549 645 1612 multos
677 1570 775 1612 annos
808 1560 897 1612 antea
926 1570 962 1612 ee
991 1549 1044 1612 lex
1074 1570 1138 1612 non
1167 1549 1300 1630 amplius

250 1653 422 1716 observatu
448 1651 561 1713 suisset
585 1653 634 1713 vel
662 1652 823 1714 valuisset.
870 1651 985 1714 Livius
1015 1651 1098 1714 enim
1128 1652 1206 1714 dicit
1239 1653 1297 1725 40,

254 1757 317 1817 44:
357 1757 411 1818 Eo
440 1773 532 1815 anno
560 1755 700 1837 rogatio
723 1755 876 1837 primum
906 1759 979 1818 lota
1005 1768 1058 1818 eet
1088 1756 1131 1818 ab
1157 1760 1199 1820 L.
1225 1755 1299 1820 Vit-

252 1857 301 1918 tio
325 1856 465 1920 tribuno
492 1855 624 1938 plebis,
651 1870 735 1939 quot
758 1879 869 1921 annae
899 1859 974 1920 nati
1002 1879 1167 1941 quemque
1189 1857 1299 1939 magi-

250 1970 401 2023 stratum
429 1969 585 2040 peterent
615 1972 856 2043 cuperentque.
877 1995 917 2006 -
940 1964 1126 2024 Praetores
1149 1975 1299 2044 quatuor

249 2075 329 2146 poet
356 2064 482 2123 multoe
510 2082 621 2124 annos
652 2064 726 2144 Iege
759 2063 889 2126 Baebia
915 2063 1044 2139 creati,
1075 2085 1164 2146 quae
1192 2069 1297 2127 alter·

251 2166 305 2228 nie
342 2175 529 2247 quaternos
565 2163 701 2227 iubebat
739 2166 866 2228 creari.
930 2164 1057 2229 Walter
1088 2166 1166 2229 dicit
1197 2168 1219 2228 l.
1252 2167 1294 2228 l.:

250 2269 344 2332 Nach
373 2270 441 2329 dem
470 2265 651 2329 B'e'bisehen
676 2269 796 2330 Gesetz
823 2269 939 2332 sollten
968 2269 1195 2331 abweoheelnd
1223 2271 1296 2331 bald

250 2391 310 2434 nur
337 2369 407 2433 vien
437 2368 511 2432 bald
542 2371 635 2432 eechs
662 2372 826 2434 Pretoren
851 2371 994 2453 gewdhlt
1016 2374 1159 2446 werden,
1186 2373 1295 2434 wahr-

250 2472 427 2537 seheinlich
459 2471 554 2534 demit
583 2472 634 2535 die
668 2474 828 2564 Pre'toren
865 2495 930 2538 von
967 2473 1146 2556 Hispanien
1179 2497 1296 2558 wegeu

245 2581 307 2640 der
333 2597 467 2658 grossen
495 2575 701 2658 Entfernung
721 2597 781 2637 nur
806 2573 879 2658 jede
904 2576 990 2639 zwei
1015 2577 1115 2640 Jahre
1138 2577 1296 2642 weehsel·

246 2691 312 2755 ten,
338 2681 422 2743 doch
446 2679 487 2741 ist
506 2678 592 2766 dieee
616 2678 869 2762 Beeehriinkuug
888 2677 976 2740 nicht
1000 2679 1192 2744 bebbaehtet
1207 2701 1295 2744 wor-

249 2785 320 2844 den.
366 2782 419 2842 Ad
442 2783 572 2843 eandem
602 2780 705 2862 legem
730 2780 910 2844 orationem
938 2779 1069 2844 Catonis
1094 2782 1294 2846 referendam

248 2883 410 2948 existimat
436 2881 614 2945 Meianeiue
639 2903 672 2963 p.
700 2883 753 2946 32.

313 2984 475 3048 Ausonius
501 2995 603 3046 autem
631 2987 755 3066 Popma
787 2988 826 3049 ad
853 2980 983 3048 alteram
1010 2985 1114 3068 legem
1142 2984 1292 3048 Baebium

247 3091 289 3152 de
314 3087 444 3150 ambitu
470 3086 649 3150 orationem
676 3085 809 3150 Catonis
842 3087 950 3150 retulit
979 3091 1173 3173 eandemque
1203 3109 1293 3150 secu·

246 3205 296 3255 tus
320 3203 367 3255 est
394 3188 579 3272 opinionem
609 3189 762 3272 Sigonius
786 3193 827 3253 ad
852 3189 982 3253 Livium
1010 3193 1061 3266 40,
1093 3193 1146 3254 44.
1191 3189 1291 3254 Cous.

246 3295 440 3360 orationem
462 3294 725 3376 praecedentem
748 3295 892 3357 Catonis
918 3295 959 3356 de
984 3295 1128 3357 ambitu.

310 3399 426 3460 Festus
452 3418 487 3478 p.
515 3395 590 3457 282.
639 3399 756 3478 Rogat
786 3407 834 3458 eet
867 3396 1007 3460 consulit
1035 3397 1210 3479 populum,
1244 3397 1292 3460 vel

246 3498 327 3583 petit
351 3501 390 3562 ab
413 3520 472 3574 eo,
500 3510 534 3561 ut
559 3498 591 3584 id
614 3497 750 3574 sciscat,
776 3501 863 3584 quod
887 3499 982 3562 ferat.
1021 3503 1102 3562 unde
1129 3521 1186 3562 noe
1209 3521 1292 3582 quo·

248 3623 311 3689 que
333 3601 364 3664 in
382 3601 610 3664 consuetudine
635 3602 786 3664 hebemus
806 3621 868 3682 pro
896 3613 1006 3682 petere
1029 3612 1061 3664 et
1085 3621 1192 3662 orare.
1226 3604 1291 3665 Ga·

245 3717 282 3780 to
309 3704 344 3767 in
372 3704 607 3779 dissuasione,
636 3725 677 3768 ne
702 3708 762 3767 lex
787 3703 917 3766 Baebia
942 3704 1194 3784 derogaretur,
1221 3703 1290 3766 ait:

245 3812 320 3886 Hoc
342 3807 461 3890 potius
483 3829 600 3890 agam,
624 3807 717 3890 quod
737 3805 790 3868 hic
812 3815 928 3886 rogat.

310 3902 437 3980 Ndnius
458 3932 493 3992 p.
516 3911 591 3972 470.
624 3909 726 3992 Largi
749 3927 812 3988 pro
836 3903 969 3987 largire.
1002 3907 1089 3970 Cato
1108 3909 1183 3992 tege
1204 3911 1290 3972 Bae·

244 4013 319 4088 hta.-
346 4013 529 4078 Pecuniam
551 4010 725 4094 inlargibo
748 4006 821 4071 tibi.

277 4155 420 4218 pecuniam]
460 4159 507 4202 Hoc
532 4157 691 4214 fragmentum
716 4153 820 4208 Popmue
847 4167 928 4197 ansam
952 4153 1035 4209 dedit,
1063 4163 1087 4200 ut
1110 4158 1236 4208 erederet,
1266 4157 1288 4200 in

314 4248 422 4290 oratione
443 4245 471 4290 de
492 4247 547 4305 Iege
563 4241 658 4288 Baebia
678 4245 704 4287 de
727 4243 815 4288 ambitu
836 4243 923 4288 dietum
942 4256 1004 4291 esse.
1045 4245 1090 4290 Sed
1112 4245 1212 4301 singulis
1235 4257 1288 4288 ver-

1472 3801 1479 3853 4
