2992 4840
1194 377 1251 437 191

201 529 260 601 τόν
281 526 451 622 τύραννον·
479 524 610 606 εἰκότως
633 520 745 610 (εἶπεν)
771 531 802 594 οἱ
823 530 860 622 τῇ
881 529 1015 618 πατρίδι
1036 531 1252 615 πολεμόυντες

202 640 258 723 ἐμὲ
290 631 471 720 βούλονται
498 637 702 724 προανελεῖν.
731 628 769 698 οὗ
795 629 859 718 γὰρ
887 621 957 698 όιόν
984 655 1017 697 τε
1044 628 1102 712 την
1124 627 1251 721 Ῥώμην

202 742 335 817 πεσεῖν,
368 736 558 813 Σκιπίωνος
586 737 745 815 ἑστῶτος,
779 731 855 801 οὐδὲ
885 736 941 828 ζῇν
971 734 1162 816 Σκιπίωνα,
1193 738 1251 818 τῆς

199 835 326 928 Ῥώμης
346 834 519 919 πεσούσης.

294 1091 340 1148 10.
382 1089 481 1148 Oratio
501 1095 602 1147 cantra
623 1091 716 1160 legem
740 1091 919 1147 iudiciariam
938 1091 1001 1149 Tib.
1027 1091 1160 1148 Gracchi.

272 1229 423 1294 Tiberius
447 1232 614 1294 Gracchus
636 1229 781 1294 tribunus
802 1231 847 1312 pi.
875 1253 904 1293 a.
926 1234 985 1294 621
1012 1233 1100 1309 (133)
1128 1233 1251 1316 rogati·

204 1355 296 1398 onem
326 1331 568 1417 promulgavit,
603 1345 636 1394 ut
667 1331 785 1394 indicia
819 1333 1018 1396 senatoribus
1047 1334 1250 1421 eriperentur

202 1434 426 1521 equitibusque
451 1434 715 1498 transferrentur.
763 1434 873 1516 Scipio
899 1435 1074 1498 Africanus
1105 1436 1251 1499 dissuasit

203 1539 309 1622 legens
340 1550 371 1600 et
398 1535 486 1600 vicit.
532 1535 656 1601 Deinde
687 1535 728 1600 C.
758 1538 923 1600 Gracchus
953 1539 1053 1601 altero
1087 1538 1249 1601 tribunatu

203 1663 233 1704 a.
256 1641 317 1702 632
347 1639 437 1720 (122)
464 1643 594 1702 eandem
623 1639 725 1724 legern
753 1638 937 1702 iudicariam
964 1639 1133 1721 repetivit,
1157 1641 1249 1726 eique

204 1741 342 1826 contigit
368 1743 454 1826 quod
476 1741 570 1804 fratri
596 1762 659 1804 uon
687 1755 838 1804 cesserat.
882 1741 961 1804 Vid.
986 1743 1151 1804 Drnmanu
1176 1755 1200 1812 t.
1217 1743 1248 1806 2.

203 1868 237 1930 p.
260 1846 332 1908 490.
379 1846 505 1907 Walter
529 1846 650 1907 Gesch.
678 1847 708 1904 d.
733 1850 818 1906 rbin.
843 1845 963 1908 Rechts
984 1866 1018 1925 p.
1036 1846 1109 1906 213.

267 1947 355 2012 Plut.
376 1946 433 2009 vit.
457 1946 534 2009 Tib.
559 1945 701 2010 Gracchi
725 1969 754 2010 c.
780 1947 830 2009 16.
851 1941 932 2011 ἐπεὶ
951 1949 985 2011 δὲ
1007 1947 1203 2036 συνορῶντες
1221 1951 1252 2012 οἱ

205 2051 299 2142 φίλοι
323 2047 382 2126 τὰς
405 2045 542 2126 ἀπειλὰς
570 2054 626 2114 καὶ
650 2045 709 2130 τὴν
735 2044 894 2115 σύστασιν
921 2045 1024 2140 ᾤοντο
1052 2051 1117 2114 δεῖν
1139 2049 1251 2138 ἑτέρας

203 2155 419 2243 περιέχεσθαι
440 2152 624 2240 δημαρχίας
652 2147 697 2228 εἰς
720 2147 757 2217 τό
780 2153 916 2236 μέλλον,
939 2145 1046 2228 άῦδις
1065 2147 1179 2228 ἄλλοις
1196 2145 1250 2218 νό-

203 2280 279 2340 μοις
301 2249 508 2340 ἀνελάμβανε
533 2251 572 2319 τό
596 2255 749 2334 πλῆθος,
782 2253 875 2318 τοῦτο
901 2247 1024 2342 χρόνον
1054 2253 1117 2317 τῶν
1148 2275 1250 2342 στρα-

204 2357 297 2424 τειῶν
316 2352 471 2447 ἀφαιρῶν
491 2362 546 2422 καὶ
575 2354 687 2432 διδὸνς
709 2359 945 2422 ἐπικαλεῖσθαι
972 2351 1030 2420 τὸν
1052 2355 1156 2438 δῆμον
1182 2351 1248 2453 ἀπὸ

203 2461 268 2524 τῶν
289 2459 469 2537 δικαστῶν,
494 2463 550 2523 καὶ
573 2460 643 2534 τόις
666 2459 814 2546 κρίνουσι
837 2451 911 2521 τότε
932 2457 1160 2538 σογκλητικόις
1175 2455 1250 2521 οόσι

204 2557 407 2648 καταμιγνὺς
431 2563 465 2626 ἐκ
492 2561 554 2626 τῶν
575 2563 696 2625 ἱππέων
719 2555 776 2623 τὸν
799 2561 871 2624 ἴσον
891 2553 1043 2646 ἀριθμὸν
1067 2561 1121 2621 καὶ
1141 2552 1251 2623 πάντα

205 2659 327 2754 τρόπον
346 2660 409 2744 ἤδη
431 2663 489 2743 τῆς
513 2662 637 2748 βουλῆς
659 2658 719 2742 τὴν
740 2657 833 2748 ἶσχόν
857 2653 1012 2726 κολοόων.

268 2783 334 2848 Diu
353 2782 482 2848 Cassius
497 2785 629 2866 Fragm.
645 2783 698 2845 88.
723 2773 775 2848 ότι
789 2776 806 2846 ό
821 2773 1001 2869 Ιράκχοςό
1016 2781 1167 2867 Τιβέριος
1181 2783 1252 2858 τόις

205 2889 477 2974 στρατευομένοις
495 2886 529 2950 έκ
547 2887 606 2950 τόν
622 2880 738 2970 όμέλον
752 2880 875 2969 νόμους
891 2880 983 2958 τινὰς
998 2883 1252 2971 ἐπικουροῦντας

205 2988 339 3079 ἔγραφε,
355 2994 410 3054 καὶ
426 2984 467 3052 τὰ
483 2981 681 3072 δικαστήρια
697 2983 763 3052 ἀπὸ
780 2989 837 3067 τῆς
847 2986 970 3071 βουλῆς
981 2987 1032 3050 ἐπὶ
1047 2981 1123 3062 τοὺς
1135 2989 1252 3064 ἱππέας

204 3092 331 3176 μετῆγε,
348 3086 461 3182 φόρων
476 3094 530 3154 καὶ
546 3085 721 3178 ταράσσων
732 3083 841 3154 πάντα
853 3086 892 3154 τά
904 3082 1150 3168 καθεστηκότα,
1165 3079 1252 3166 ὅπως

206 3192 275 3280 iupa
299 3187 417 3260 τούτου
443 3187 629 3284 ἀσφαλείας
655 3187 744 3268 τινὸς
771 3187 983 3276 ἐπιλάβηται.
1016 3195 1071 3256 καὶ
1094 3185 1136 3268 ῶς
1158 3187 1252 3258 οὐδὲν

207 3291 282 3361 οὐδὲ
295 3296 447 3360 ἐνταῦθα
463 3289 553 3383 anaqi
567 3288 759 3384 προεχώρει,
777 3289 863 3359 άλλόι
874 3299 929 3358 καὶ
941 3288 986 3358 h?
1003 3293 1035 3373 ἐξ
1045 3289 1100 3382 ’δεμ
1117 3293 1174 3372 τῆς
1192 3289 1251 3382 ἆρ-

203 3398 264 3484 χῆς
283 3385 340 3478 ἦν,
362 3398 542 3485 ἐπεχείρησε
564 3401 619 3462 καὶ
634 3398 666 3473 ἐς
680 3392 718 3460 τὸ
735 3393 826 3461 ἐπιόν
844 3395 915 3473 ἔτος
932 3392 1014 3483 μετά
1032 3397 1091 3461 τοῦ
1105 3393 1252 3488 ἀδελφοῦ

207 3499 432 3586 δημαρχῆσαι,
452 3505 508 3564 καὶ
525 3495 583 3563 τόν
600 3495 765 3586 πενθερὸν
782 3489 908 3563 ὕπατον
924 3493 1102 3577 ἀποδεῖξαι.

270 3602 388 3664 Florus
405 3623 534 3685 quoqne
556 3601 578 3663 1.
597 3602 632 3675 3,
660 3602 710 3661 17.
729 3599 854 3682 utrique
874 3601 1025 3663 Graccho
1046 3601 1148 3685 legem
1170 3600 1252 3662 indi·

208 3700 335 3766 ciariam
349 3701 513 3765 vindicare
527 3701 670 3765 videtur:
694 3701 886 3766 Iudiciaria
911 3705 986 3783 lege
1002 3703 1149 3766 Gracchi
1169 3705 1253 3765 divi-

207 3818 324 3868 serant
335 3808 505 3886 populum
521 3825 704 3868 romanum
719 3815 752 3866 ct
767 3804 937 3885 bicipitem
949 3827 995 3866 ex
1007 3803 1252 3894 unafecerant

206 3908 390 3970 civitatem.
425 3907 555 3970 Abrens
575 3919 676 3969 antem
698 3906 731 3968 in
754 3906 839 3968 libra
859 3907 926 3968 Dic
942 3907 1018 3967 drei
1036 3909 1252 3970 Vollsstribu-

207 4030 271 4070 nen
294 4010 371 4072 Tib.
389 4011 581 4083 Gracchus,
608 4013 662 4071 M.
677 4012 817 4070 Drusus
839 4007 909 4068 und
929 4011 967 4069 P.
985 4008 1158 4087 Sulpicius
1173 4030 1250 4089 pag.

208 4111 263 4185 29,
297 4111 374 4172 Tib.
405 4110 586 4172 Gracchum
623 4109 725 4189 legent
760 4107 955 4170 iudiciariam
994 4105 1252 4186 prornnlgavisse

206 4224 322 4296 negat,
351 4226 381 4274 et
411 4234 474 4294 ego
503 4231 632 4294 qil-oque
663 4208 694 4270 in
721 4211 795 4271 edit.
825 4207 936 4288 priore
964 4207 996 4266 id
1027 4204 1168 4284 negavi,
1198 4210 1252 4269 sed

206 4324 343 4377 temere:
369 4324 478 4376 extant
501 4310 583 4373 enirn
607 4309 785 4373 testimonia
807 4319 970 4370 auctorum
996 4304 1167 4369 luculenta.
