<?xml version="1.0" encoding="UTF-8"?>
<!DOCTYPE html PUBLIC "-//W3C//DTD XHTML 1.0 Transitional//EN"
    "http://www.w3.org/TR/xhtml1/DTD/xhtml1-transitional.dtd">
<html xmlns="http://www.w3.org/1999/xhtml" xml:lang="en" lang="en">
 <head>
  <title>
</title>
<meta http-equiv="Content-Type" content="text/html;charset=utf-8" />
  <meta name='ocr-system' content='tesseract 3.04.00' />
  <meta name='ocr-capabilities' content='ocr_page ocr_carea ocr_par ocr_line ocrx_word'/>
</head>
<body>
  <div class='ocr_page' id='page_1' title='image "./oratorumromanor02meyegoog_0296.png"; bbox 0 0 2992 4844; ppageno 0'>
   <div class='ocr_carea' id='block_1_1' title="bbox 294 343 354 406">
    <p class='ocr_par' dir='ltr' id='par_1_1' title="bbox 294 343 354 406">
     <span class='ocr_line' id='line_1_1' title="bbox 294 343 354 406; baseline 0 0"><span class='ocrx_word' id='word_1_1' title='bbox 294 343 354 406; x_wconf 76' lang='lat'><strong>276</strong></span> 
     </span>
    </p>
   </div>
   <div class='ocr_carea' id='block_1_2' title="bbox 283 497 1344 1198">
    <p class='ocr_par' dir='ltr' id='par_1_2' title="bbox 283 497 1344 1198">
     <span class='ocr_line' id='line_1_2' title="bbox 283 497 1344 583; baseline 0.002 -19"><span class='ocrx_word' id='word_1_2' title='bbox 283 500 334 565; x_wconf 74' lang='lat' dir='ltr'><strong>&#39;sit</strong></span> <span class='ocrx_word' id='word_1_3' title='bbox 361 501 532 564; x_wconf 83' lang='lat' dir='ltr'><strong>fidendum.</strong></span> <span class='ocrx_word' id='word_1_4' title='bbox 584 501 666 564; x_wconf 87' lang='lat' dir='ltr'><strong>Nam</strong></span> <span class='ocrx_word' id='word_1_5' title='bbox 705 498 767 564; x_wconf 89' lang='lat' dir='ltr'><strong>etsi</strong></span> <span class='ocrx_word' id='word_1_6' title='bbox 795 497 884 567; x_wconf 86' lang='lat' dir='ltr'><strong>Livii</strong></span> <span class='ocrx_word' id='word_1_7' title='bbox 911 499 1040 562; x_wconf 90' lang='lat' dir='ltr'><strong>multum</strong></span> <span class='ocrx_word' id='word_1_8' title='bbox 1075 504 1159 583; x_wconf 83' lang='lat' dir='ltr'><strong>apud</strong></span> <span class='ocrx_word' id='word_1_9' title='bbox 1184 523 1233 564; x_wconf 90' lang='lat' dir='ltr'><strong>me</strong></span> <span class='ocrx_word' id='word_1_10' title='bbox 1260 503 1344 566; x_wconf 86' lang='lat' dir='ltr'><strong>valet</strong></span> 
     </span>
     <span class='ocr_line' id='line_1_3' title="bbox 295 600 1344 689; baseline 0.002 -24"><span class='ocrx_word' id='word_1_11' title='bbox 295 601 486 678; x_wconf 78' lang='lat' dir='ltr'><strong>auctoritas,</strong></span> <span class='ocrx_word' id='word_1_12' title='bbox 508 614 612 665; x_wconf 89' lang='lat' dir='ltr'><strong>tamen</strong></span> <span class='ocrx_word' id='word_1_13' title='bbox 637 603 819 686; x_wconf 78' lang='lat' dir='ltr'><strong>ignorantia</strong></span> <span class='ocrx_word' id='word_1_14' title='bbox 844 600 932 686; x_wconf 88' lang='lat' dir='ltr'><strong>quasi</strong></span> <span class='ocrx_word' id='word_1_15' title='bbox 956 605 1109 687; x_wconf 83' lang='lat' dir='ltr'><strong>quaedam</strong></span> <span class='ocrx_word' id='word_1_16' title='bbox 1132 605 1170 666; x_wconf 89' lang='lat' dir='ltr'><strong>de</strong></span> <span class='ocrx_word' id='word_1_17' title='bbox 1189 604 1344 689; x_wconf 85' lang='lat' dir='ltr'><strong>antiquis·</strong></span> 
     </span>
     <span class='ocr_line' id='line_1_4' title="bbox 294 704 1342 787; baseline 0.002 -19"><span class='ocrx_word' id='word_1_18' title='bbox 294 705 376 768; x_wconf 89' lang='lat' dir='ltr'><strong>simo</strong></span> <span class='ocrx_word' id='word_1_19' title='bbox 399 727 504 767; x_wconf 86' lang='lat' dir='ltr'><strong>rerum</strong></span> <span class='ocrx_word' id='word_1_20' title='bbox 533 727 735 769; x_wconf 86' lang='lat' dir='ltr'><strong>romanarum</strong></span> <span class='ocrx_word' id='word_1_21' title='bbox 761 718 842 768; x_wconf 86' lang='lat' dir='ltr'><strong>statu</strong></span> <span class='ocrx_word' id='word_1_22' title='bbox 866 704 1021 767; x_wconf 87' lang='lat' dir='ltr'><strong>interdum</strong></span> <span class='ocrx_word' id='word_1_23' title='bbox 1049 718 1201 787; x_wconf 88' lang='lat' dir='ltr'><strong>apparet,</strong></span> <span class='ocrx_word' id='word_1_24' title='bbox 1220 707 1342 771; x_wconf 78' lang='lat' dir='ltr'><strong>Gellius</strong></span> 
     </span>
     <span class='ocr_line' id='line_1_5' title="bbox 295 806 1343 892; baseline 0.002 -22"><span class='ocrx_word' id='word_1_25' title='bbox 295 819 416 878; x_wconf 84' lang='lat' dir='ltr'><strong>antem,</strong></span> <span class='ocrx_word' id='word_1_26' title='bbox 449 806 508 870; x_wconf 88' lang='lat' dir='ltr'><strong>etsi</strong></span> <span class='ocrx_word' id='word_1_27' title='bbox 536 807 665 892; x_wconf 86' lang='lat' dir='ltr'><strong>ingenio</strong></span> <span class='ocrx_word' id='word_1_28' title='bbox 694 809 790 892; x_wconf 83' lang='lat' dir='ltr'><strong>longe</strong></span> <span class='ocrx_word' id='word_1_29' title='bbox 821 807 973 881; x_wconf 79' lang='lat' dir='ltr'><strong>inferior,</strong></span> <span class='ocrx_word' id='word_1_30' title='bbox 991 807 1102 869; x_wconf 80' lang='lat' dir='ltr'><strong>&#39;inulta</strong></span> <span class='ocrx_word' id='word_1_31' title='bbox 1131 820 1161 870; x_wconf 90' lang='lat' dir='ltr'><strong>et</strong></span> <span class='ocrx_word' id='word_1_32' title='bbox 1193 822 1343 872; x_wconf 88' lang='lat' dir='ltr'><strong>accurata</strong></span> 
     </span>
     <span class='ocr_line' id='line_1_6' title="bbox 294 910 1342 993; baseline 0.001 -20"><span class='ocrx_word' id='word_1_33' title='bbox 294 910 479 992; x_wconf 80' lang='lat' dir='ltr'><strong>cognitione</strong></span> <span class='ocrx_word' id='word_1_34' title='bbox 519 922 713 972; x_wconf 87' lang='lat' dir='ltr'><strong>vetustarum</strong></span> <span class='ocrx_word' id='word_1_35' title='bbox 744 911 907 973; x_wconf 90' lang='lat' dir='ltr'><strong>literarum</strong></span> <span class='ocrx_word' id='word_1_36' title='bbox 943 931 1144 974; x_wconf 84' lang='lat' dir='ltr'><strong>romanarum</strong></span> <span class='ocrx_word' id='word_1_37' title='bbox 1180 913 1342 993; x_wconf 85' lang='lat' dir='ltr'><strong>praeditus</strong></span> 
     </span>
     <span class='ocr_line' id='line_1_7' title="bbox 293 1012 1344 1088; baseline 0.001 -12"><span class='ocrx_word' id='word_1_38' title='bbox 293 1026 355 1088; x_wconf 90' lang='lat' dir='ltr'><strong>est,</strong></span> <span class='ocrx_word' id='word_1_39' title='bbox 377 1013 418 1075; x_wconf 88' lang='lat' dir='ltr'><strong>ita</strong></span> <span class='ocrx_word' id='word_1_40' title='bbox 449 1024 482 1074; x_wconf 87' lang='lat' dir='ltr'><strong>nt</strong></span> <span class='ocrx_word' id='word_1_41' title='bbox 505 1012 538 1075; x_wconf 94' lang='lat' dir='ltr'><strong>iu</strong></span> <span class='ocrx_word' id='word_1_42' title='bbox 567 1013 623 1076; x_wconf 92' lang='lat' dir='ltr'><strong>tali</strong></span> <span class='ocrx_word' id='word_1_43' title='bbox 651 1035 686 1076; x_wconf 92' lang='lat' dir='ltr'><strong>re</strong></span> <span class='ocrx_word' id='word_1_44' title='bbox 721 1012 822 1076; x_wconf 90' lang='lat' dir='ltr'><strong>minus</strong></span> <span class='ocrx_word' id='word_1_45' title='bbox 845 1012 941 1076; x_wconf 83' lang='lat' dir='ltr'><strong>facile</strong></span> <span class='ocrx_word' id='word_1_46' title='bbox 973 1033 1116 1078; x_wconf 87' lang='lat' dir='ltr'><strong>errorem</strong></span> <span class='ocrx_word' id='word_1_47' title='bbox 1148 1014 1344 1078; x_wconf 89' lang='lat' dir='ltr'><strong>commiserit</strong></span> 
     </span>
     <span class='ocr_line' id='line_1_8' title="bbox 293 1115 537 1198; baseline 0.008 -22"><span class='ocrx_word' id='word_1_48' title='bbox 293 1137 386 1198; x_wconf 88' lang='lat' dir='ltr'><strong>quam</strong></span> <span class='ocrx_word' id='word_1_49' title='bbox 410 1115 537 1178; x_wconf 82' lang='lat' dir='ltr'><strong>Livius.</strong></span> 
     </span>
    </p>
   </div>
   <div class='ocr_carea' id='block_1_3' title="bbox 612 1387 1019 1461">
    <p class='ocr_par' dir='ltr' id='par_1_3' title="bbox 612 1387 1019 1461">
     <span class='ocr_line' id='line_1_9' title="bbox 612 1387 1019 1461; baseline 0.002 -15"><span class='ocrx_word' id='word_1_50' title='bbox 612 1387 640 1446; x_wconf 84' lang='grc'><strong>5.</strong></span> <span class='ocrx_word' id='word_1_51' title='bbox 681 1388 781 1446; x_wconf 85' lang='lat' dir='ltr'><strong>Oratio</strong></span> <span class='ocrx_word' id='word_1_52' title='bbox 800 1393 866 1461; x_wconf 88' lang='lat' dir='ltr'><strong>post</strong></span> <span class='ocrx_word' id='word_1_53' title='bbox 884 1391 1019 1447; x_wconf 89' lang='lat' dir='ltr'><strong>reditum.</strong></span> 
     </span>
    </p>
   </div>
   <div class='ocr_carea' id='block_1_4' title="bbox 290 1516 1341 2117">
    <p class='ocr_par' dir='ltr' id='par_1_4' title="bbox 356 1516 822 1600">
     <span class='ocr_line' id='line_1_10' title="bbox 356 1516 822 1600; baseline 0.011 -21"><span class='ocrx_word' id='word_1_54' title='bbox 356 1516 405 1582; x_wconf 89' lang='lat' dir='ltr'><strong>Ea</strong></span> <span class='ocrx_word' id='word_1_55' title='bbox 427 1517 512 1581; x_wconf 87' lang='lat' dir='ltr'><strong>dicta</strong></span> <span class='ocrx_word' id='word_1_56' title='bbox 534 1531 581 1582; x_wconf 86' lang='lat' dir='ltr'><strong>est</strong></span> <span class='ocrx_word' id='word_1_57' title='bbox 606 1540 636 1582; x_wconf 89' lang='lat' dir='ltr'><strong>a.</strong></span> <span class='ocrx_word' id='word_1_58' title='bbox 662 1519 721 1582; x_wconf 92' lang='grc'><strong>655</strong></span> <span class='ocrx_word' id='word_1_59' title='bbox 740 1521 822 1600; x_wconf 89' lang='grc'>(99).</span> 
     </span>
    </p>

    <p class='ocr_par' dir='ltr' id='par_1_5' title="bbox 290 1621 1341 2012">
     <span class='ocr_line' id='line_1_11' title="bbox 357 1621 1341 1705; baseline -0.002 -17"><span class='ocrx_word' id='word_1_60' title='bbox 357 1624 439 1689; x_wconf 89' lang='lat' dir='ltr'><strong>Cum</strong></span> <span class='ocrx_word' id='word_1_61' title='bbox 462 1621 616 1684; x_wconf 87' lang='lat' dir='ltr'><strong>Metellus</strong></span> <span class='ocrx_word' id='word_1_62' title='bbox 638 1622 750 1685; x_wconf 89' lang='lat' dir='ltr'><strong>Mario</strong></span> <span class='ocrx_word' id='word_1_63' title='bbox 777 1635 808 1684; x_wconf 89' lang='lat' dir='ltr'><strong>et</strong></span> <span class='ocrx_word' id='word_1_64' title='bbox 829 1621 965 1684; x_wconf 88' lang='lat' dir='ltr'><strong>tribunis</strong></span> <span class='ocrx_word' id='word_1_65' title='bbox 988 1623 1035 1705; x_wconf 93' lang='lat' dir='ltr'><strong>pl.</strong></span> <span class='ocrx_word' id='word_1_66' title='bbox 1059 1623 1261 1686; x_wconf 82' lang='lat' dir='ltr'><strong>vehementer</strong></span> <span class='ocrx_word' id='word_1_67' title='bbox 1288 1646 1341 1686; x_wconf 87' lang='lat' dir='ltr'><strong>re·</strong></span> 
     </span>
     <span class='ocr_line' id='line_1_12' title="bbox 291 1723 1341 1800; baseline -0.006 -6"><span class='ocrx_word' id='word_1_68' title='bbox 291 1729 435 1800; x_wconf 80' lang='lat' dir='ltr'><strong>sisteret,</strong></span> <span class='ocrx_word' id='word_1_69' title='bbox 470 1728 662 1800; x_wconf 85' lang='lat' dir='ltr'><strong>effecerunt,</strong></span> <span class='ocrx_word' id='word_1_70' title='bbox 694 1735 726 1785; x_wconf 89' lang='lat' dir='ltr'><strong>ni</strong></span> <span class='ocrx_word' id='word_1_71' title='bbox 765 1723 798 1786; x_wconf 91' lang='lat' dir='ltr'><strong>in</strong></span> <span class='ocrx_word' id='word_1_72' title='bbox 835 1723 963 1787; x_wconf 87' lang='lat' dir='ltr'><strong>exilium</strong></span> <span class='ocrx_word' id='word_1_73' title='bbox 1001 1725 1172 1789; x_wconf 89' lang='lat' dir='ltr'><strong>eiiceretur</strong></span> <span class='ocrx_word' id='word_1_74' title='bbox 1209 1747 1239 1788; x_wconf 93' lang='lat' dir='ltr'><strong>a.</strong></span> <span class='ocrx_word' id='word_1_75' title='bbox 1278 1728 1341 1788; x_wconf 81' lang='lat' dir='ltr'><strong>65&#39;t</strong></span> 
     </span>
     <span class='ocr_line' id='line_1_13' title="bbox 292 1828 1341 1913; baseline -0.001 -20"><span class='ocrx_word' id='word_1_76' title='bbox 292 1834 395 1913; x_wconf 89' lang='grc'>(100).</span> <span class='ocrx_word' id='word_1_77' title='bbox 441 1831 504 1891; x_wconf 84' lang='lat' dir='ltr'><strong>Sed</strong></span> <span class='ocrx_word' id='word_1_78' title='bbox 528 1839 698 1890; x_wconf 89' lang='lat' dir='ltr'><strong>revocatur</strong></span> <span class='ocrx_word' id='word_1_79' title='bbox 724 1849 753 1890; x_wconf 95' lang='lat' dir='ltr'><strong>a.</strong></span> <span class='ocrx_word' id='word_1_80' title='bbox 788 1829 847 1889; x_wconf 92' lang='grc'><strong>655</strong></span> <span class='ocrx_word' id='word_1_81' title='bbox 870 1829 937 1904; x_wconf 91' lang='grc'>(99)</span> <span class='ocrx_word' id='word_1_82' title='bbox 965 1828 1135 1908; x_wconf 76' lang='lat' dir='ltr'><strong>rogatione</strong></span> <span class='ocrx_word' id='word_1_83' title='bbox 1157 1830 1200 1910; x_wconf 86' lang='lat' dir='ltr'><strong>Q.</strong></span> <span class='ocrx_word' id='word_1_84' title='bbox 1219 1828 1341 1892; x_wconf 89' lang='lat' dir='ltr'><strong>Calidii</strong></span> 
     </span>
     <span class='ocr_line' id='line_1_14' title="bbox 290 1929 1263 2012; baseline -0.003 -15"><span class='ocrx_word' id='word_1_85' title='bbox 290 1931 411 1997; x_wconf 90' lang='lat' dir='ltr'><strong>tribuni</strong></span> <span class='ocrx_word' id='word_1_86' title='bbox 435 1933 480 2012; x_wconf 89' lang='lat' dir='ltr'><strong>pl.</strong></span> <span class='ocrx_word' id='word_1_87' title='bbox 508 1931 583 1992; x_wconf 91' lang='lat' dir='ltr'><strong>Liv.</strong></span> <span class='ocrx_word' id='word_1_88' title='bbox 610 1929 715 2010; x_wconf 83' lang='lat' dir='ltr'><strong>Epist.</strong></span> <span class='ocrx_word' id='word_1_89' title='bbox 742 1932 794 1992; x_wconf 87' lang='grc'><strong>69.</strong></span> <span class='ocrx_word' id='word_1_90' title='bbox 827 1930 957 2011; x_wconf 88' lang='lat' dir='ltr'><strong>Appiau</strong></span> <span class='ocrx_word' id='word_1_91' title='bbox 984 1931 1060 1994; x_wconf 90' lang='lat' dir='ltr'><strong>Civ.</strong></span> <span class='ocrx_word' id='word_1_92' title='bbox 1087 1933 1127 1993; x_wconf 87' lang='lat' dir='ltr'><strong>B.</strong></span> <span class='ocrx_word' id='word_1_93' title='bbox 1152 1934 1179 2006; x_wconf 91' lang='grc'><strong>1,</strong></span> <span class='ocrx_word' id='word_1_94' title='bbox 1211 1933 1263 1994; x_wconf 79' lang='grc'><strong>33.</strong></span> 
     </span>
    </p>

    <p class='ocr_par' dir='ltr' id='par_1_6' title="bbox 356 2031 1341 2117">
     <span class='ocr_line' id='line_1_15' title="bbox 356 2031 1341 2117; baseline -0.003 -19"><span class='ocrx_word' id='word_1_95' title='bbox 356 2037 460 2098; x_wconf 88' lang='lat' dir='ltr'><strong>Ummr</strong></span> <span class='ocrx_word' id='word_1_96' title='bbox 482 2044 599 2094; x_wconf 88' lang='lat' dir='ltr'><strong>tantum</strong></span> <span class='ocrx_word' id='word_1_97' title='bbox 625 2031 794 2114; x_wconf 80' lang='lat' dir='ltr'><strong>vestigium</strong></span> <span class='ocrx_word' id='word_1_98' title='bbox 829 2032 921 2094; x_wconf 86' lang='lat' dir='ltr'><strong>buius</strong></span> <span class='ocrx_word' id='word_1_99' title='bbox 952 2033 1125 2108; x_wconf 90' lang='lat' dir='ltr'><strong>orationis,</strong></span> <span class='ocrx_word' id='word_1_100' title='bbox 1152 2056 1244 2117; x_wconf 88' lang='lat' dir='ltr'><strong>quam</strong></span> <span class='ocrx_word' id='word_1_101' title='bbox 1265 2045 1341 2114; x_wconf 89' lang='lat' dir='ltr'><strong>post</strong></span> 
     </span>
    </p>
   </div>
   <div class='ocr_carea' id='block_1_5' title="bbox 290 2134 1480 2216">
    <p class='ocr_par' dir='ltr' id='par_1_7' title="bbox 290 2134 1480 2216">
     <span class='ocr_line' id='line_1_16' title="bbox 290 2134 1480 2216; baseline -0.005 -15"><span class='ocrx_word' id='word_1_102' title='bbox 290 2137 425 2201; x_wconf 85' lang='lat' dir='ltr'><strong>reditum</strong></span> <span class='ocrx_word' id='word_1_103' title='bbox 460 2158 499 2197; x_wconf 89' lang='lat' dir='ltr'><strong>ex</strong></span> <span class='ocrx_word' id='word_1_104' title='bbox 526 2134 625 2198; x_wconf 89' lang='lat' dir='ltr'><strong>exilio</strong></span> <span class='ocrx_word' id='word_1_105' title='bbox 659 2136 786 2209; x_wconf 87' lang='lat' dir='ltr'><strong>habuit,</strong></span> <span class='ocrx_word' id='word_1_106' title='bbox 819 2147 976 2216; x_wconf 87' lang='lat' dir='ltr'><strong>superest.</strong></span> <span class='ocrx_word' id='word_1_107' title='bbox 1011 2134 1111 2198; x_wconf 87' lang='lat' dir='ltr'><strong>Cous.</strong></span> <span class='ocrx_word' id='word_1_108' title='bbox 1138 2135 1340 2198; x_wconf 89' lang='lat' dir='ltr'><strong>Freinsheim</strong></span> <span class='ocrx_word' id='word_1_109' title='bbox 1447 2145 1449 2148; x_wconf 83' lang='lat'>&#39;</span> <span class='ocrx_word' id='word_1_110' title='bbox 1479 2147 1480 2150; x_wconf 76' lang='grc'>’</span> 
     </span>
    </p>
   </div>
   <div class='ocr_carea' id='block_1_6' title="bbox 290 2237 1341 2730">
    <p class='ocr_par' dir='ltr' id='par_1_8' title="bbox 290 2237 1341 2730">
     <span class='ocr_line' id='line_1_17' title="bbox 292 2237 1302 2322; baseline -0.008 -19"><span class='ocrx_word' id='word_1_111' title='bbox 292 2240 457 2322; x_wconf 88' lang='lat' dir='ltr'><strong>Supplem.</strong></span> <span class='ocrx_word' id='word_1_112' title='bbox 481 2237 570 2300; x_wconf 88' lang='lat' dir='ltr'><strong>Livii</strong></span> <span class='ocrx_word' id='word_1_113' title='bbox 601 2239 623 2300; x_wconf 93' lang='lat' dir='ltr'><strong>l.</strong></span> <span class='ocrx_word' id='word_1_114' title='bbox 648 2238 697 2310; x_wconf 90' lang='grc'><strong>69,</strong></span> <span class='ocrx_word' id='word_1_115' title='bbox 724 2239 776 2301; x_wconf 84' lang='grc'><strong>53.</strong></span> <span class='ocrx_word' id='word_1_116' title='bbox 1298 2279 1302 2286; x_wconf 86' lang='grc'><strong>-</strong></span> 
     </span>
     <span class='ocr_line' id='line_1_18' title="bbox 354 2337 1341 2423; baseline -0.002 -19"><span class='ocrx_word' id='word_1_117' title='bbox 354 2342 477 2404; x_wconf 84' lang='lat' dir='ltr'><strong>Gellius</strong></span> <span class='ocrx_word' id='word_1_118' title='bbox 502 2342 559 2416; x_wconf 84' lang='lat'><strong>13,</strong></span> <span class='ocrx_word' id='word_1_119' title='bbox 585 2341 637 2402; x_wconf 76' lang='grc'><strong>98.</strong></span> <span class='ocrx_word' id='word_1_120' title='bbox 683 2342 794 2402; x_wconf 85' lang='lat' dir='ltr'><strong>Verba</strong></span> <span class='ocrx_word' id='word_1_121' title='bbox 820 2350 890 2402; x_wconf 89' lang='lat' dir='ltr'><strong>sunt</strong></span> <span class='ocrx_word' id='word_1_122' title='bbox 918 2337 1046 2403; x_wconf 87' lang='lat' dir='ltr'><strong>Claudii</strong></span> <span class='ocrx_word' id='word_1_123' title='bbox 1074 2338 1281 2423; x_wconf 80' lang='lat' dir='ltr'><strong>Quadrigarii</strong></span> <span class='ocrx_word' id='word_1_124' title='bbox 1294 2360 1341 2422; x_wconf 51' lang='lat' dir='ltr'><strong>¹ex</strong></span> 
     </span>
     <span class='ocr_line' id='line_1_19' title="bbox 291 2442 1340 2510; baseline -0.007 0"><span class='ocrx_word' id='word_1_125' title='bbox 291 2444 462 2510; x_wconf 85' lang='lat' dir='ltr'><strong>Annalium</strong></span> <span class='ocrx_word' id='word_1_126' title='bbox 500 2443 566 2506; x_wconf 89' lang='lat' dir='ltr'><strong>eius</strong></span> <span class='ocrx_word' id='word_1_127' title='bbox 598 2443 698 2506; x_wconf 84' lang='lat' dir='ltr'><strong>XllI:</strong></span> <span class='ocrx_word' id='word_1_128' title='bbox 734 2442 900 2506; x_wconf 84' lang='lat' dir='ltr'><strong>Contione</strong></span> <span class='ocrx_word' id='word_1_129' title='bbox 933 2444 1077 2504; x_wconf 80' lang='lat' dir='ltr'><strong>dimissa</strong></span> <span class='ocrx_word' id='word_1_130' title='bbox 1105 2446 1269 2506; x_wconf 84' lang='lat' dir='ltr'><strong>Metellus</strong></span> <span class='ocrx_word' id='word_1_131' title='bbox 1302 2443 1340 2503; x_wconf 87' lang='lat' dir='ltr'><strong>in</strong></span> 
     </span>
     <span class='ocr_line' id='line_1_20' title="bbox 291 2545 1341 2628; baseline -0.002 -19"><span class='ocrx_word' id='word_1_132' title='bbox 291 2550 500 2628; x_wconf 79' lang='lat' dir='ltr'><strong>Capitolium</strong></span> <span class='ocrx_word' id='word_1_133' title='bbox 526 2545 614 2608; x_wconf 83' lang='lat' dir='ltr'><strong>venit</strong></span> <span class='ocrx_word' id='word_1_134' title='bbox 642 2567 718 2606; x_wconf 86' lang='lat' dir='ltr'><strong>eum</strong></span> <span class='ocrx_word' id='word_1_135' title='bbox 753 2545 870 2606; x_wconf 70' lang='lat' dir='ltr'><strong>miultis</strong></span> <span class='ocrx_word' id='word_1_136' title='bbox 909 2546 1131 2616; x_wconf 82' lang='lat' dir='ltr'><strong>mor·tolibus,·</strong></span> <span class='ocrx_word' id='word_1_137' title='bbox 1161 2546 1239 2606; x_wconf 81' lang='lat' dir='ltr'><strong>inde</strong></span> <span class='ocrx_word' id='word_1_138' title='bbox 1261 2566 1341 2607; x_wconf 89' lang='lat' dir='ltr'><strong>cum</strong></span> 
     </span>
     <span class='ocr_line' id='line_1_21' title="bbox 290 2647 1222 2730; baseline -0.002 -18"><span class='ocrx_word' id='word_1_139' title='bbox 290 2651 431 2713; x_wconf 83' lang='lat' dir='ltr'><strong>domum</strong></span> <span class='ocrx_word' id='word_1_140' title='bbox 453 2649 705 2730; x_wconf 80' lang='lat' dir='ltr'><strong>proficiscitur,</strong></span> <span class='ocrx_word' id='word_1_141' title='bbox 729 2659 803 2709; x_wconf 86' lang='lat' dir='ltr'><strong>tota</strong></span> <span class='ocrx_word' id='word_1_142' title='bbox 826 2647 947 2709; x_wconf 83' lang='lat' dir='ltr'><strong>ciuitas</strong></span> <span class='ocrx_word' id='word_1_143' title='bbox 966 2670 1045 2710; x_wconf 88' lang='lat' dir='ltr'><strong>eum</strong></span> <span class='ocrx_word' id='word_1_144' title='bbox 1065 2649 1222 2710; x_wconf 72' lang='lat' dir='ltr'><strong>reduxit.</strong></span> 
     </span>
    </p>
   </div>
   <div class='ocr_carea' id='block_1_7' title="bbox 327 2790 1339 2928">
    <p class='ocr_par' dir='ltr' id='par_1_9' title="bbox 327 2790 1339 2928">
     <span class='ocr_line' id='line_1_22' title="bbox 327 2790 1339 2852; baseline -0.001 -13"><span class='ocrx_word' id='word_1_145' title='bbox 327 2790 447 2840; x_wconf 79' lang='lat' dir='ltr'><strong>Contione</strong></span> <span class='ocrx_word' id='word_1_146' title='bbox 465 2792 584 2852; x_wconf 77' lang='lat' dir='ltr'><strong>dimissu]</strong></span> <span class='ocrx_word' id='word_1_147' title='bbox 621 2793 756 2837; x_wconf 85' lang='lat' dir='ltr'><strong>contionem</strong></span> <span class='ocrx_word' id='word_1_148' title='bbox 775 2795 874 2848; x_wconf 81' lang='lat' dir='ltr'><strong>dimisit,</strong></span> <span class='ocrx_word' id='word_1_149' title='bbox 894 2800 1020 2852; x_wconf 80' lang='lat' dir='ltr'><strong>postquam</strong></span> <span class='ocrx_word' id='word_1_150' title='bbox 1038 2794 1172 2840; x_wconf 81' lang='lat' dir='ltr'><strong>orationem</strong></span> <span class='ocrx_word' id='word_1_151' title='bbox 1185 2795 1208 2838; x_wconf 90' lang='lat' dir='ltr'><strong>in</strong></span> <span class='ocrx_word' id='word_1_152' title='bbox 1223 2794 1339 2838; x_wconf 81' lang='lat' dir='ltr'><strong>concione</strong></span> 
     </span>
     <span class='ocr_line' id='line_1_23' title="bbox 362 2884 471 2928; baseline 0.009 -2"><span class='ocrx_word' id='word_1_153' title='bbox 362 2884 471 2928; x_wconf 79' lang='lat' dir='ltr'><strong>dixisset.</strong></span> 
     </span>
    </p>
   </div>
   <div class='ocr_carea' id='block_1_8' title="bbox 376 3104 1248 3213">
    <p class='ocr_par' dir='ltr' id='par_1_10' title="bbox 376 3104 1248 3213">
     <span class='ocr_line' id='line_1_24' title="bbox 376 3104 1248 3213; baseline 0 -15"><span class='ocrx_word' id='word_1_154' title='bbox 376 3143 405 3198; x_wconf 88' lang='grc'><strong>6.</strong></span> <span class='ocrx_word' id='word_1_155' title='bbox 445 3141 599 3200; x_wconf 85' lang='lat' dir='ltr'><strong>Orationes</strong></span> <span class='ocrx_word' id='word_1_156' title='bbox 619 3104 818 3199; x_wconf 87' lang='lat' dir='ltr'><strong>iuvaterium</strong></span> <span class='ocrx_word' id='word_1_157' title='bbox 838 3142 993 3200; x_wconf 86' lang='lat' dir='ltr'><strong>Messalam</strong></span> <span class='ocrx_word' id='word_1_158' title='bbox 1014 3142 1248 3213; x_wconf 88' lang='lat' dir='ltr'><strong>repetundarum.</strong></span> 
     </span>
    </p>
   </div>
   <div class='ocr_carea' id='block_1_9' title="bbox 285 3271 1339 4376">
    <p class='ocr_par' dir='ltr' id='par_1_11' title="bbox 285 3271 1339 4376">
     <span class='ocr_line' id='line_1_25' title="bbox 353 3271 1338 3357; baseline 0 -22"><span class='ocrx_word' id='word_1_159' title='bbox 353 3273 507 3335; x_wconf 88' lang='lat' dir='ltr'><strong>Metellus</strong></span> <span class='ocrx_word' id='word_1_160' title='bbox 530 3272 691 3335; x_wconf 87' lang='lat' dir='ltr'><strong>accusavit</strong></span> <span class='ocrx_word' id='word_1_161' title='bbox 711 3271 876 3336; x_wconf 85' lang='lat' dir='ltr'><strong>Valerium</strong></span> <span class='ocrx_word' id='word_1_162' title='bbox 893 3276 1048 3357; x_wconf 83' lang='lat' dir='ltr'><strong>quendum</strong></span> <span class='ocrx_word' id='word_1_163' title='bbox 1073 3273 1257 3346; x_wconf 90' lang='lat' dir='ltr'><strong>Messalam,</strong></span> <span class='ocrx_word' id='word_1_164' title='bbox 1281 3271 1338 3356; x_wconf 89' lang='lat' dir='ltr'><strong>qui</strong></span> 
     </span>
     <span class='ocr_line' id='line_1_26' title="bbox 289 3365 1338 3458; baseline -0.002 -20"><span class='ocrx_word' id='word_1_165' title='bbox 289 3375 322 3438; x_wconf 89' lang='lat' dir='ltr'><strong>in</strong></span> <span class='ocrx_word' id='word_1_166' title='bbox 343 3375 587 3438; x_wconf 84' lang='lat' dir='ltr'><strong>adrninistranda</strong></span> <span class='ocrx_word' id='word_1_167' title='bbox 607 3365 775 3456; x_wconf 78' lang='lat' dir='ltr'><strong>provincia</strong></span> <span class='ocrx_word' id='word_1_168' title='bbox 800 3376 907 3439; x_wconf 90' lang='lat' dir='ltr'><strong>socios</strong></span> <span class='ocrx_word' id='word_1_169' title='bbox 934 3386 1104 3438; x_wconf 88' lang='lat' dir='ltr'><strong>vexaverat</strong></span> <span class='ocrx_word' id='word_1_170' title='bbox 1123 3373 1338 3458; x_wconf 77' lang='lat' dir='ltr'><strong>pecuniasque</strong></span> 
     </span>
     <span class='ocr_line' id='line_1_27' title="bbox 290 3477 1339 3560; baseline -0.004 -19"><span class='ocrx_word' id='word_1_171' title='bbox 290 3491 455 3560; x_wconf 83' lang='lat' dir='ltr'><strong>exegerat.</strong></span> <span class='ocrx_word' id='word_1_172' title='bbox 481 3477 713 3560; x_wconf 88' lang='lat' dir='ltr'><strong>interpretibus</strong></span> <span class='ocrx_word' id='word_1_173' title='bbox 734 3481 837 3540; x_wconf 87' lang='lat' dir='ltr'><strong>adbuc</strong></span> <span class='ocrx_word' id='word_1_174' title='bbox 857 3500 918 3540; x_wconf 89' lang='lat' dir='ltr'><strong>nou</strong></span> <span class='ocrx_word' id='word_1_175' title='bbox 939 3477 1086 3558; x_wconf 77' lang='lat' dir='ltr'><strong>contigit,</strong></span> <span class='ocrx_word' id='word_1_176' title='bbox 1103 3489 1135 3537; x_wconf 90' lang='lat' dir='ltr'><strong>nt</strong></span> <span class='ocrx_word' id='word_1_177' title='bbox 1151 3479 1233 3536; x_wconf 90' lang='lat' dir='ltr'><strong>bunc</strong></span> <span class='ocrx_word' id='word_1_178' title='bbox 1247 3477 1339 3538; x_wconf 89' lang='lat' dir='ltr'><strong>Mes·</strong></span> 
     </span>
     <span class='ocr_line' id='line_1_28' title="bbox 289 3580 1336 3661; baseline -0.002 -19"><span class='ocrx_word' id='word_1_179' title='bbox 289 3581 385 3643; x_wconf 90' lang='lat' dir='ltr'><strong>salam</strong></span> <span class='ocrx_word' id='word_1_180' title='bbox 409 3580 635 3661; x_wconf 87' lang='lat' dir='ltr'><strong>explorarent,</strong></span> <span class='ocrx_word' id='word_1_181' title='bbox 669 3602 705 3642; x_wconf 92' lang='lat' dir='ltr'><strong>ac</strong></span> <span class='ocrx_word' id='word_1_182' title='bbox 739 3582 848 3644; x_wconf 88' lang='lat' dir='ltr'><strong>nescio</strong></span> <span class='ocrx_word' id='word_1_183' title='bbox 873 3580 971 3642; x_wconf 87' lang='lat' dir='ltr'><strong>ausit</strong></span> <span class='ocrx_word' id='word_1_184' title='bbox 997 3582 1048 3641; x_wconf 88' lang='lat' dir='ltr'><strong>M.</strong></span> <span class='ocrx_word' id='word_1_185' title='bbox 1076 3580 1154 3641; x_wconf 89' lang='lat' dir='ltr'><strong>Val.</strong></span> <span class='ocrx_word' id='word_1_186' title='bbox 1183 3580 1336 3655; x_wconf 86' lang='lat' dir='ltr'><strong>Messala,</strong></span> 
     </span>
     <span class='ocr_line' id='line_1_29' title="bbox 289 3680 1337 3768; baseline 0.001 -26"><span class='ocrx_word' id='word_1_187' title='bbox 289 3694 440 3766; x_wconf 90' lang='lat' dir='ltr'><strong>quaestor</strong></span> <span class='ocrx_word' id='word_1_188' title='bbox 464 3703 494 3744; x_wconf 93' lang='lat' dir='ltr'><strong>a.</strong></span> <span class='ocrx_word' id='word_1_189' title='bbox 520 3683 580 3743; x_wconf 80' lang='grc'><strong>616</strong></span> <span class='ocrx_word' id='word_1_190' title='bbox 605 3683 709 3758; x_wconf 81' lang='grc'>(108),</span> <span class='ocrx_word' id='word_1_191' title='bbox 732 3684 786 3768; x_wconf 88' lang='lat' dir='ltr'><strong>qui</strong></span> <span class='ocrx_word' id='word_1_192' title='bbox 805 3683 928 3745; x_wconf 63' lang='lat' dir='ltr'><strong>‘deinde</strong></span> <span class='ocrx_word' id='word_1_193' title='bbox 952 3704 982 3743; x_wconf 89' lang='lat' dir='ltr'><strong>a.</strong></span> <span class='ocrx_word' id='word_1_194' title='bbox 1011 3683 1072 3744; x_wconf 87' lang='grc'><strong>661</strong></span> <span class='ocrx_word' id='word_1_195' title='bbox 1093 3683 1161 3760; x_wconf 91' lang='grc'>(90)</span> <span class='ocrx_word' id='word_1_196' title='bbox 1186 3682 1268 3742; x_wconf 90' lang='lat' dir='ltr'><strong>inter</strong></span> <span class='ocrx_word' id='word_1_197' title='bbox 1291 3680 1337 3743; x_wconf 89' lang='lat' dir='ltr'><strong>le-</strong></span> 
     </span>
     <span class='ocr_line' id='line_1_30' title="bbox 290 3781 1337 3867; baseline 0.001 -23"><span class='ocrx_word' id='word_1_198' title='bbox 290 3797 383 3867; x_wconf 84' lang='lat' dir='ltr'><strong>gatos</strong></span> <span class='ocrx_word' id='word_1_199' title='bbox 406 3795 488 3857; x_wconf 85' lang='lat' dir='ltr'><strong>erat,</strong></span> <span class='ocrx_word' id='word_1_200' title='bbox 513 3784 567 3866; x_wconf 87' lang='lat' dir='ltr'><strong>qni</strong></span> <span class='ocrx_word' id='word_1_201' title='bbox 590 3785 674 3846; x_wconf 91' lang='lat' dir='ltr'><strong>bello</strong></span> <span class='ocrx_word' id='word_1_202' title='bbox 698 3785 845 3846; x_wconf 90' lang='lat' dir='ltr'><strong>Marsico</strong></span> <span class='ocrx_word' id='word_1_203' title='bbox 871 3796 983 3847; x_wconf 89' lang='lat' dir='ltr'><strong>contra</strong></span> <span class='ocrx_word' id='word_1_204' title='bbox 1008 3783 1116 3846; x_wconf 91' lang='lat' dir='ltr'><strong>socios</strong></span> <span class='ocrx_word' id='word_1_205' title='bbox 1140 3781 1337 3845; x_wconf 90' lang='lat' dir='ltr'><strong>exercitibus</strong></span> 
     </span>
     <span class='ocr_line' id='line_1_31' title="bbox 287 3884 1335 3968; baseline 0.001 -23"><span class='ocrx_word' id='word_1_206' title='bbox 287 3884 467 3965; x_wconf 83' lang='lat' dir='ltr'><strong>praefuere,</strong></span> <span class='ocrx_word' id='word_1_207' title='bbox 485 3885 637 3968; x_wconf 74' lang='lat' dir='ltr'><strong>citiusque</strong></span> <span class='ocrx_word' id='word_1_208' title='bbox 660 3885 799 3946; x_wconf 87' lang='lat' dir='ltr'><strong>meminit</strong></span> <span class='ocrx_word' id='word_1_209' title='bbox 821 3885 988 3966; x_wconf 83' lang='lat' dir='ltr'><strong>Appiauus</strong></span> <span class='ocrx_word' id='word_1_210' title='bbox 1011 3886 1094 3947; x_wconf 90' lang='lat' dir='ltr'><strong>Bell.</strong></span> <span class='ocrx_word' id='word_1_211' title='bbox 1113 3884 1219 3948; x_wconf 81' lang='lat' dir='ltr'><strong>Civil.¹</strong></span> <span class='ocrx_word' id='word_1_212' title='bbox 1237 3889 1264 3958; x_wconf 89' lang='grc'><strong>1,</strong></span> <span class='ocrx_word' id='word_1_213' title='bbox 1283 3885 1335 3946; x_wconf 79' lang='grc'><strong>10.</strong></span> 
     </span>
     <span class='ocr_line' id='line_1_32' title="bbox 289 3982 1337 4069; baseline -0.003 -21"><span class='ocrx_word' id='word_1_214' title='bbox 289 3985 480 4061; x_wconf 87' lang='lat' dir='ltr'><strong>Cramerus,</strong></span> <span class='ocrx_word' id='word_1_215' title='bbox 508 3986 562 4069; x_wconf 87' lang='lat' dir='ltr'><strong>qui</strong></span> <span class='ocrx_word' id='word_1_216' title='bbox 589 3988 626 4046; x_wconf 88' lang='lat' dir='ltr'><strong>de</strong></span> <span class='ocrx_word' id='word_1_217' title='bbox 652 3988 726 4049; x_wconf 90' lang='lat' dir='ltr'><strong>loco</strong></span> <span class='ocrx_word' id='word_1_218' title='bbox 750 3987 848 4049; x_wconf 89' lang='lat' dir='ltr'><strong>Gellii</strong></span> <span class='ocrx_word' id='word_1_219' title='bbox 878 3989 900 4050; x_wconf 91' lang='lat' dir='ltr'><strong>l.</strong></span> <span class='ocrx_word' id='word_1_220' title='bbox 928 3990 985 4062; x_wconf 82' lang='lat'><strong>15,</strong></span> <span class='ocrx_word' id='word_1_221' title='bbox 1010 3991 1062 4049; x_wconf 77' lang='lat' dir='ltr'><strong>tl.</strong></span> <span class='ocrx_word' id='word_1_222' title='bbox 1087 3987 1131 4067; x_wconf 90' lang='lat' dir='ltr'><strong>(in</strong></span> <span class='ocrx_word' id='word_1_223' title='bbox 1157 3982 1337 4067; x_wconf 79' lang='lat' dir='ltr'><strong>Progrnm·</strong></span> 
     </span>
     <span class='ocr_line' id='line_1_33' title="bbox 287 4088 1333 4153; baseline 0.005 -7"><span class='ocrx_word' id='word_1_224' title='bbox 287 4098 369 4148; x_wconf 89' lang='lat' dir='ltr'><strong>mate</strong></span> <span class='ocrx_word' id='word_1_225' title='bbox 399 4109 428 4148; x_wconf 90' lang='lat' dir='ltr'><strong>a.</strong></span> <span class='ocrx_word' id='word_1_226' title='bbox 454 4088 548 4150; x_wconf 76' lang='lat'><strong>1827.</strong></span> <span class='ocrx_word' id='word_1_227' title='bbox 600 4090 694 4152; x_wconf 83' lang='lat' dir='ltr'><strong>Inest</strong></span> <span class='ocrx_word' id='word_1_228' title='bbox 719 4091 766 4151; x_wconf 87' lang='lat' dir='ltr'><strong>ad</strong></span> <span class='ocrx_word' id='word_1_229' title='bbox 796 4090 944 4153; x_wconf 86' lang='lat' dir='ltr'><strong>Gellium</strong></span> <span class='ocrx_word' id='word_1_230' title='bbox 971 4111 1185 4151; x_wconf 72' lang='lat' dir='ltr'><strong>excursuram</strong></span> <span class='ocrx_word' id='word_1_231' title='bbox 1215 4089 1333 4153; x_wconf 63' lang='lat' dir='ltr'><strong>Teius.</strong></span> 
     </span>
     <span class='ocr_line' id='line_1_34' title="bbox 285 4185 1337 4272; baseline 0.004 -24"><span class='ocrx_word' id='word_1_232' title='bbox 285 4185 415 4269; x_wconf 85' lang='lat' dir='ltr'><strong>Kilioe)</strong></span> <span class='ocrx_word' id='word_1_233' title='bbox 437 4187 576 4270; x_wconf 88' lang='lat' dir='ltr'><strong>scripsit,</strong></span> <span class='ocrx_word' id='word_1_234' title='bbox 601 4189 678 4252; x_wconf 88' lang='lat' dir='ltr'><strong>nihil</strong></span> <span class='ocrx_word' id='word_1_235' title='bbox 694 4191 780 4254; x_wconf 87' lang='lat' dir='ltr'><strong>aliud</strong></span> <span class='ocrx_word' id='word_1_236' title='bbox 803 4192 919 4266; x_wconf 85' lang='lat' dir='ltr'><strong>effecit,</strong></span> <span class='ocrx_word' id='word_1_237' title='bbox 945 4191 1004 4254; x_wconf 86' lang='lat' dir='ltr'><strong>uisi</strong></span> <span class='ocrx_word' id='word_1_238' title='bbox 1026 4204 1059 4252; x_wconf 93' lang='lat' dir='ltr'><strong>ut</strong></span> <span class='ocrx_word' id='word_1_239' title='bbox 1073 4194 1239 4272; x_wconf 88' lang='lat' dir='ltr'><strong>probaret,</strong></span> <span class='ocrx_word' id='word_1_240' title='bbox 1254 4192 1337 4252; x_wconf 88' lang='lat' dir='ltr'><strong>hano</strong></span> 
     </span>
     <span class='ocr_line' id='line_1_35' title="bbox 286 4287 1336 4376; baseline 0.005 -28"><span class='ocrx_word' id='word_1_241' title='bbox 286 4287 519 4351; x_wconf 81' lang='lat' dir='ltr'><strong>accusationem</strong></span> <span class='ocrx_word' id='word_1_242' title='bbox 540 4294 662 4354; x_wconf 83' lang='lat' dir='ltr'><strong>demum</strong></span> <span class='ocrx_word' id='word_1_243' title='bbox 678 4304 754 4376; x_wconf 86' lang='lat' dir='ltr'><strong>post</strong></span> <span class='ocrx_word' id='word_1_244' title='bbox 768 4294 847 4357; x_wconf 84' lang='lat' dir='ltr'><strong>latas</strong></span> <span class='ocrx_word' id='word_1_245' title='bbox 860 4294 950 4376; x_wconf 84' lang='lat' dir='ltr'><strong>leges</strong></span> <span class='ocrx_word' id='word_1_246' title='bbox 966 4293 1137 4357; x_wconf 80' lang='lat' dir='ltr'><strong>Serviliam</strong></span> <span class='ocrx_word' id='word_1_247' title='bbox 1149 4304 1181 4355; x_wconf 89' lang='lat' dir='ltr'><strong>et</strong></span> <span class='ocrx_word' id='word_1_248' title='bbox 1194 4291 1336 4356; x_wconf 87' lang='lat' dir='ltr'><strong>Aciliam</strong></span> 
     </span>
    </p>
   </div>
   <div class='ocr_carea' id='block_1_10' title="bbox 0 0 1500 4844">
    <p class='ocr_par' dir='ltr' id='par_1_12' title="bbox 0 0 1500 4844">
     <span class='ocr_line' id='line_1_36' title="bbox 0 0 1500 4844; baseline 0 2"><span class='ocrx_word' id='word_1_249' title='bbox 0 0 1500 4844; x_wconf 95' lang='lat' dir='ltr'><strong> </strong></span> 
     </span>
    </p>
   </div>
  </div>
 </body>
</html>
