2958 4840
265 371 327 436 821

267 538 297 590 et
319 526 360 590 83
375 524 498 590 Othoni
521 523 715 601 tribuuntur,
735 521 833 606 ipsius
846 521 951 586 Taciti
970 531 1057 597 sunt,
1075 541 1138 584 non
1152 521 1327 597 Trachali,

267 640 301 690 ut
325 626 480 690 Berasrdi
507 627 714 692 Becherches
735 647 791 688 sur
814 623 964 687 Galerius
976 623 1157 686 Trachalus
1181 627 1259 688 dans
1278 627 1329 688 les

270 728 451 795 Memoircs
473 732 511 792 de
535 727 696 797 t'lnuitut.
719 727 812 792 Paris
845 726 937 790 1821.
969 727 1011 789 T.
1036 726 1118 790 Vll.
1147 745 1224 809 pag.
1249 727 1326 791 119.

272 830 431 914 opinatur.

337 933 469 996 Tacitus
491 932 578 995 Hist.
603 936 631 1006 1,
655 931 708 994 91).
753 931 846 994 Otho
873 941 993 994 vocata
1021 931 1185 993 concione
1215 931 1327 993 maie-

273 1048 396 1099 statem
418 1035 516 1098 urhis
536 1047 570 1096 et
591 1053 795 1096 consensum
816 1032 938 1114 populi
967 1053 1009 1094 ac
1032 1041 1173 1096 renatus
1192 1053 1261 1115 pro
1286 1055 1328 1096 ee

271 1140 444 1211 attollens,
472 1135 639 1198 odoerms
664 1135 868 1199 Vitellianas
897 1145 1019 1215 partes
1041 1135 1193 1197 modeste
1215 1135 1326 1199 elisee·

273 1240 356 1314 ruit,
382 1237 554 1300 inscitiam
566 1236 683 1319 potius
702 1236 878 1319 legionum
896 1253 1001 1319 quam
1015 1235 1198 1300 audaciam
1212 1237 1324 1300 inere-

271 1361 371 1424 pans,
397 1342 494 1402 nullo
519 1338 648 1404 Vitellii
670 1338 850 1413 mentione,
879 1338 950 1400 siue
971 1337 1082 1420 ipsius
1099 1359 1142 1400 ea
1164 1339 1328 1402 modera-

273 1444 335 1516 tio,
361 1463 422 1505 seu
437 1441 588 1522 scriptor
604 1439 774 1504 orationis
793 1439 858 1504 sibi
882 1451 1035 1503 metuens
1055 1441 1273 1504 contumeliis
1288 1443 1326 1504 in

277 1544 452 1609 Vitellium
487 1542 672 1617 abstinuit,
699 1541 856 1625 quando,
886 1555 923 1604 ut
947 1543 983 1604 in
1004 1540 1155 1605 consiliis
1181 1543 1327 1607 militiae

275 1646 440 1710 Suetonio
455 1645 602 1709 Paulino
630 1655 663 1706 et
683 1644 805 1708 Mario
829 1647 944 1718 Celso,
971 1643 1022 1706 ita
1043 1643 1080 1706 in
1103 1645 1203 1708 rebus
1221 1647 1326 1708 urbo-

275 1748 327 1812 nis
349 1747 481 1812 Galerii
505 1746 667 1808 Trachali
689 1745 829 1828 ingenio
845 1747 1014 1810 Othonem
1035 1747 1086 1808 uti
1107 1745 1324 1810 credebatur.

274 1861 307 1911 et
329 1860 429 1910 erant
459 1847 519 1930 qui
542 1867 653 1928 genus
684 1847 798 1929 ipsum
823 1847 950 1908 orandi
975 1861 1172 1924 noscerent,
1204 1851 1327 1912 crebro

262 1947 353 2040 fori
389 1970 453 2011 usu
488 1947 618 2010 celebre
652 1958 685 2010 et
718 1948 766 2010 ad
793 1948 984 2031 implendas
1011 1970 1115 2014 aures
1149 1953 1257 2014 latum
1293 1963 1327 2012 et

619 2042 639 2071 D

275 2072 415 2116 sonans.

480 2189 636 2247 CXXXVI.
677 2187 775 2246 Sextus
794 2187 882 2246 lulius
903 2187 1086 2248 Gabinianus.

343 2323 464 2384 Extant
486 2319 615 2384 nomine
639 2319 731 2383 huius
753 2321 895 2386 rhetoris
917 2320 950 2384 in
971 2320 1076 2386 indice
1088 2323 1234 2388 Suetonii
1249 2326 1327 2388 rhe-

279 2435 398 2488 torum.
443 2422 573 2488 Floruit
605 2424 663 2486 sub
686 2420 905 2503 Vespasiano,
935 2435 1015 2488 teste
1046 2425 1249 2506 Hieronymo
1287 2430 1329 2490 ad
1457 2475 1458 2482 .

279 2525 414 2590 Eusebii
436 2523 564 2590 Chron.
582 2524 715 2605 Olymp.
741 2525 813 2586 213.
829 2527 861 2587 t.
887 2527 1078 2608 Vespasiani
1089 2529 1180 2595 Vlll.
1201 2527 1329 2593 Christi

281 2631 332 2692 77.
353 2652 394 2686 =
417 2649 446 2690 a.
472 2650 504 2688 ιι.
528 2627 603 2690 830.
663 2625 895 2702 Gabinianus,
930 2631 1141 2692 celeberrimi
1176 2631 1328 2694 nominis

271 2731 409 2804 rhetor,
433 2729 468 2792 in
494 2728 610 2792 Gallia
632 2729 760 2793 docuit.

345 2834 374 2894 Τ
377 2830 451 2894 scit.
475 2833 514 2894 de
530 2831 665 2896 Orator.
679 2853 711 2892 c.
728 2831 780 2893 26.
801 2834 936 2913 Quotus
958 2833 1050 2896 enim
1071 2835 1211 2918 quisque
1228 2837 1329 2898 seho-

283 2933 484 2996 lastieorum
507 2953 575 2996 non
597 2934 660 2995 hae
682 2954 747 2995 sua
772 2936 997 3015 persuasione
1026 2935 1188 3020 facitur,
1223 2950 1260 3000 ut
1290 2960 1330 3003 se

280 3049 361 3098 ante
376 3037 574 3101 Ciceronem
595 3049 761 3110 numeret,
786 3037 847 3099 sesi
865 3039 967 3118 plane
987 3051 1066 3120 post
1081 3039 1328 3102 Gabinianum.

689 3176 931 3232 Declamationes.

349 3283 566 3363 Hieronymus
589 3285 785 3366 praefatione
809 3286 884 3347 libri
908 3287 1006 3352 Vlll.
1031 3291 1063 3350 in
1087 3289 1232 3354 Esaiam:
1258 3295 1332 3376 Qui

280 3384 311 3447 si
321 3384 466 3478 flumen
488 3387 699 3468 eloquentiae
722 3399 754 3447 et
776 3387 960 3450 concinnas
984 3391 1249 3458 declamationes
1271 3395 1331 3462 cle-

280 3487 452 3560 sian-ant,
483 3489 599 3568 legant
623 3489 796 3563 Tullium,
827 3490 1096 3572 Quintilianum,
1121 3496 1326 3572 Gallionem,

282 3586 582 3652 Gabinianum.

506 3745 676 3802 cxxxvtt.
708 3748 748 3805 ll.
772 3749 878 3806 Fabiae
900 3750 1100 3818 Quintilianus.

344 3876 394 3938 De
431 3895 514 3938 anno
549 3876 644 3937 natali
679 3876 860 3959 discrepent
889 3880 1078 3961 scriptores.
1124 3883 1192 3946 Alii
1221 3897 1329 3948 natum
1453 3885 1454 3918 ³

280 3989 389 4059 putant
411 4000 439 4046 a.
466 3977 526 4040 795
549 3977 628 4055 (12),
651 3977 705 4039 alii
727 4000 757 4040 e.
783 4002 814 4041 ιι.
841 3980 902 4043 790
923 3983 1005 4061 (37).
1038 3981 1119 4048 Cum
1145 4007 1224 4050 vero
1243 3987 1328 4050 Hie·

281 4099 433 4157 ronymus
462 4080 501 4140 ad
524 4077 657 4140 Eusehii
684 4077 811 4143 Chron.
844 4082 976 4164 Olymp.
1007 4085 1079 4161 211,
1114 4089 1144 4156 4.
1188 4087 1330 4152 Neronis

282 4181 334 4241 11.
352 4175 475 4241 Christi
498 4175 537 4238 68
560 4200 601 4234 =
623 4199 652 4240 ιιι
670 4200 701 4240 ιι.
719 4179 777 4242 821
803 4183 923 4250 scribet
935 4189 991 4250 M.
1006 4188 1129 4253 Fabius
1144 4191 1330 4274 Quintilia-

280 4297 344 4340 nus
368 4282 515 4343 Romam
544 4297 568 4340 a
589 4280 699 4342 Galba
729 4283 951 4364 perducitur:
981 4310 1017 4352 ea
1048 4312 1100 4354 res
1128 4291 1159 4354 in
1198 4291 1331 4356 dtrbiurn
