2970 4836
256 359 295 422 62

256 523 330 582 dum
360 518 442 582 inter
469 517 609 582 iuniores
636 527 758 590 essent,
793 517 940 600 huncque
970 535 1089 578 morem
1119 526 1207 580 certe
1232 527 1304 578 ante

257 643 371 685 annum
393 623 454 685 625
476 621 565 706 (129)
591 620 738 683 valuisse.
785 617 887 683 Cous.
906 617 1060 700 Madwig
1082 617 1246 700 Opuscula
1268 639 1303 700 p.

250 728 312 790 19.
340 727 442 806 „Hoc
466 725 586 787 dotum
608 744 744 786 summo
766 721 884 784 ordini
905 719 1145 799 (senatoribus),
1173 731 1211 782 tet
1231 741 1304 782 om·

258 875 272 902 „
281 850 341 892 nes
363 849 489 912 equum
510 827 686 909 publicum
709 826 873 888 haberent
898 836 930 886 et
952 825 988 886 in
1012 825 1166 909 equitum
1187 835 1305 886 eentu-

255 977 271 1005 „
280 933 345 996 riis
367 939 515 994 essent.“

322 1035 515 1097 Duebnerus
545 1031 640 1106 dicit,
666 1030 832 1092 videndum
856 1051 940 1104 esse,
967 1051 1006 1092 ne
1029 1027 1184 1094 orationis
1212 1029 1304 1092 buius

256 1135 469 1220 fragmentum
497 1157 514 1197 a
538 1136 637 1199 Festo
663 1132 837 1197 memoriae
862 1133 902 1195 sit
928 1132 1091 1195 traditum.

321 1242 435 1304 Festus
463 1259 497 1300 v.
528 1237 728 1320 Repulsior.
766 1219 815 1318 p.
832 1237 907 1299 286.
956 1233 1132 1316 Repulsior
1166 1238 1304 1298 secunda

258 1340 439 1405 conlatione
467 1344 554 1405 Cato
577 1340 670 1402 dixit
696 1340 730 1401 in
753 1361 814 1413 ea,
847 1359 935 1422 quoe
959 1349 1011 1400 est
1032 1349 1155 1400 contra
1175 1341 1304 1403 Gorne-

255 1447 341 1508 lium
356 1445 451 1526 apml
465 1446 652 1525 populum:
677 1445 760 1506 hoec
777 1444 852 1527 quis
873 1440 1055 1514 incultior,
1082 1440 1301 1523 religiosior,

257 1548 442 1621 desertior,
467 1547 615 1630 publicis
640 1546 777 1628 negotis
802 1543 986 1626 repulsior.

292 1691 403 1738 seconde
420 1689 573 1745 conlatione]
599 1691 618 1734 i.
637 1704 660 1735 e.
681 1691 845 1746 comparativo
863 1691 946 1748 gradu.

292 1823 381 1863 contro
400 1811 555 1873 Cornelium]
585 1813 719 1858 Maiensins
741 1827 764 1868 p.
783 1810 826 1858 ³⁶.
847 1813 960 1858 orationi
977 1819 1067 1858 eontra
1085 1810 1227 1857 Cornelium
1239 1813 1303 1857 ben·

329 1906 409 1949 tulum
429 1904 538 1948 inseruit.
577 1903 656 1946 Maius
679 1903 708 1946 nd
730 1903 877 1946 Frontonem
901 1916 923 1958 p.
944 1899 992 1947 150
1014 1903 1050 1945 M.
1071 1902 1210 1946 Cornelium
1231 1901 1303 1947 intel-

327 1995 388 2052 ligit,
410 1997 495 2037 eontra
517 2004 586 2048 quem
608 1989 751 2036 orationem
769 1989 799 2034 de
819 1996 902 2034 sumtu
922 2003 968 2034 suo
987 1989 1048 2034 Coto
1068 1989 1137 2036 dixit.

292 2117 354 2164 leues
376 2115 443 2178 quis]
471 2117 556 2178 ecquis
577 2116 633 2160 Ant.
656 2115 813 2174 Augustinus.

293 2241 453 2306 religiosior]
481 2243 568 2303 „utin
591 2243 750 2296 ttsvercamp.
770 2246 794 2286 et
813 2241 913 2286 Rotbuis
932 2255 956 2298 p.
980 2239 1024 2286 131
1047 2241 1229 2302 irreligiosior.
1257 2242 1304 2288 Sed

328 2331 475 2393 religiosior
497 2331 559 2374 tueri
582 2331 672 2384 poteris
695 2342 724 2373 ex
743 2315 823 2373 Geloi
845 2331 887 2373 lv.
911 2326 958 2375 9st
979 2330 1101 2376 Duebner.
1137 2332 1192 2374 vit.
1209 2331 1303 2374 Freund

327 2423 350 2466 io
370 2421 429 2466 Lex.
451 2433 472 2464 s.
493 2432 516 2466 v.
533 2441 562 2452 -
591 2418 726 2461 Mstnnsius
750 2431 771 2472 p.
793 2413 824 2460 ³6
845 2418 948 2463 scribit:
973 2419 1144 2477 colloquitur
1165 2417 1195 2462 de
1214 2431 1303 2474 super·

327 2510 433 2562 etitioro,
456 2507 543 2567 quales
555 2498 665 2568 suerunt
685 2505 758 2550 multi
779 2519 813 2548 ex
835 2505 967 2560 Corneliis,
991 2505 1185 2567 collegendum
1204 2512 1242 2550 est
1263 2506 1304 2549 ir·

328 2595 543 2657 religiosior.

293 2719 431 2781 repulsior]
458 2722 536 2779 tnagis
552 2719 696 2765 abhorrens.

348 2951 399 3010 68.
428 2948 529 3006 Oratio
552 2949 584 3004 in
606 2948 640 3004 L.
664 2947 813 3006 Veturium
833 2946 870 3002 ds
887 2945 1028 3002 sacrificio
1048 2947 1211 3004 commisso.

325 3081 405 3164 Quis
427 3079 468 3143 sit
491 3082 536 3141 L.
558 3078 714 3141 Veturius
740 3097 837 3162 eques
862 3097 1026 3156 romanus,
1049 3077 1100 3141 cui
1123 3078 1207 3143 Cato
1230 3102 1304 3142 cen·

258 3209 316 3252 sor
346 3204 460 3268 equum
488 3180 624 3258 ademit,
660 3181 829 3244 incertum.
874 3181 925 3244 De
951 3181 1044 3246 titulo
1072 3204 1203 3267 quoque
1230 3204 1303 3246 ors·

259 3288 355 3353 tionis
384 3284 512 3346 multum
539 3283 726 3368 ambigitur.
771 3285 810 3346 ln
843 3306 907 3348 uno
938 3286 1020 3348 enim
1047 3288 1123 3351 loco
1155 3285 1303 3350 inscribi·

260 3404 313 3454 tur
336 3393 390 3455 De
416 3389 602 3472 sacrilegio
627 3387 834 3462 commisso,
869 3389 901 3450 in
926 3389 1062 3474 reliquis
1089 3395 1143 3454 De
1164 3388 1304 3464 sacrifi·

261 3495 317 3557 cio
338 3491 534 3556 commisso.
591 3492 704 3554 Plures
734 3489 798 3551 viri
828 3489 914 3553 docti
939 3492 1059 3576 ubique
1085 3491 1228 3571 priorem
1255 3490 1304 3552 in·

259 3594 466 3677 scriptionem
490 3593 715 3657 restituendam
741 3595 924 3655 censebant.
971 3594 1034 3654 Sed
1055 3613 1095 3653 ex
1116 3590 1194 3671 ipsis
1214 3591 1304 3674 frag·

258 3698 370 3761 mentis
393 3719 429 3761 ea
455 3696 566 3778 opinio
590 3694 774 3758 confirmari
799 3715 863 3756 nou
890 3705 1018 3773 potest:
1050 3691 1133 3753 nulla
1155 3693 1237 3754 enim
1257 3693 1304 3756 ibi

257 3798 423 3883 sacrilegii
444 3797 604 3862 commissi
622 3799 658 3859 fit
678 3793 809 3857 mentio.
846 3794 909 3855 Sed
928 3792 1011 3856 Cato
1030 3793 1168 3857 Veturio
1189 3817 1303 3881 equum

258 3902 420 3985 publicum
450 3901 523 3964 ideo
554 3898 706 3962 ademisse
737 3895 882 3968 videtur,
919 3899 1007 3978 quod
1036 3897 1194 3961 sacrificia
1223 3911 1304 3962 stata

257 4009 442 4069 deseruerat
468 4004 517 4066 vel
538 4000 741 4084 negligenter
765 3995 980 4075 commiserat,
1008 4010 1040 4062 et
1064 4003 1153 4085 quod
1179 4002 1303 4065 habitus

257 4107 326 4171 eius
352 4105 444 4169 nimis
465 4101 595 4188 pinguis
619 4111 651 4164 et
683 4099 909 4179 corpulentus,
947 4114 978 4164 et
1014 4102 1181 4167 laboribus
1217 4103 1302 4166 bello

257 4208 434 4273 tolerandis
454 4205 556 4287 impar
577 4215 659 4267 erat.
701 4201 818 4266 Oratio
837 4203 936 4288 igitur
953 4206 995 4268 de
1012 4207 1193 4284 sacrificio
1210 4225 1303 4269 eom·

257 4311 367 4373 misso
395 4329 432 4370 ea
449 4317 515 4385 est,
546 4317 704 4392 quaeant
730 4309 770 4369 de
793 4307 893 4372 sacris
918 4330 935 4371 a
964 4309 1102 4374 Veturio
1131 4307 1224 4372 sactis
1251 4320 1303 4371 aut
