2958 4840
244 395 303 460 592

242 563 457 635 precaretur,
483 569 523 610 ae
546 545 763 640 niflexisset
785 547 931 618 animos,
952 549 1002 608 uel
1017 549 1174 634 Aegypti
1193 570 1300 630 prae·

234 653 423 744 secturam
455 653 594 714 concedi
627 651 692 713 sibi
723 664 853 713 oraret.
909 655 1071 716 Iuventus
1104 665 1155 715 est
1174 665 1301 734 postea

245 758 280 818 iu
299 757 428 818 scrinio
450 757 524 817 eius
547 759 609 814 liae
631 755 672 815 cle
696 777 733 814 re
756 775 870 815 sermo
880 751 1084 842 formatus,
1103 755 1164 816 sed
1185 755 1300 817 deter-

246 861 352 922 ritum
374 871 509 940 putant,
535 879 575 918 ne
589 858 794 940 priusquam
811 856 991 947 inferum
1006 857 1216 937 perueniret,
1228 857 1295 918 dis·

246 974 455 1044 cerperetur.

660 1117 862 1126 -μ---ι--υ-..ο

675 1193 679 1202 ’
709 1230 833 1285 ineerta.

312 1345 431 1406 Seneca
456 1343 505 1406 De
529 1339 705 1406 Clementia
730 1341 752 1404 Ι.
779 1346 808 1416 l,
835 1344 885 1406 ll.
911 1343 1130 1415 Praestitisti‚
1156 1348 1298 1418 Caesar,

247 1447 417 1510 ciuitatem
441 1447 668 1517 incruentam,
692 1457 726 1507 et
746 1448 810 1508 hoc
831 1447 924 1529 quod
945 1467 1073 1528 magno
1088 1447 1206 1510 auimo
1222 1451 1300 1531 glo-

249 1550 360 1611 riatus
374 1572 422 1622 es,
448 1550 615 1610 sitellam
638 1560 677 1610 te
699 1561 793 1610 toto
814 1549 912 1612 orbe
928 1549 1097 1612 stillam
1120 1553 1301 1613 cruoris

249 1652 425 1713 humani
448 1652 633 1724 misisse,
659 1673 700 1714 eo
723 1652 835 1714 maius
857 1665 908 1714 est
924 1653 1190 1736 mirabiliusque,
1206 1653 1302 1736 quod

248 1755 334 1814 uselli
356 1775 517 1836 nimquam
540 1752 642 1814 citius
663 1755 800 1836 gladius
822 1755 1023 1818 commissus
1044 1769 1107 1818 est.

288 1899 416 1958 gloriatus
435 1896 473 1956 es]
510 1899 533 1941 in
553 1899 661 1941 oratioue
681 1897 791 1954 quedem.
829 1899 868 1942 Sic
887 1899 909 1942 in
930 1903 1038 1945 oratione
1057 1915 1079 1946 a.
1102 1899 1151 1946 808
1172 1897 1228 1958 (55)
1256 1917 1301 1956 pro

325 1987 420 2031 Plnulio
431 1987 551 2030 Latet-suo
570 1986 648 2029 habitu
660 1987 758 2030 eundern
778 2000 845 2030 susm
859 1988 1008 2032 clementinus
1019 1992 1170 2044 praedicasse
1179 1989 1300 2034 Neronem

322 2075 405 2119 scribit
428 2075 527 2119 Tucilus
546 2076 632 2118 Annel.
656 2069 695 2128 ¹3,
720 2073 760 2118 Η.
798 2075 889 2118 sesua
906 2082 945 2119 est
962 2077 1056 2121 lenitas
1075 2079 1101 2120 in
1114 2075 1302 2122 PlautiumLa-

323 2170 454 2216 tsrunum‚
475 2164 634 2208 elementiam
652 2177 726 2209 eiiam
745 2162 906 2224 obstringens
925 2164 1024 2208 crebris
1041 2165 1208 2220 orationihus,
1237 2179 1300 2224 ques

322 2251 416 2296 Seneca
436 2250 604 2314 testificando,
624 2266 697 2310 quam
717 2250 822 2295 honesta
837 2253 996 2308 praeciperet
1026 2255 1066 2296 uel
1075 2253 1188 2300 iactandi
1202 2255 1302 2314 ingenii

322 2353 379 2383 uoce
396 2340 522 2397 principis
542 2339 672 2400 vulgabat.
711 2340 786 2398 igitur
804 2341 936 2385 verisimile
955 2345 1007 2393 est,
1033 2342 1079 2385 hoc
1099 2357 1191 2400 quoque
1211 2345 1299 2386 dictum

325 2427 399 2482 ipsius
419 2429 523 2472 Senecae
543 2441 605 2482 esse,
626 2441 671 2470 non
691 2425 804 2476 Neronis.

498 2581 501 2588 '
529 2583 671 2640 CXXXV.
713 2583 840 2642 Galerius
861 2587 1021 2643 Trachalus.

320 2713 414 2777 Vixit
437 2719 544 2778 eadem
569 2727 681 2790 aetate,
706 2739 768 2800 qua
793 2717 1025 2796 Quintilianus,
1049 2729 1143 2802 atque
1166 2719 1302 2801 propin·

253 2841 334 2904 quus
356 2817 416 2880 luit
440 2819 588 2882 Galeriae
612 2820 794 2894 Fundanae,
810 2820 934 2882 Vitellii
947 2822 1055 2882 uxori.
1072 2822 1193 2900 (Tacit.
1208 2823 1298 2884 Hist.

254 2921 284 2991 2,
309 2922 358 2982 60.
404 2921 558 3002 Spalding
581 2924 619 2982 ad
643 2922 753 3002 Quint.
779 2923 809 2997 ὁ,
835 2924 869 2997 3,
895 2923 961 3000 78.)
998 2922 1119 2986 Consul
1150 2925 1210 2989 luit
1243 2929 1302 2987 sub

254 3025 385 3086 Nerone
408 3046 438 3086 a.
462 3047 494 3086 u.
518 3025 577 3084 821
603 3025 670 3102 (08)
694 3048 763 3087 cum
788 3024 994 3089 Silioltnlico
1016 3039 1124 3108 pocla.

317 3126 451 3206 Quintil.
478 3129 526 3197 10,
553 3128 682 3199 1,.119.
727 3132 873 3203 Eorum,
897 3151 984 3212 quos
1006 3131 1162 3203 viderim,
1181 3132 1303 3194 Domi-

252 3228 322 3288 tius
342 3227 435 3314 Afer
461 3240 494 3288 et
517 3229 627 3291 Iulius
650 3225 847 3318 Africanus
875 3234 976 3314 louge
995 3235 1300 3314 praestantissimi.

253 3333 366 3392 Erant
388 3331 536 3389 claruet
560 3349 670 3409 nuper
692 3331 842 3412 ingenia.
876 3337 970 3396 Nam
994 3347 1026 3397 et
1051 3334 1300 3398 Trachalus

251 3431 452 3511 plerumque
475 3430 629 3492 sublimis
657 3444 689 3492 et
717 3433 803 3493 satis
835 3445 977 3515 apertus
997 3436 1104 3525 fuit,
1138 3451 1170 3500 et
1202 3459 1302 3522 quem

254 3534 334 3593 uelle
357 3532 488 3613 optima
509 3533 664 3594 crederes
672 3558 683 3604 ;
705 3536 847 3616 auditus
869 3550 982 3598 tamen
1006 3541 1130 3602 maior.
1155 3562 1235 3601 uam
1267 3553 1300 3602 et

254 3633 357 3707 vocis,
381 3648 545 3717 quautam
568 3636 602 3696 in
626 3639 719 3698 nullo
742 3640 896 3720 cognovi,
919 3639 1083 3722 felicitas,
1098 3655 1130 3704 et
1144 3664 1300 3725 pronun-

253 3736 355 3798 tiatio
378 3740 429 3797 uel
449 3739 557 3803 scenis
580 3737 784 3826 ufficone,
809 3755 842 3802 et
865 3745 988 3804 decor:
1016 3745 1134 3805 omnia
1157 3746 1301 3828 (leuique

252 3839 302 3912 ei,
326 3860 413 3920 quae
435 3854 513 3901 sum
535 3855 652 3912 extra,
677 3841 942 3931 superfiserunt.

317 3940 454 4018 Quintil.
480 3943 530 4018 12,
558 3945 587 4018 5,
612 3945 645 4004 5.
690 3949 776 4006 Sunt
798 3957 830 4004 et
853 3948 1030 4009 naturalia
1058 3949 1300 4023 instrumenta,

254 4065 334 4115 uox,
357 4045 458 4113 latus,
484 4044 597 4106 decor.
622 4066 708 4128 qieae
731 4047 867 4129 quidem
878 4061 1012 4112 tautum
1029 4055 1152 4124 ualent,
1170 4065 1209 4113 ut
1211 4049 1301 4140 fre-

251 4156 394 4226 quenter
419 4142 567 4224 ,famam
600 4147 732 4228 ingenii
764 4147 917 4234 faciant.
973 4153 1105 4215 Habuit
1141 4167 1304 4216 oratores

248 4257 348 4306 aetas
369 4257 490 4307 nostra
510 4248 738 4328 copiosiores:
769 4251 830 4312 sed
858 4275 934 4313 cum
967 4255 1113 4328 diceret,
1147 4256 1300 4318 eminere

252 4342 342 4403 inter
370 4350 530 4425 aequales
555 4353 801 4412 Trachalus
833 4353 1038 4429 uidebatur,
1072 4378 1115 4418 ea
1143 4357 1305 4438 corporis
