2992 4840
1148 377 1207 438 ll'l

158 528 271 594 dandis
301 527 455 603 excitata,
481 526 652 591 Africanus
683 528 824 592 consiliis
851 551 960 592 eorunm
983 551 1016 594 sc
1040 534 1205 614 opposuit,

158 633 290 698 stolam
316 630 500 692 interemtus
525 641 586 704 est,
612 653 694 694 anno
714 633 782 696 lere
807 633 916 694 aetatis
939 633 1205 718 quinquagesimo

159 745 268 808 sexto,
293 743 327 794 ut
344 731 489 795 Velleius
513 730 625 794 scribit
648 735 684 809 2,
709 737 739 796 lt.
765 745 796 796 ct
821 735 952 798 Scholia
978 735 1151 800 Bobiensia
1174 737 1206 802 in

161 835 236 902 Cic.
261 856 310 898 or.
334 857 369 916 p.
394 833 470 896 Mil.
494 857 528 915 p.
553 835 614 896 283
637 839 689 897 etl.
714 835 838 911 Orelli,
864 837 915 899 vel
940 859 1023 901 atino
1047 839 1141 918 LIV,
1173 851 1208 903 ut

160 939 328 1002 Plutarch.
343 938 589 1020 Apophthegm.
605 939 646 1000 T.
657 939 758 1002 VIll.
773 941 825 1001 cd.
842 941 964 1002 Hutteo
980 963 1014 1021 p.
1030 939 1090 1003 150
1106 941 1204 1006 dicit:

159 1038 266 1108 ’ἐτεσιν
280 1033 482 1120 πεντήκοντα
501 1045 557 1104 καὶ
573 1034 751 1128 τέσσαρσιν
771 1036 895 1124 ἐβίωσε.

224 1142 344 1208 Cicero
366 1141 397 1204 in
420 1143 522 1204 Bruto
545 1165 575 1204 c.
590 1143 643 1204 21.
678 1146 716 1206 G.
739 1143 879 1205 Laelius
898 1155 931 1205 et
953 1147 992 1206 P.
1011 1143 1209 1234 Africanus

160 1246 323 1329 inprimis
351 1247 565 1327 eloquentes,
598 1265 746 1328 quorum
776 1256 900 1307 extant
929 1247 1128 1324 orationes,
1160 1272 1207 1313 ex

161 1349 284 1433 quibus
316 1346 515 1408 existimari
545 1346 586 1408 de
615 1345 767 1428 ingeniis
797 1359 978 1409 oratorum
1008 1360 1134 1430 potest.
1166 1381 1208 1398 -·

161 1454 216 1514 De
236 1448 347 1531 ipsius
366 1449 478 1512 Laelii
501 1459 534 1510 et
557 1447 728 1531 Scipionis
751 1449 911 1531 ingenio,
935 1469 1145 1534 quamquam
1166 1471 1208 1516 ea

161 1564 213 1615 est
244 1552 334 1624 iam,
367 1563 405 1612 ut
432 1551 622 1632 plurimum
653 1551 829 1612 tribuatur
855 1551 1041 1628 ambobus,
1074 1554 1209 1620 dicendi

162 1666 278 1717 tamen
300 1657 378 1715 laus
402 1664 454 1715 est
478 1653 513 1714 in
537 1653 656 1716 Laelio
682 1653 865 1715 illustrior.

227 1754 346 1819 Cicero
381 1758 418 1817 de
449 1765 580 1818 oratore
611 1757 641 1816 t.
667 1756 719 1818 19.
748 1755 821 1818 tto.
868 1758 1025 1820 Multum
1051 1758 1142 1821 inter
1171 1779 1209 1822 se

163 1859 293 1921 distant
319 1858 406 1920 istae
430 1855 645 1942 facultates,
671 1860 839 1940 longeque
863 1870 945 1921 sient
972 1859 1127 1923 diuersae
1152 1873 1208 1924 at·

163 1983 227 2045 que
247 1958 422 2022 seiunctae
434 2003 443 2033 ,
468 1979 574 2042 neque
596 1959 715 2020 eadem
738 1960 874 2022 ratione
893 1981 933 2022 ac
959 1959 1015 2022 via
1036 1965 1093 2026 M.
1108 1959 1206 2040 Cata,

163 2066 203 2127 P.
221 2065 254 2126 A
249 2060 491 2151 frisonus,
509 2065 551 2143 Q.
566 2064 747 2136 Metellus,
774 2065 812 2126 0.
830 2062 989 2138 Laelius,
1016 2064 1076 2146 qui
1092 2086 1210 2129 omnes

164 2167 359 2247 eloquentes
363 2161 542 2252 fuerunt,
568 2163 761 2225 orationem
779 2183 879 2226 suam
901 2176 934 2227 et
952 2165 1039 2246 reip.
1057 2166 1210 2249 dignita·

165 2279 232 2329 tem
256 2266 487 2328 exornabant.

227 2367 371 2431 Velleius
397 2368 426 2442 9,
448 2367 480 2430 9.
517 2367 649 2430 Eodem
677 2379 791 2429 tractu
815 2379 1009 2448 temporum
1032 2369 1211 2434 nituerunt

165 2483 324 2534 oratores
357 2470 508 2551 Scipio
542 2469 837 2542 Aemilianus,
873 2469 1100 2552 Laeliusque,
1132 2475 1209 2535 Ser.
1243 2471 1244 2475 ’

165 2573 292 2648 Galba,
324 2573 394 2635 auo
418 2572 586 2645 Gracchi,
620 2575 657 2636 G.
685 2570 857 2643 Fannius,
887 2571 1001 2635 Carbo
1028 2571 1209 2654 Papirius,

165 2695 225 2737 nec
253 2675 527 2757 praetereundus
556 2675 720 2738 Metellus
744 2671 954 2736 Numidicus
979 2685 1012 2735 et
1039 2677 1208 2750 Scaurus,

165 2789 198 2840 et
227 2790 306 2839 ante
327 2796 444 2839 omnes
464 2780 507 2838 L.
531 2779 679 2840 Crassus
705 2785 738 2837 et
763 2777 817 2841 M.
843 2775 1029 2838 Antonius.

230 2877 367 2960 Quintil.
396 2879 455 2953 tr,
481 2881 540 2954 10,
571 2880 618 2940 10.
663 2881 703 2942 In
730 2877 889 2941 oratione
920 2899 999 2940 uero
1025 2877 1056 2939 si
1079 2877 1212 2959 speeies
1252 2959 1254 2962 ι

166 2981 295 3043 intueri
317 2981 418 3055 velie,
442 2979 585 3042 totidem
603 3000 690 3060 pene
714 2978 868 3061 reperias
892 2978 1113 3060 ingeniorum
1130 2993 1214 3064 quot

167 3105 354 3164 corporum
373 3081 539 3172 formas.
585 3083 653 3145 Sed
666 3079 783 3170 fuere
809 3079 980 3163 quaedam
1005 3099 1137 3162 genera
1158 3083 1212 3144 di-

165 3185 266 3247 centli
289 3185 483 3246 conditione
504 3195 698 3264 temporum
719 3183 938 3258 horridiora,
963 3183 1095 3266 alioqui
1116 3185 1214 3268 'tnag-

168 3307 250 3348 nam
275 3286 347 3348 iam
375 3286 508 3368 ingenii
535 3285 603 3347 uim
629 3307 715 3368 prae
747 3307 782 3348 se
798 3283 980 3374 ferentia.
1027 3286 1118 3348 Hinc
1142 3287 1212 3350 sint

167 3387 305 3462 Laelii,
335 3387 524 3478 Africani,
556 3391 703 3452 Catones
733 3388 838 3450 etiam
864 3387 1096 3470 Gracchique,
1128 3409 1214 3472 quos

168 3501 208 3550 tu
232 3489 309 3552 licet
332 3493 551 3576 Polygnotos
578 3493 630 3552 vel
652 3493 813 3554 Callonas
839 3492 1001 3570 appelles.

232 3593 358 3654 Fronto
387 3613 540 3676 quoque,
579 3590 634 3674 qui
665 3592 716 3652 M.
752 3589 950 3654 Antoninum
987 3589 1214 3671 imperatorem

168 3691 284 3754 litteris
303 3691 455 3766 instituit,
480 3693 659 3757 orationum
682 3691 821 3754 meminit
837 3690 1017 3772 Scipionis,
1040 3706 1073 3755 ut
1092 3715 1132 3756 ex
1149 3694 1216 3777 epi-

169 3792 251 3856 stola
275 3793 386 3856 Marci
408 3793 555 3858 Caesaris
577 3799 616 3856 acl
636 3816 707 3856 eum
728 3793 784 3862 lib.
805 3794 835 3856 2.
856 3794 906 3855 18.
933 3817 968 3875 p.
991 3795 1031 3858 58
1057 3787 1214 3878 cognosci

168 3905 297 3976 potest:
320 3901 398 3959 Feci
415 3909 529 3958 tamen
546 3897 640 3970 mihi,
662 3897 784 3980 inquit,
802 3918 867 3976 per
882 3898 944 3958 hos
960 3895 1033 3958 tlies
1048 3907 1213 3976 excerpta

168 4018 216 4058 ex
237 3997 336 4060 libris
355 3999 545 4081 sexaginta
567 3999 602 4060 in
625 3998 773 4080 quinque
795 3996 910 4060 tomis.
947 3997 1008 4057 secl
1025 4017 1103 4058 cum
1118 3999 1211 4075 leges

169 4100 427 4182 sexaginta,
459 4101 543 4162 inibi
567 4110 647 4162 sunt
670 4111 703 4160 et
722 4097 949 4162 Nouianae
973 4096 1217 4158 Atellanio·

172 4199 241 4263 lae
273 4214 307 4265 et
334 4203 559 4284 Scipionis
590 4200 931 4268 oratiunculae,
972 4216 1013 4258 ne
1037 4209 1076 4258 tu
1101 4213 1218 4257 nume·

171 4323 251 4364 rum
276 4304 381 4366 nimie
406 4321 629 4387 expavescas.

220 4409 295 4450 hleicri
306 4411 361 4450 Orat.
370 4411 428 4451 Rom.
436 4411 517 4460 Fragor.
534 4408 564 4447 etl.
574 4404 594 4444 ,ἳ-
1001 4419 1012 4472 q
1022 4414 1039 4472 q
