2992 4844
248 326 326 416 nus*

246 482 333 562 (90),
362 494 540 563 praeturam
571 505 600 547 a.
638 486 699 546 673
730 483 814 568 (81),
845 487 1043 550 consulatum
1074 509 1101 554 s.
1133 491 1194 552 678
1224 495 1290 571 (76)

247 584 358 668 gessit.
405 587 456 658 Ex
480 587 645 648 consulatu
668 588 893 652 Macedoniam
918 611 975 671 per
997 589 1170 654 triennium
1192 594 1288 657 rexit.

246 689 399 751 Mortuus
421 699 468 750 est
490 709 519 749 a.
546 690 605 751 701
629 690 711 768 (53).
735 690 866 754 Ellendt
887 715 921 773 p.
943 691 1113 756 XCVIII.

308 787 428 854 Cicero
450 789 482 851 in
514 792 616 856 Bruto
649 813 679 854 c.
704 793 757 856 119.
810 794 937 859 Iisdem
949 792 1041 884 sere
1064 797 1287 878 temporibus,

243 902 356 954 aetate
383 891 572 980 inferiores
602 897 710 974 paulo
742 917 845 978 quam
872 898 1008 970 Iulius,
1039 898 1099 962 sed
1129 902 1289 984 aequales

240 995 491 1076 propemodum
490 992 651 1085 fuerunt
663 1001 700 1062 C.
713 1001 824 1073 Cotto,
839 1001 878 1061 P.
891 1001 1074 1080 Sulpicius,
1088 1005 1132 1083 Q.
1145 1003 1286 1077 Varius,

243 1100 305 1161 Gn.
329 1099 560 1180 Pomponius,
593 1103 631 1163 C.
658 1100 780 1175 Curia,
815 1105 857 1163 L.
889 1102 1029 1178 Fufius,
1055 1106 1111 1166 M.
1134 1107 1286 1179 Drusus,

242 1201 282 1262 P.
307 1200 497 1274 Antistius,
520 1222 580 1262 nec
602 1204 672 1264 ulle
698 1213 811 1265 aetate
837 1204 975 1266 uberior
994 1204 1288 1295 oratorumfetus

230 1298 328 1390 fuit.
363 1304 423 1365 Ex
438 1302 491 1364 his
507 1305 607 1366 Cotta
621 1316 654 1365 et
670 1305 843 1386 Sulpicius
846 1302 965 1393 facile
979 1308 1110 1381 primas
1122 1312 1286 1371 tulerunt.

241 1427 272 1466 e.
296 1405 350 1466 58.
394 1406 508 1468 Erant
529 1417 664 1480 tamen,
696 1407 819 1489 quibus
849 1409 1022 1471 videretur
1043 1411 1137 1472 illius
1163 1412 1288 1474 aetatis

241 1505 364 1568 tertius
399 1506 523 1580 Curio,
559 1509 641 1589 quio
669 1509 959 1589 splendidioribus
984 1509 1145 1596 fortasse
1179 1515 1288 1575 verbis

242 1608 402 1669 utebatur
423 1619 456 1669 et
478 1609 562 1691 quia
582 1611 687 1672 latine
709 1631 778 1673 non
796 1613 945 1692 pessime
968 1614 1181 1694 loquebatur,
1207 1637 1285 1686 usu,

240 1713 365 1786 credo,
398 1713 514 1795 aliquo
545 1711 748 1776 domestico:
781 1733 861 1773 nam
889 1714 1070 1774 literarum
1098 1715 1286 1776 admodum

241 1815 326 1875 nihil
355 1815 494 1876 sciebat.
525 1838 553 1876 c.
597 1815 649 1877 59.
702 1816 846 1876 Nullum
879 1815 935 1875 ille
968 1826 1109 1894 poetam
1141 1815 1284 1890 viderat,

242 1920 373 1978 nullum
395 1919 527 1999 legerat
549 1927 735 1989 oratorem,
760 1917 889 1976 nullam
913 1916 1113 1978 memoriam
1136 1919 1287 2002 antiqui·

240 2021 322 2081 tatis
344 2021 548 2100 collegerat,
577 2038 645 2079 non
665 2016 838 2104 publicum
861 2017 933 2109 ius,
966 2039 1033 2079 non
1055 2020 1230 2100 privatum
1253 2033 1286 2083 et

240 2121 336 2183 ciuile
352 2132 572 2202 cognoverat.
596 2153 637 2163 —
659 2122 780 2202 Itaque
802 2120 836 2180 in
855 2120 1003 2182 Curione
1025 2123 1088 2184 hoc
1111 2123 1286 2185 uerissime

239 2224 388 2285 iudicari
402 2233 528 2304 potest,
545 2223 640 2281 nulla
655 2244 692 2282 re
712 2242 782 2283 una
797 2222 909 2306 magis
926 2235 1102 2286 oratorem
1117 2246 1286 2288 commen-

240 2325 319 2387 dari
347 2345 449 2408 quam
484 2323 664 2384 uerborum
693 2325 874 2405 splendore
904 2336 937 2387 et
965 2326 1084 2408 copia:
1107 2347 1285 2390 namnum

238 2428 362 2491 tardus
392 2427 428 2487 in
460 2424 665 2506 cogitando,
698 2438 771 2488 tum
800 2427 835 2488 in
865 2427 1068 2492 instruendo
1096 2429 1286 2512 dissipatus

227 2528 325 2620 fuit.
371 2527 517 2610 Reliqua
535 2527 603 2590 duo
625 2542 705 2591 sunt
728 2551 833 2612 agere
855 2542 887 2592 et
905 2532 1117 2594 meminisse:
1132 2533 1168 2593 in
1186 2544 1281 2595 utro·

239 2654 303 2714 que
318 2631 500 2694 cachinnos
523 2631 743 2694 irridentium
764 2635 1008 2696 commovebat.
1032 2657 1061 2695 e.
1086 2635 1140 2697 bl.
1164 2637 1284 2717 Itaque

238 2731 369 2794 cumei
395 2754 455 2794 nec
485 2731 652 2824 ‹ffsicium
681 2735 810 2798 deesset
831 2747 865 2798 et
885 2735 1065 2818 flagraret
1092 2737 1209 2799 studio
1232 2737 1283 2798 di-

238 2835 347 2912 cendi‚
361 2857 557 2917 perpaucae
572 2837 618 2897 od
632 2858 709 2898 eum
725 2858 850 2900 causae
862 2835 1122 2926 deferebantur.
1153 2841 1284 2900 Orator

238 2950 355 3000 autem
378 2939 458 3000 vivis
480 2939 555 3001 eius
583 2940 784 3021 aequalibus
803 2941 990 3020 proximus
1013 2939 1151 3022 optimis
1173 2960 1283 3000 annu·

238 3040 435 3102 merebatur
448 3052 592 3122 propter
615 3043 794 3103 uerborum
817 3043 1019 3115 bonitatem,
1045 3053 1082 3104 ut
1097 3054 1177 3104 ante
1193 3041 1281 3115 dixi,

238 3154 271 3205 et
285 3143 486 3224 expeditam
497 3165 538 3204 ac
546 3143 781 3236 preifluentem
794 3145 1049 3226 quodammodo
1061 3146 1283 3207 celeritatem.

237 3247 359 3328 Itaque
391 3245 466 3308 eius
505 3246 678 3309 orationes
717 3246 957 3328 adspiciendas
993 3257 1107 3308 tamen
1150 3267 1282 3308 censeo.

237 3351 324 3411 Sunt
341 3348 418 3410 illae
435 3348 571 3432 quidem
593 3348 843 3430 languidiores,
869 3370 985 3410 verum
1008 3361 1122 3408 tamen
1136 3358 1284 3427 possunt

237 3471 368 3533 augere
389 3464 421 3513 et
445 3451 545 3534 quasi
566 3454 658 3512 alere
681 3450 718 3512 id
739 3452 876 3523 bonum,
902 3449 994 3530 quod
1015 3448 1049 3509 in
1072 3449 1132 3509 illo
1154 3448 1283 3511 medio·

237 3553 342 3615 criter
359 3553 486 3644 fuisse
517 3553 752 3626 concedimus,
772 3551 878 3634 ‚quod
906 3550 1005 3611 habet
1039 3562 1173 3612 tantam
1202 3551 1281 3623 vim,

237 3668 275 3718 ut
297 3659 408 3718 solum
431 3657 504 3718 sine
526 3657 605 3718 aliis
634 3655 669 3717 in
697 3651 843 3716 Curione
872 3653 1017 3733 speciem
1046 3654 1199 3716 oratoris
1222 3652 1285 3714 ali-

237 3760 334 3821 cuius
355 3757 522 3846 effecerit.
1157 3747 1159 3751 ¹

301 3861 434 3925 Scholia
456 3859 628 3922 Bobiensia
653 3858 683 3920 in
707 3859 801 3921 Orat.
826 3855 857 3918 in
882 3855 1029 3920 Clodium
1054 3868 1084 3919 et
1108 3856 1284 3922 Curionem

236 3984 270 4043 p.
288 3964 362 4026 330.
409 3967 496 4026 Tres
513 3963 582 4024 illis
597 3961 806 4042 temporibus
822 3961 988 4023 Ciuiones
1005 3961 1133 4022 illustri
1148 3962 1284 4024 nomine

230 4065 446 4139 extiterunt,
469 4077 571 4148 atque
593 4065 644 4124 ita
666 4064 707 4124 in
736 4063 868 4125 libris
896 4059 1284 4152 a.dhucfer·untur,·

237 4166 344 4228 Curio
358 4188 459 4238 avus,
485 4166 543 4250 qui
559 4165 714 4230 Seruium
729 4166 883 4228 Fulvium
906 4166 1026 4228 incesti
1049 4187 1145 4227 reum
1162 4161 1283 4252 deffen-

239 4265 308 4339 dit,
334 4278 365 4327 et
388 4268 441 4328 hic
464 4272 501 4331 0.
528 4269 633 4332 Curio
653 4280 774 4363 pater,
800 4269 859 4352 qui
881 4271 918 4332 P.
944 4267 1063 4331 Clodio
1085 4263 1225 4354 aelfuit,
1251 4277 1284 4327 et
