2976 4844
241 353 302 418 111

275 516 376 578 capior]
401 519 493 564 Gallina
516 520 613 566 aditrtt:
641 517 757 579 Plerique
776 525 859 566 auem
878 520 1076 582 cupirirgr'rrem
1097 522 1178 566 solnm
1197 521 1287 568 debere

310 606 363 653 dici
380 614 478 666 putant,
518 607 568 654 Sed
584 608 706 671 fluminea
728 622 820 670 quoque
844 596 944 665 Diater',
964 609 1024 654 item
1041 607 1177 674 pontifices
1194 616 1219 657 rt
1238 626 1288 658 uu-

310 709 390 757 gurer
409 696 468 754 capi
488 695 646 744 dicebantur.

440 911 488 970 ot.
522 909 621 968 Oratio
642 911 807 982 nomilites
829 914 929 968 contra
949 907 1082 970 Galbam.

304 1044 352 1107 Ea
380 1040 464 1105 dicta
494 1054 541 1105 est
569 1064 652 1106 anno
681 1043 741 1104 605
768 1042 872 1122 (119).

304 1148 342 1209 ln
373 1148 495 1222 eadem,
526 1147 566 1208 de
593 1167 655 1231 qua
687 1147 784 1210 modo
809 1145 956 1222 diximus,
983 1167 1077 1210 causa
1099 1148 1181 1210 hanc
1202 1169 1285 1234 quo-

240 1271 302 1336 que
335 1247 445 1311 habuit
470 1247 660 1311 orationem.
708 1246 789 1312 Cum
821 1248 903 1311 enirn
932 1249 1078 1313 Serviunt
1107 1249 1283 1331 Sulpicium

239 1353 373 1417 Galbam
406 1371 555 1413 accusare
585 1362 717 1433 cuperet
743 1363 775 1413 et
804 1351 942 1437 undique
972 1365 1157 1436 argumenta
1188 1375 1285 1438 quae·

239 1467 342 1532 reret,
373 1469 408 1519 ut
439 1476 509 1518 eum
544 1465 714 1538 arguerat,
747 1454 861 1518 milites
887 1477 1037 1542 quoque,
1069 1477 1152 1542 quos
1180 1457 1286 1520 Galba

239 1581 344 1623 secum
372 1561 527 1621 habuerat
552 1556 584 1618 in
610 1556 779 1638 Hispania,
806 1557 927 1642 quique
953 1581 1023 1621 cum
1049 1581 1088 1624 eo
1114 1559 1147 1622 in
1173 1562 1283 1623 urbem

240 1661 411 1738 redierant,
440 1659 528 1735 adiit,
556 1679 677 1744 eosque
704 1658 862 1723 allocutus
888 1674 920 1724 et
947 1664 1134 1726 cohortatus
1161 1673 1218 1738 est,
1251 1676 1285 1726 ut

239 1763 480 1827 malefactorum
504 1761 711 1844 imperatoris
736 1761 917 1826 testimonia
943 1763 1098 1830 dicerent.

302 1865 411 1930 Aliter
434 1864 554 1928 iudicat
580 1863 757 1927 Maianeius
778 1887 814 1947 p.
836 1866 896 1942 38,
928 1867 983 1952 qui
1009 1891 1067 1932 nec
1090 1872 1129 1932 ad
1153 1873 1284 1933 eandem

239 1992 365 2034 causam
390 1992 448 2033 nec
474 1972 514 2031 ad
542 1973 674 2032 eundem
702 1969 836 2031 Galbam
867 1970 949 2032 hanc
979 1972 1156 2035 orationem
1184 1973 1284 2038 Cato·

238 2075 287 2137 nis
309 2071 472 2156 pertinere
502 2070 598 2134 dicit:
630 2072 705 2144 „hic
728 2071 851 2149 Galba,
877 2071 932 2147 ait,
948 2072 1117 2164 fortusse
1130 2075 1217 2168 fuit
1239 2080 1282 2158 Q.
1358 2142 1364 2152 ,

239 2176 435 2259 Sulpicius,
471 2176 507 2238 in
536 2196 635 2258 quem
664 2175 784 2238 habuit
815 2176 1010 2240 orationem
1042 2181 1149 2255 Cato,
1184 2179 1284 2242 cuius

234 2279 481 2369 fragmentum
512 2289 669 2360 superest
703 2278 798 2361 apud
835 2282 973 2344 Festum
1001 2280 1050 2346 in.
1076 2305 1107 2344 v.
1139 2281 1260 2345 nasei
1268 2318 1283 2330 ·

238 2397 375 2448 terna.
388 2383 403 2412 “
423 2415 463 2431 -·
1079 2435 1082 2442 ,

301 2484 425 2550 Gellius
463 2487 497 2560 1,
532 2483 584 2548 23.
645 2483 790 2548 Historia
829 2487 867 2549 dc
899 2486 1035 2569 Papirio
1073 2490 1282 2552 Praetextato

239 2587 325 2653 dicta
348 2587 531 2672 scriptaque
558 2599 605 2651 est
635 2609 652 2650 a
687 2591 742 2652 M.
770 2593 899 2654 Catone
933 2589 969 2652 in
1000 2591 1181 2665 oratioue,
1213 2611 1283 2674 qua

236 2712 321 2756 usus
346 2703 398 2754 est
423 2691 471 2752 ad
496 2691 623 2754 milites
648 2704 770 2754 contr-u
796 2693 955 2768 Galbam,
988 2715 1058 2755 cum
1086 2694 1182 2756 multa
1210 2691 1283 2778 qui-

237 2797 308 2857 dem
347 2805 508 2856 venustate
539 2805 634 2878 atque
666 2793 871 2880 luceatque
909 2794 1060 2858 munditia
1096 2798 1285 2859 verborum.-

237 2897 286 2959 Ea
307 2895 444 2960 Catonis
465 2896 562 2987 verba
581 2894 656 2959 huic
677 2918 812 2979 prorsus
834 2896 1063 2962 commentario
1083 2896 1279 2976 indidissem,

140 3013 146 3023 ¹
237 2998 272 3064 si·
289 2998 365 3062 libri
389 2997 484 3082 copia
509 2997 622 3063 fuisset
644 2997 679 3062 id
702 2999 875 3084 temporis,
904 3025 975 3065 cum
1004 3003 1084 3064 haec
1106 3000 1237 3066 dictavi.

272 3124 412 3185 venustate]
448 3129 524 3172 codex
544 3127 649 3184 optimus
670 3127 753 3173 Paris.
776 3133 907 3175 vetustate.
945 3129 1068 3175 Duebner.

302 3383 484 3466 Sequuntur
521 3379 636 3444 deinde
672 3401 780 3444 earum
816 3378 999 3444 orationum
1035 3378 1170 3443 Catonis
1204 3377 1282 3442 reli-

146 3532 158 3564 .=„
236 3483 351 3572 quiae,
384 3503 517 3569 quarum
554 3493 740 3568 argumenta
772 3484 917 3546 nondum·
944 3481 1089 3544 invenire
1123 3481 1279 3566 contigit,

235 3588 310 3654 sive
331 3590 420 3674 quod
441 3607 534 3651 causa
560 3608 623 3673 qua
653 3589 692 3650 de
719 3585 827 3672 agitur
849 3603 984 3667 prorsus
1007 3593 1054 3645 est
1076 3582 1198 3666 ignota,
1224 3605 1280 3646 seu

236 3694 323 3778 quod
350 3689 578 3773 inscriptiones
607 3692 691 3773 apud
721 3687 947 3774 grammaticos
981 3682 1110 3748 vitiatae
1144 3697 1175 3748 et
1205 3707 1280 3751 cor·

235 3805 348 3880 ruptae
376 3804 460 3859 sunt.
518 3854 520 3860 s

442 3991 490 4050 68.
523 3990 624 4049 Oratio
642 3991 679 4048 da
698 3985 843 4046 aedtlibns
863 3984 931 4044 vitio
954 3987 1071 4060 creatis,¹

297 4123 336 4186 In
359 4121 499 4188 editione
526 4119 638 4206 priore
662 4119 746 4183 inter
773 4114 936 4182 orationes
965 4118 1131 4184 censorias
1161 4117 1278 4181 retule-

233 4245 325 4304 ram,
357 4228 412 4288 sed
437 4245 514 4289 vere
542 4220 663 4288 monuit
687 4221 896 4298 Duebnerus,
926 4243 960 4285 sc
990 4243 1054 4288 non
1080 4219 1277 4302 intelligere,

234 4350 293 4391 cur
319 4351 334 4390 a
363 4325 487 4391 Catone
520 4349 653 4392 censore
679 4322 878 4410 potissimum
905 4327 942 4389 de
970 4347 1005 4389 ea
1030 4346 1067 4389 re
1092 4323 1133 4388 sit
1162 4333 1276 4385 actum.
