2970 4836
1221 353 1260 417 25

274 511 456 578 Ellendtins
479 525 580 575 antem
607 511 756 590 coniicit,
798 513 952 579 Catonem
979 515 1039 578 iam
1066 525 1136 576 ante
1161 535 1259 598 qnae-

212 628 331 678 sturam
360 615 393 678 in
421 615 578 698 Hispania
608 615 763 697 stipendia
787 617 902 680 secisse
930 630 961 681 et
987 617 1145 702 equitatus
1166 638 1259 699 prae·

210 719 328 780 fectum
352 715 451 780 fuisse
474 730 505 780 et
527 730 601 780 tnnc
624 719 781 798 temporis
806 721 978 804 aliquando
999 720 1147 784 oratione
1168 719 1259 804 cqui-

208 833 256 884 tes
280 841 355 883 suos
378 823 595 882 cohortatum.
627 819 808 896 (Haliische
823 823 1142 904 Litteraturzeitung
1162 823 1257 886 1831.

208 925 359 1000 ianuar.)

273 1024 396 1089 Gellius
423 1028 479 1100 16,
512 1028 543 1087 1.
582 1030 623 1091 In.
649 1027 791 1089 Catonis
817 1028 997 1103 oratione,
1033 1047 1135 1112 quam
1166 1027 1258 1090 discit

209 1128 424 1192 Numantiae
449 1129 544 1209 apud
567 1129 718 1212 equites,
750 1131 832 1190 haec
862 1143 964 1193 sunt:
995 1131 1155 1214 Cogitate
1180 1151 1258 1193 cum

209 1231 337 1292 animis
352 1231 486 1304 vestris,
514 1230 650 1314 siquid
675 1251 735 1292 vos
753 1253 818 1312 per
843 1233 995 1295 laborem
1017 1245 1107 1296 recte
1119 1231 1260 1322 seceri-

208 1335 271 1395 tis:
294 1333 392 1395 tabor
410 1332 468 1394 iiie
487 1333 623 1394 anobis
642 1333 711 1395 cito
733 1333 878 1406 recedet,
902 1332 1143 1420 benefactum
1158 1357 1181 1397 a
1200 1357 1258 1398 vo·

208 1436 271 1507 bis,
295 1437 379 1498 dum
400 1435 525 1507 uiuitis,
549 1456 619 1497 non
638 1435 807 1498 abscedet.
833 1435 900 1499 Sed
919 1436 950 1497 si
970 1457 1039 1520 qua
1057 1459 1121 1518 per
1140 1440 1258 1519 volup·

208 1549 315 1600 tatem
338 1537 493 1620 nequiter
509 1535 690 1624 feceritis,
715 1541 873 1619 voluptas
897 1539 965 1602 cito
990 1539 1114 1615 abibit,
1139 1539 1257 1624 nequi-

208 1652 262 1703 ter
272 1638 422 1730 factum
445 1640 532 1702 illud
549 1640 644 1722 apud
663 1662 723 1704 nos
745 1662 880 1723 semper
904 1642 1065 1706 manebit.

272 1744 386 1805 Festus
416 1763 450 1823 p.
483 1743 558 1804 201.
587 1743 640 1810 ed.
666 1743 765 1805 Mttll.
803 1742 1015 1825 optionatus
1042 1755 1081 1806 ut
1102 1744 1259 1808 decurio-

208 1856 326 1918 natus,
349 1845 582 1926 pontificatus
605 1845 745 1919 dicitur,
763 1857 801 1907 ut
825 1849 911 1910 Cato
930 1847 965 1908 in
986 1868 1044 1922 ea,
1073 1868 1177 1930 quam
1191 1849 1259 1910 'ha-

208 1948 282 2010 buit
300 1948 396 2029 apud
417 1947 567 2031 equites:
596 1949 755 2011 Maiores
782 1969 939 2011 seorsum
961 1959 1063 2032 atque
1082 1949 1259 2012 diversum

205 2050 359 2132 pretium
373 2071 544 2131 paravere
567 2050 665 2114 bonis
685 2062 787 2134 atque
810 2052 973 2126 strenuis,
998 2051 1255 2129 decurionatus,

207 2153 422 2236 optionatus,
449 2155 569 2215 hastas
591 2153 784 2230 donaticas,
808 2153 963 2237 aliosque
988 2156 1150 2217 honores.

243 2297 317 2342 bonis
339 2304 410 2357 atque
435 2295 558 2356 strenuis]
589 2300 631 2343 int.
652 2298 777 2343 militibus.

242 2422 396 2481 optionatus]
425 2437 525 2469 manens
545 2425 678 2479 optionnm.
718 2424 805 2468 Festus
830 2436 853 2477 p.
882 2421 940 2468 198.
969 2421 1044 2480 Optio
1063 2425 1107 2482 qui
1127 2438 1194 2470 nunc
1216 2424 1255 2470 di-

279 2512 356 2564 citur,
376 2520 453 2556 antea
469 2512 645 2570 appellabatur
657 2524 791 2556 accensas.
815 2508 842 2554 Ie
864 2509 967 2554 adiutor
987 2509 1096 2555 dabatur
1116 2513 1257 2557 centurioni

279 2612 295 2641 a
315 2598 425 2644 tribunis
447 2600 566 2644 rnilitum.

243 2721 332 2766 hastas
342 2720 486 2780 donaticas]
505 2724 594 2768 Paulas
604 2725 725 2768 Diaconos
737 2737 757 2767 s.
769 2737 791 2771 v.
802 2721 889 2767 bastae
899 2736 922 2778 p.
935 2715 992 2767 101.
1012 2687 1208 2781 ¹Ramoru'sartee
1220 2723 1258 2768 vi-

280 2824 322 2854 rae
344 2825 420 2870 saepe
442 2809 516 2855 hus'ta
538 2809 673 2856 donarunt.
712 2813 778 2855 Alias
803 2809 894 2855 hastae
909 2823 993 2868 purae
1012 2810 1131 2855 dicuntur.
1175 2811 1256 2856 Mittin

279 2899 378 2956 Vorsge
400 2913 429 2942 sn
452 2901 509 2943 midi
534 2901 562 2943 de
586 2900 608 2942 ts
630 2899 722 2943 France
742 2899 773 2943 T.
791 2896 815 2941 1.
835 2895 903 2945 1³.1.
928 2911 950 2952 p.
967 2895 1026 2943 253.
1061 2895 1156 2941 Hastae
1175 2913 1257 2958 purae

279 2985 395 3031 c'dtaient
413 2985 458 3031 des
482 2988 568 3031 lancee
588 3001 649 3030 sans
662 2983 730 3045 ser,¹
746 2985 789 3045 qui
810 2999 837 3030 se
860 2985 995 3029 donnoient
1014 2981 1030 3028 a
1051 2999 1135 3039 ceux,
1158 2986 1256 3044 quites

278 3075 405 3132 premiere
432 3075 533 3118 avaient
562 3073 607 3118 tul
632 3073 677 3118 des
709 3073 820 3119 mnemia
848 3071 913 3118 dans
941 3087 974 3118 un
1001 3073 1107 3118 combat.
1145 3075 1257 3118 Knauson

278 3163 406 3206 Romische
425 3163 589 3219 Antiquitiiten
610 3159 623 3218 §
653 3156 713 3205 260.
746 3161 919 3215 inscriptiones
941 3160 1027 3204 Orsttii
1049 3155 1200 3208 Nr0.3t57.
1230 3160 1257 3204 in

278 3251 362 3294 mattis
385 3253 465 3294 saints
484 3251 523 3294 vet
549 3250 581 3294 tit
603 3251 639 3293 set
665 3249 792 3301 homines,
824 3249 904 3292 hsstss
925 3261 997 3303 puras
1019 3249 1130 3292 manibus
1150 3250 1258 3294 ferentes

280 3339 345 3382 vetut
369 3339 463 3396 signum
488 3337 587 3380 honoris
607 3341 677 3393 atque
702 3337 825 3388 victorias,
851 3340 941 3380 extent.

275 3456 362 3520 Lion
396 3478 432 3538 p.
461 3456 500 3519 79
531 3454 605 3518 hnic
626 3453 776 3554 'orationi
810 3452 930 3516 addidit
963 3456 1026 3517 duo
1056 3454 1257 3538 fragmenta,

209 3581 291 3643 quac
332 3580 374 3622 ex
416 3557 562 3646 oratione
595 3558 637 3620 de
669 3557 755 3621 bello
789 3554 1068 3638 Carthaginiensi
1103 3565 1258 3637 excerpta

210 3673 293 3725 sant.

421 3837 449 3894 5.
486 3829 591 3893 Oratia'
607 3835 643 3892 ad
668 3823 805 3908 populum
831 3835 868 3890 de
888 3833 1041 3905 triumpho.

275 3987 368 4050 Haec
392 3984 498 4050 oratio
524 3986 651 4050 videtur
673 3984 782 4048 habita
801 4003 883 4049 anno
910 3985 972 4046 5⁶0
990 3983 1100 4061 (194),
1122 4003 1192 4044 cum
1215 4003 1258 4046 ex

212 4086 371 4170 Hispania
392 4087 476 4152 Cato
498 4089 634 4152 Romam
655 4086 830 4150 rediverst.
868 4087 1084 4166 imperatores
1101 4081 1182 4147 enim
1201 4104 1256 4146 ro·

212 4189 296 4252 mani
322 4189 354 4251 in
382 4188 540 4253 concione
564 4200 653 4252 extra
672 4191 789 4257 ,urbem
814 4208 903 4250 more
927 4183 1080 4246 maiorum
1103 4195 1174 4245 anta
1197 4183 1256 4246 tri·

209 4291 320 4374 umphi
337 4289 423 4354 diem
447 4290 590 4360 ordinem
615 4302 758 4354 actorum
779 4307 908 4352 suorum
932 4305 1184 4350 contmemorare
1203 4305 1256 4347 so-
