2992 4844
268 385 328 447 316

267 547 398 610 Oratae
434 553 556 606 contra
592 541 782 605 Antonium
826 541 957 605 iudicio
994 541 1134 624 priuato
1169 563 1313 606 causam

267 645 513 736 defenderem,
545 664 656 706 nonne
688 644 802 709 omnis
838 655 960 708 nostra
994 644 1029 706 in
1063 643 1140 707 iure
1164 657 1315 708 uersata

268 747 430 839 defensio
461 747 539 810 est?
569 749 656 811 Cum
691 747 782 809 enim
816 749 871 812 M.
906 747 1049 812 Marius
1082 748 1313 830 Gratidianus

266 852 368 915 aedes
396 852 528 915 Oratae
560 849 789 926 uendidisset,
826 871 933 934 neque
969 852 1099 913 seruire
1136 851 1313 934 quandam

266 976 388 1018 earum
419 952 557 1016 aedium
589 964 727 1035 partem
762 953 798 1015 in
834 953 997 1035 mancipii
1031 955 1107 1036 lege
1141 954 1313 1026 dixisset,·

266 1056 550 1148 defendebamus,
567 1056 735 1141 quidquid
747 1054 890 1146 fuisset
915 1056 1124 1119 incommodi
1148 1056 1184 1118 in
1215 1077 1312 1118 man·

267 1161 376 1243 cipio,
405 1161 442 1223 id
467 1161 498 1224 si
529 1158 685 1222 uenditor
716 1159 836 1222 scisset
870 1180 931 1222 nec
956 1159 1184 1235 declarasset,
1209 1181 1313 1242 prae·

267 1276 362 1327 stare
384 1265 516 1327 debere.
897 1255 899 1262 ¹

565 1401 612 1460 il.
654 1401 761 1461 Concio
778 1403 808 1458 in
827 1403 1005 1461 Memmium.

332 1536 411 1599 Vid.
430 1539 531 1602 Orat.
551 1538 716 1620 prolege
745 1534 890 1600 Seruilia
920 1558 953 1618 p.
979 1536 1053 1600 299.
1086 1535 1198 1616 Vulgo
1228 1535 1310 1599 euim

267 1650 390 1721 putant,
407 1637 594 1701 Memmium
616 1638 720 1722 legem
745 1636 929 1700 dissuasisse
952 1636 1137 1713 Serviliam,
1161 1660 1223 1720 pro
1247 1660 1311 1724 qua

268 1739 378 1804 oravit
400 1740 547 1806 Crassus.

432 1881 478 1938 15.
520 1882 673 1938 Orationes
695 1897 816 1953 graecae
836 1883 867 1937 ln
885 1883 1006 1938 latinum
1028 1897 1139 1938 verses.

333 2011 407 2076 Cic.
437 2017 475 2076 de
505 2015 600 2078 Orat.
627 2017 662 2090 1,
693 2013 747 2075 36.
793 2017 917 2077 Postea
946 2014 1030 2076 milri
1055 2015 1185 2097 placuit
1207 2036 1314 2098 eoque

266 2138 344 2180 sum
366 2138 450 2180 usus
472 2117 684 2190 adolescens,
710 2131 748 2179 ut
769 2138 984 2180 summorum
1007 2129 1186 2179 oratorum
1208 2139 1312 2200 grae-

267 2242 324 2284 cas
333 2219 510 2284 orationes
522 2220 747 2301 explicarem.
771 2221 903 2303 Quibus
912 2221 1008 2282 lectis
1020 2222 1083 2284 hoc
1095 2221 1313 2304 assequebar,

265 2335 315 2400 ut,
344 2344 422 2386 eum
442 2345 494 2398 ea,
522 2343 609 2406 quae
634 2325 787 2406 legeram
813 2345 956 2407 graece,
986 2324 1093 2386 latine
1118 2324 1312 2398 redderem,

266 2447 334 2489 non
358 2429 470 2489 solum
491 2425 631 2508 optimis
659 2427 769 2489 uerbis
793 2439 927 2502 uterer,
956 2437 989 2488 et
1021 2438 1136 2488 tamen
1158 2427 1311 2500 usitatis,

267 2530 328 2592 sed
346 2528 451 2591 etiam
470 2529 702 2611 exprimerem
725 2529 894 2613 quaedam
920 2529 1021 2590 verba
1041 2529 1212 2592 imitando
1225 2551 1314 2615 quae

266 2653 355 2696 noua
373 2632 504 2695 nostris
527 2645 657 2707 essent,
686 2632 873 2696 dummodo
896 2643 1008 2694 essent
1031 2632 1169 2695 idonea.

331 2752 469 2833 Quintil.
495 2754 548 2827 10,
574 2755 612 2829 5,
637 2753 668 2814 2.
717 2756 859 2819 Vertere
881 2774 1011 2836 graeca
1034 2752 1070 2815 in
1094 2755 1241 2817 latinum
1259 2776 1314 2816 ue·

267 2868 358 2919 teres
392 2854 504 2918 nostri
537 2867 693 2920 oratores
730 2856 898 2938 optimum
933 2856 1143 2919 indicabant.
1198 2857 1241 2921 Id
1276 2879 1314 2918 se

267 2963 308 3022 L.
333 2961 479 3025 Crassus
501 2957 537 3019 in
564 2957 633 3022 illis
658 2958 835 3023 Ciceronis
868 2960 909 3021 de
935 2960 1086 3023 Oratore
1110 2959 1206 3022 libris
1228 2959 1313 3021 dicit

254 3058 460 3151 factitasse.

639 3203 808 3276 Fraprncnta
827 3206 941 3260 incerta.

332 3330 405 3396 Cic.
430 3333 552 3396 Orator
576 3357 605 3398 c.
630 3335 683 3397 66.
728 3336 822 3399 Illud
851 3346 902 3397 est
929 3337 1066 3400 Crassi:
1092 3335 1224 3401 Missos
1242 3333 1314 3424 fa·

267 3435 359 3498 ciant
374 3447 562 3517 patronos,
586 3436 655 3520 ipsi
674 3437 857 3519 prodeant.
889 3441 960 3503 Cur
987 3437 1210 3501 clandestinis
1232 3459 1315 3501 con·

265 3537 355 3602 siliis
370 3559 433 3602 nos
450 3541 678 3623 oppugnant?
701 3563 764 3602 cur
787 3542 828 3604 de
847 3540 1018 3631 perfugis
1044 3541 1175 3604 nostris
1196 3544 1315 3624 copias

267 3655 445 3726 comparat
470 3643 501 3704 is
523 3654 645 3706 contra
667 3644 760 3706 nos}²

184 3393 229 3428 f

301 3785 407 3846 Missos]
444 3790 571 3833 nonsatis
591 3790 676 3846 liquet,
698 3789 762 3834 unde
782 3789 910 3833 desurntns
929 3792 963 3835 sil
981 3791 1081 3851 integer
1094 3793 1223 3838 senarius.
1243 3789 1312 3851 (luae

335 3889 396 3919 mox
407 3874 498 3918 ibidem
517 3883 664 3935 sequnntur,
684 3874 744 3936 (Cur
764 3877 933 3921 clandestinis
952 3881 1013 3930 etc.)
1031 3894 1065 3922 ex
1085 3880 1204 3923 carisione
1223 3884 1313 3922 contra

335 3964 484 4020 popularem
495 3961 639 4024 suellonem
655 3966 734 4022 petitu
752 3963 853 4020 credes,
873 3966 926 4010 nisi
936 3965 1009 4026 sorte
1027 3974 1086 4012 eant
1104 3983 1138 4011 ex
1157 3969 1272 4012 oratione
1285 3967 1312 4010 in

335 4048 488 4108 Philippum.
526 4053 622 4097 Ellendt
642 4065 666 4106 p.
686 4053 802 4097 Lxxlv.

300 4138 482 4202 comparatis]
520 4155 548 4185 ex
569 4142 716 4197 Quintiliano
737 4143 761 4198 9,
783 4141 807 4200 6,
831 4144 887 4194 tiit.
912 4147 1000 4201 recepi.
1021 4149 1100 4204 Vulgo
1118 4150 1277 4202 comparant.

329 4257 454 4320 Plinius
476 4259 564 4322 Hisi.
584 4261 660 4323 Nat.
686 4262 736 4338 35,
762 4266 793 4326 t.
839 4265 972 4329 Deinde
994 4264 1093 4327 uideo
1118 4275 1152 4327 et
1174 4264 1209 4326 in
1213 4259 1314 4346 foro

266 4358 400 4436 positas
416 4363 519 4442 vulgo
542 4363 689 4426 tabulas.
715 4367 804 4430 Hinc
830 4369 921 4430 enim
945 4369 1000 4430 ille
1025 4366 1144 4432 Crassi
1161 4365 1314 4429 oratoris
