2970 4836
278 374 319 434 st

349 539 377 580 st
398 535 514 581 Catonem
536 537 658 580 consulem
679 538 770 594 tegstos
789 538 922 588 miserant,
941 542 1083 593 querentes,
1104 541 1201 582 sestetts
1221 553 1263 582 sua
1283 553 1325 594 cp·

349 625 448 684 pugnari
468 638 511 668 nec
526 637 593 678 spem
615 625 687 668 ultam
705 637 761 668 esse
781 625 919 678 resistendi,
941 625 987 668 uisi
1012 627 1134 680 praesidio
1156 627 1225 672 irrites
1244 641 1324 672 reina-

349 725 393 757 uus
411 718 484 766 esset,
506 717 531 755 ut
547 711 631 755 Livius
650 711 735 758 scribit
754 713 770 755 Ι.
787 706 828 765 34,
846 710 886 755 11.

314 833 470 893 obe-uratum]
501 837 526 880 Si
548 840 572 881 in
592 837 672 880 codice
695 842 759 881 esset
780 842 895 879 curatum
915 849 959 890 pro
977 838 1076 880 insolito
1096 839 1230 891 composito
1250 838 1325 882 obcu-

339 930 439 988 ,rutum,
461 938 517 968 seue
538 925 561 968 in
581 926 618 968 bis
637 925 719 968 verbis
738 937 808 968 nemo
832 925 951 967 haereret.
985 925 1030 968 Sed
1047 925 1151 968 fortasse
1168 926 1267 969 verbum
1284 925 1325 969 oh·

348 1026 441 1056 curare
465 1015 525 1068 apud
547 1012 722 1056 vetustissimos
748 1017 858 1055 auctores
889 1012 911 1054 iu
939 1025 982 1054 usu
1016 1018 1076 1056 erat.
1110 1014 1178 1069 Quod
1202 1015 1223 1057 si
1246 1019 1325 1056 autem

348 1099 450 1161 diffidas,
474 1102 532 1143 haud
555 1098 652 1144 difficile
675 1099 812 1143 emendabis
835 1099 1011 1152 obcursatum;
1032 1113 1160 1144 occursare
1182 1102 1246 1144 enim
1264 1103 1324 1156 apud

349 1190 459 1246 antiquos
477 1202 520 1243 pro
543 1201 685 1232 succurrere
706 1187 802 1230 dicitur.
840 1185 928 1232 Putsch
951 1187 1022 1230 babet
1043 1186 1167 1231 obturata.

341 1307 372 1368 5.
398 1305 577 1369 Charisius.
608 1308 867 1388 Usquequaque.
895 1328 931 1386 p.
952 1305 1025 1368 132.
1056 1308 1112 1369 M.
1141 1309 1228 1370 Cato
1253 1307 1324 1370 ette-

278 1431 356 1472 rum
386 1408 559 1470 dictarum
588 1408 629 1470 de
656 1410 839 1470 consulatu
867 1427 958 1470 suo:
1000 1409 1128 1472 Omnia
1156 1411 1325 1472 tumultus

275 1514 390 1593 piena,
418 1511 522 1572 simut
549 1510 700 1572 hostium
730 1510 849 1589 copiae
878 1528 1026 1590 magnae
1052 1521 1174 1571 contra
1198 1533 1250 1573 me
1272 1531 1324 1572 se·

277 1614 414 1686 debant,
440 1631 684 1694 usquequaque
708 1610 971 1672 lacessebamur.
1009 1612 1104 1690 Quod
1130 1612 1326 1674 manifestius

276 1713 361 1777 idem
386 1713 430 1774 ita
460 1711 612 1775 disserit:
644 1715 782 1774 Interea
814 1711 862 1771 ad
892 1711 1004 1774 socios
1038 1724 1176 1774 nostros
1206 1714 1325 1776 sedulo

277 1816 531 1898 disperderem,
557 1813 627 1876 atio
651 1810 885 1899 frumentum,
911 1813 981 1875 atio
1008 1815 1154 1896 legatos,
1182 1814 1253 1878 atio
1282 1816 1324 1878 ti-

276 1931 383 1994 tanis,
415 1916 485 1982 atio
509 1914 725 1998 praesidium
750 1935 1006 1998 usquequaque.

310 2060 440 2122 sedebant]
472 2067 550 2105 eastra
570 2061 699 2106 habebant.
744 2061 874 2120 Utrumque
898 2059 1058 2118 fragmentum
1078 2061 1106 2104 stt
1127 2059 1217 2105 beilum
1237 2059 1324 2116 Hispe-

347 2151 426 2194 oicum
445 2154 545 2204 spectat.

342 2269 375 2332 6.
393 2267 573 2332 Charisius.
599 2271 690 2332 Pone
707 2289 837 2330 uersus.
861 2289 895 2348 p.
912 2268 985 2330 127.
1010 2270 1066 2331 M.
1083 2270 1169 2330 Cato
1188 2265 1324 2328 dierum

279 2371 453 2434 dictarum
485 2371 527 2432 de
558 2373 741 2432 consulatu
775 2390 866 2432 suo:
900 2372 1053 2434 Nostros
1083 2390 1173 2451 pone
1204 2389 1325 2430 versus

277 2473 408 2537 hosteis
429 2494 503 2536 esse
526 2473 570 2534 ab
593 2471 741 2534 dextera
755 2484 871 2553 parte.
907 2472 988 2535 Item
1005 2471 1109 2534 idem:
1136 2475 1324 2553 Postquam

275 2575 452 2658 auspicavi
478 2587 580 2658 atque
603 2574 797 2636 exercitum
822 2575 960 2636 adduxi
982 2595 1072 2657 pone
1097 2586 1215 2636 castra
1244 2575 1323 2636 hos·

276 2679 377 2742 tium.

311 2819 421 2878 nostros]
452 2821 613 2876 Supptendum
638 2820 690 2864 eidi
709 2823 745 2864 vet
768 2819 862 2873 audiri,
887 2825 982 2864 nostros
1002 2825 1047 2865 etc.

312 2945 454 3003 auspicavi]
484 2945 567 2988 Livius
588 2941 629 2998 tt,
646 2942 686 2988 ii.
719 2929 796 2990 Nocte
820 2943 904 2989 media
922 2942 1033 3000 (Cato),
1057 2955 1114 2986 cum
1132 2943 1248 2999 auspicio
1266 2957 1322 2999 ope-

347 3047 403 3076 ram
425 3031 544 3086 dedisset,
561 3027 702 3090 profectus,
721 3040 746 3076 ut
763 3035 854 3086 locum,
878 3045 949 3090 quem
968 3031 1049 3084 uellet,
1066 3030 1218 3088 priusquam
1241 3027 1323 3074 hostes

345 3121 476 3172 sentirent,
500 3125 609 3176 cuperet,
631 3126 734 3176 praeter
753 3128 839 3164 castra
861 3117 969 3164 hostium
987 3117 1175 3172 circumduxit,
1198 3123 1222 3160 et
1236 3119 1323 3175 prima

345 3209 401 3252 luce
421 3208 477 3251 acie
496 3208 621 3250 instructa
640 3207 686 3250 sub
706 3211 789 3266 ipsum
805 3209 898 3252 vallum
915 3213 967 3251 tres
987 3204 1102 3252 cohortes
1121 3207 1208 3250 mittit.

342 3333 373 3390 7.
399 3326 579 3391 Charisius.
616 3328 709 3392 Satis
735 3349 797 3409 pro
823 3326 955 3390 intente.
982 3349 1017 3409 p.
1037 3328 1109 3390 129.
1144 3333 1230 3392 Cato
1252 3330 1322 3390 die·

277 3453 356 3493 rum
379 3430 552 3493 dictarum
580 3432 620 3493 de
646 3434 828 3494 consulatu
858 3451 945 3492 suo:
976 3433 1051 3494 Iam
1075 3431 1172 3511 apud
1197 3433 1324 3492 vallum

277 3532 390 3596 nostri
416 3534 503 3596 satis
525 3535 686 3616 agebant.

312 3676 381 3734 apud
404 3677 509 3737 salium]
540 3679 623 3722 Livius
648 3675 689 3732 34,
712 3675 743 3720 ii
762 3684 784 3722 et
805 3676 834 3721 15
856 3679 999 3721 acerrimam
1023 3680 1106 3718 narrat
1123 3687 1240 3732 pugnam,
1263 3690 1323 3732 quae

348 3765 392 3809 sub
413 3766 466 3821 ipso
486 3769 548 3810 vetto
570 3769 674 3812 bostium
694 3781 706 3809 a
727 3767 818 3809 Catone
839 3763 1039 3810 committebatur,
1063 3767 1086 3805 et
1105 3761 1128 3804 in
1150 3775 1195 3819 qua
1218 3765 1323 3808 inaxims

347 3855 418 3907 copis
442 3855 545 3898 bostium
571 3855 635 3899 eaesi
657 3859 720 3898 sunt.
767 3852 879 3896 Valerius
903 3851 967 3892 enim
989 3849 1073 3892 Antias
1100 3849 1203 3904 (scribit
1223 3851 1323 3902 Livius)

349 3953 420 3995 supra
441 3944 597 4001 quadraginta
618 3943 694 3985 miliia
716 3941 819 3984 hostium
841 3950 911 3981 caesa
934 3951 963 3980 eo
986 3938 1023 3980 die
1044 3938 1137 3982 scribit.
1173 3938 1234 3982 Ceto
1256 3941 1322 3993 ipse,

347 4029 408 4071 haud
430 4042 486 4072 sene
509 4033 654 4072 detrectator
678 4030 772 4070 tandum
790 4037 899 4077 suarum,
921 4026 1007 4068 multos
1024 4005 1113 4069 xcraesos
1135 4026 1169 4070 ait
1189 4025 1323 4084 (Origines

348 4116 413 4169 sius,
439 4116 540 4169 opinor,
563 4115 675 4170 inteiligit
692 4113 795 4166 Livius),
816 4125 942 4156 numerum
960 4126 1006 4158 non
1028 4115 1152 4159 describit.
1185 4113 1255 4157 Cont.
1276 4113 1321 4166 hp-

348 4205 432 4256 pianus
452 4204 480 4246 de
500 4201 573 4246 rebus
583 4201 736 4255 hispanicus.
754 4196 794 4245 ib.

311 4325 380 4368 Satis
403 4325 522 4383 agebant]
550 4309 646 4370 Acriter
663 4328 816 4372 dimicabant.
