2970 4836
307 368 346 429 18

368 523 452 588 lbid.
474 524 525 597 19,
545 523 576 597 3,
596 523 628 586 9.
663 525 719 587 Μ.
741 525 827 587 Cato
845 545 923 586 cum
946 523 982 586 in
1001 523 1145 588 dicendo
1168 537 1352 606 praestan-

306 627 461 689 tissimus
486 637 560 688 tum
580 625 668 688 iuris
688 625 779 688 idem
789 623 876 715 fuit
898 626 1146 708 peritissimus.

369 727 457 790 lbid.
483 728 533 802 19,
559 731 608 802 10,
633 729 685 791 39.
729 731 810 792 Non
837 728 969 810 Scipio,
999 730 1158 802 Laelius,
1187 732 1291 794 Cato
1316 731 1353 793 in

303 833 491 917 eloquendo
514 835 605 895 uelut
626 831 735 894 Attici
757 834 994 895 Romanorum
1002 828 1189 919 fuerunt?

369 936 458 998 lbid.
487 936 537 1009 19,
563 937 612 1008 11,
637 935 690 995 93.
724 937 780 997 Μ.
806 937 911 998 Cato
931 933 1040 995 idem
1063 955 1221 996 summus
1246 936 1353 1018 impe·

304 1049 414 1110 rator,
443 1037 534 1100 idem
556 1035 711 1117 sopiens,
737 1036 850 1098 idem
872 1049 1041 1111 orator,
1069 1038 1161 1101 idem
1186 1039 1353 1102 historiae

304 1141 473 1213 conditor,
496 1139 586 1202 idem
607 1137 709 1213 iuris,
733 1138 824 1200 idem
844 1159 963 1203 rerum
983 1140 1195 1204 rusticarum
1212 1143 1352 1224 peritis-

304 1245 413 1306 simus
425 1240 522 1332 fuit,
548 1253 581 1304 et
608 1242 698 1304 inter
720 1253 772 1305 tot
788 1263 913 1324 operas
937 1243 1092 1318 militiae,
1117 1256 1234 1306 tantas
1259 1245 1354 1307 domi

305 1345 538 1409 contentiones
566 1345 646 1407 rudi
677 1349 792 1408 seculo
821 1345 941 1407 literas
972 1367 1119 1429 graecas
1144 1359 1257 1410 aetate
1282 1345 1353 1408 iam

306 1449 477 1511 declinato
501 1447 639 1521 didicit,
667 1460 707 1510 ut
728 1460 816 1510 esset
842 1448 1036 1511 hominibus
1062 1449 1284 1524 documento,
1313 1470 1355 1512 eu

306 1572 439 1635 quoque
461 1550 596 1632 percipi
614 1572 731 1632 posse,
760 1572 846 1634 quae
875 1570 973 1612 senes
997 1552 1249 1632 concupissent.

369 1653 497 1715 Auctor
512 1651 645 1734 Dialogi
665 1655 702 1714 de
725 1653 861 1716 Orator.
887 1651 940 1714 18.
985 1657 1101 1734 Agere
1115 1650 1262 1740 fortius
1283 1653 1353 1714 iam

306 1768 339 1819 et
364 1755 549 1818 audentius
573 1758 669 1828 volo,
694 1755 725 1816 si
748 1755 834 1816 illud
859 1765 939 1816 ante
961 1755 1198 1836 praedixero,
1225 1756 1354 1817 mutari

305 1880 383 1920 cum
415 1857 626 1940 temporibus
642 1855 795 1947 formas
824 1878 958 1939 quoque
988 1868 1022 1918 ct
1050 1877 1179 1938 genera
1204 1857 1352 1919 dicendi.

306 1962 364 2025 Sic
385 1961 540 2024 Catoni
563 1960 657 2022 seni
679 1971 901 2041 comparatus
920 1963 958 2022 C.
972 1961 1149 2022 Gracchus
1170 1959 1306 2041 plenior
1321 1971 1354 2022 et
1402 2025 1410 2035 ,

306 2063 470 2136 uberior,
504 2063 552 2124 sic
584 2065 740 2125 Graccho
765 2062 911 2143 politior
940 2073 973 2122 et
998 2063 1156 2123 ornatior
1181 2067 1351 2134 Crassus,

306 2167 355 2228 sic
376 2177 521 2248 utroque
547 2163 743 2229 distinctior
766 2178 798 2227 et
822 2164 989 2226 urbanior
1013 2177 1045 2226 et
1068 2165 1174 2227 altior
1199 2167 1331 2228 Cicero.

370 2269 498 2330 Fronto
529 2266 636 2348 Epist.
665 2270 704 2329 ad
730 2268 853 2356 Verum
881 2289 913 2347 p.
946 2268 1024 2342 171,
1054 2270 1104 2328 cd.
1128 2269 1226 2330 Rom.
1265 2271 1353 2330 Con-

306 2371 462 2434 tionatur
488 2373 592 2434 Cato
620 2367 761 2459 infeste,
790 2372 967 2433 Gracchus
989 2370 1192 2445 turbulente,
1219 2370 1356 2432 Tullius

307 2473 457 2555 copiose.
500 2475 576 2537 lom
602 2472 636 2533 in
663 2472 802 2534 iudiciis
828 2473 934 2535 saevit
960 2473 1049 2535 idem
1079 2476 1204 2546 Cato,
1232 2473 1355 2534 trium·

303 2581 389 2658 phut
412 2576 550 2649 Cicero,
576 2578 808 2637 tumultuatur
834 2578 1029 2649 Gracchus,
1053 2578 1177 2639 Caluus
1198 2575 1353 2636 rixatur.

371 2680 496 2741 Fronto
525 2675 631 2757 Epist.
662 2680 701 2739 ad
727 2679 779 2738 M.
805 2677 975 2740 Caesarem
1001 2699 1035 2758 p.
1060 2678 1113 2738 89.
1158 2676 1356 2740 Meministi

303 2780 477 2862 plurimas
500 2779 683 2852 lectiones,
711 2780 834 2862 quibus
857 2799 964 2861 usque
989 2779 1101 2838 adhuc
1125 2789 1279 2839 uersatus
1305 2800 1352 2851 es,

307 2882 515 2956 comoedias,
540 2884 735 2955 Atellanas,
759 2892 919 2942 oratores
946 2890 1092 2952 veteres,
1120 2900 1269 2961 quorum
1295 2892 1356 2942 aut

304 2983 411 3066 pauci
438 2995 499 3045 aut
524 2995 667 3065 praeter
696 2987 861 3046 Catonem
890 2993 923 3042 et
952 2983 1146 3043 Gracchum
1176 3002 1275 3043 nemo
1304 2994 1356 3043 tu·
1436 2983 1441 3000 '

308 3087 386 3148 bam
411 3086 544 3177 inflat,
570 3105 688 3147 omnes
713 3096 829 3146 autem
856 3083 1018 3167 mugiunt
1042 3087 1094 3144 vel
1118 3083 1270 3146 stridunt
1295 3105 1356 3167 po-

312 3190 396 3250 tius.

344 3294 494 3350 comoedias,
506 3294 649 3353 Atellanas]
669 3297 881 3356 interpungendum
901 3310 954 3342 esse
975 3297 1037 3340 inter
1056 3296 1113 3340 haec
1132 3296 1256 3349 vocabula,
1277 3296 1357 3339 docuit

378 3385 457 3427 Maius
478 3386 501 3427 iu
523 3384 685 3428 Ementantis
708 3397 731 3439 p.
747 3379 806 3428 111.

375 3521 502 3583 Fronto
527 3541 561 3602 p.
587 3521 662 3584 939.
707 3521 902 3613 Confusam
929 3544 1006 3586 eam
1034 3546 1100 3606 ego
1128 3520 1357 3604 eloquentiam

310 3625 542 3684 catachannae
572 3624 661 3699 ritu,
688 3627 821 3707 partim
847 3627 992 3709 igneis
1018 3626 1201 3687 nucibus
1231 3625 1357 3685 Cato-

310 3726 393 3798 nis,
420 3725 551 3808 partim
575 3729 721 3790 Senecae
744 3729 904 3790 mollibus
925 3740 957 3790 et
968 3725 1204 3817 febriculosis
1222 3745 1357 3806 prunu-

310 3827 372 3888 leis
391 3827 542 3902 insitam,
559 3831 820 3893 subvertendam
841 3851 961 3891 censeo
979 3827 1168 3902 radicitus,
1190 3827 1259 3889 imo
1275 3849 1357 3889 vero

310 3930 470 3992 Plautino
494 3930 587 3993 irato
613 3933 713 3995 verbo
736 3929 1032 3994 exradicitus.

344 4072 439 4134 igneis]
459 4075 600 4136 saligneis
618 4076 643 4118 h.
660 4090 683 4119 e.
703 4073 790 4120 duris?
808 4076 966 4118 Buttmannuc
985 4088 1008 4130 p.
1025 4071 1082 4120 123.
1104 4077 1161 4120 edit.
1175 4075 1284 4130 Recolis,

374 4193 520 4256 Velleius
543 4194 573 4268 t,
598 4195 650 4254 17.
683 4193 808 4258 Oratio
830 4215 870 4256 ao
892 4194 943 4255 uis
953 4193 1122 4285 forensis
1137 4191 1354 4282 perfectum·

309 4317 374 4379 que
393 4317 520 4376 prosae
537 4295 751 4377 eloquentiae
776 4298 891 4372 decus,
915 4311 953 4360 ut
974 4299 1064 4361 idem
1082 4307 1265 4378 separetur
1287 4297 1357 4358 Ca·
1462 4309 1465 4314 ·
