2970 4836
1169 357 1210 420 39

160 517 330 583 Cicerone
361 517 399 577 de
423 514 525 578 offic.
548 514 577 587 2,
607 515 660 587 ib,
680 513 734 575 89.
758 517 818 578 Ea
839 535 907 596 quo
927 534 1053 595 genere
1071 535 1210 596 compa-

159 619 311 682 rationis
337 617 425 679 illud
442 628 491 680 est
516 615 659 680 Catonis
683 614 794 688 senis,
827 637 850 678 a
874 638 941 699 quo
964 637 1041 678 aum
1067 637 1211 700 quaere·

159 733 278 790 retur,
306 719 389 802 quid
416 718 569 780 maxime
593 717 628 780 in
657 741 694 779 re
711 717 900 804 familiari
925 719 1126 801 expediret,
1156 742 1211 783 re·

159 823 321 905 spondit:
354 821 436 882 bene
466 841 626 901 pascerer
657 820 741 902 quid
767 821 974 882 secundum:
1009 821 1096 884 satis
1129 822 1211 885 bene

155 946 323 1007 pascere;
341 923 425 1006 quid
448 923 609 984 tertium:
634 925 720 984 male
738 944 900 1004 pascere,·
923 923 1007 1006 quid
1028 936 1210 1008 quartum:

160 1048 287 1096 arare,·
308 1037 342 1086 et
363 1047 441 1086 cum
463 1025 533 1098 ille,
559 1023 618 1107 qui
638 1025 845 1106 quaesierat,
870 1026 1029 1101 dixisset,
1053 1023 1210 1118 quidse-

160 1128 311 1192 nerari?
337 1140 412 1188 tum
436 1129 542 1190 Cato:
566 1127 650 1210 quid
672 1127 844 1190 bominem
870 1127 1050 1191 occidere?

227 1230 446 1292 Deliberatum
477 1240 525 1291 est
553 1249 648 1310 saepe
675 1227 706 1290 in
734 1240 842 1292 senatu
868 1231 907 1292 de
933 1228 1064 1308 fenore,
1100 1235 1155 1294 sed
1179 1255 1209 1296 a.

161 1333 226 1396 562
251 1333 342 1410 (192)
372 1330 505 1393 maxima
533 1351 609 1393 eura
634 1342 772 1410 patrum.

229 1433 345 1496 Livius
363 1435 387 1496 l.
410 1434 463 1506 35,
485 1435 515 1496 l.
553 1433 711 1499 Instabat
739 1454 825 1495 cura
849 1434 942 1506 alia,
975 1434 1068 1518 quod
1092 1435 1212 1498 civitae

150 1534 291 1627 fenore
317 1535 509 1610 laborabat,
534 1547 567 1597 et
590 1535 683 1618 quod
703 1557 781 1597 cum
802 1535 919 1598 multis
929 1537 1143 1626 funebribus
1164 1541 1210 1600 le·

162 1640 266 1722 gibus
297 1639 485 1727 constricta
517 1637 668 1699 avaritia
705 1651 814 1713 esset,
855 1640 910 1701 aia
938 1637 1088 1724 fraudis
1124 1640 1213 1702 inita

163 1754 257 1813 erat,
294 1753 332 1804 ut
357 1741 392 1804 in
415 1739 549 1813 socios,
580 1740 639 1823 qui
666 1761 735 1802 non
762 1753 962 1804 tenerentur
988 1742 1030 1804 iis
1057 1741 1209 1824 legibus,

164 1843 307 1906 nomina
329 1843 635 1905 transscriberent:
661 1840 713 1904 ita
738 1843 847 1906 libero
860 1841 998 1932 fenore
1024 1844 1211 1908 obruebant

164 1945 349 2008 debitores.
390 1945 498 2009 Cuius
528 1945 706 2009 coercendi
735 1967 813 2006 cum
842 1946 935 2008 ratio
963 1959 1209 2029 quaereretur,

164 2047 256 2110 diem
277 2047 387 2125 finiri
411 2047 545 2129 placuit
571 2047 708 2110 Feralia
733 2068 820 2129 quae
844 2047 1007 2130 proxime
1022 2047 1209 2136 fuissent,

165 2163 203 2212 ut
223 2150 282 2233 qui
299 2162 383 2232 post
404 2170 481 2212 eam
502 2150 592 2212 diem
615 2149 701 2210 socii
722 2149 852 2212 ciuibus
871 2151 1024 2213 romanis
1045 2150 1211 2214 credidis·

165 2265 241 2316 sent
265 2253 455 2334 pecunias,
480 2251 759 2334 profiterentur,
786 2264 817 2313 et
841 2275 888 2314 ex
909 2273 951 2314 ea
972 2252 1027 2314 die
1047 2253 1213 2335 pecuniae

165 2355 328 2428 creditae,
360 2355 483 2437 quibus
509 2353 642 2416 debitor
667 2355 762 2416 uellet
788 2353 941 2437 legibus,
966 2353 1022 2416 ius
1047 2356 1213 2419 creditori

167 2457 383 2520 redderetur.

229 2557 417 2622 Verisimile
443 2567 501 2630 est,
525 2556 628 2640 legem
655 2555 776 2618 laniem
792 2555 866 2618 ideo
892 2558 932 2618 ab
953 2554 1022 2617 aliis
1041 2547 1212 2637 scriptori-

166 2665 225 2723 bus
247 2683 313 2723 non
337 2657 532 2735 memorari,
560 2662 646 2743 quod
673 2658 796 2740 perlata
821 2678 884 2720 non
910 2656 967 2733 sit,
994 2659 1049 2720 sed
1077 2654 1212 2721 Catonis

166 2762 393 2825 dissuasionem
419 2765 497 2825 adeo
518 2760 687 2843 placuisse,
715 2772 750 2822 ut
773 2759 924 2823 sententia
946 2758 1012 2822 eius
1035 2759 1189 2823 vinceret.

230 2864 411 2928 Maiensius
434 2875 537 2926 autem
560 2886 594 2946 p.
618 2864 670 2925 28.
696 2863 882 2938 arbitratur,
906 2862 1062 2927 Catonem
1086 2861 1117 2926 in
1141 2885 1215 2926 cea·

166 2990 238 3031 sura
262 2989 292 3030 a.
318 2969 380 3030 570
406 2969 488 3029 hanc
511 2966 691 3030 orationem
712 2963 872 3028 habuisse.

229 3069 355 3132 Nonius
377 3092 412 3150 p.
432 3071 483 3132 bl.
517 3070 647 3133 Pedato
671 3066 811 3150 positum
837 3088 899 3149 pro
926 3066 1064 3148 repetitu
1084 3068 1133 3129 vel
1161 3089 1214 3130 ac·

166 3195 258 3236 cessu
281 3169 372 3256 quasi
392 3193 450 3252 per
469 3173 593 3251 pedem,
621 3169 715 3232 sicuti
736 3190 819 3231 nunc
841 3167 941 3251 vulgo
967 3168 1094 3244 dieitur,
1119 3169 1237 3232 tertio·

166 3277 297 3357 pedato.
350 3277 437 3338 Cato
462 3272 498 3335 in
528 3273 746 3335 dissuasione
776 3273 817 3334 de
835 3270 1085 3361 feneratione:
1111 3271 1216 3334 tertio

165 3389 283 3439 autem
305 3376 433 3458 pedato
456 3376 539 3437 item
561 3398 608 3437 ear
621 3373 759 3464 fenore
786 3374 964 3437 discordia
984 3373 1214 3438 excrescebat.

201 3539 232 3584 de
246 3537 423 3599 feneratione]
452 3541 612 3594 Supplendum
631 3537 662 3582 de
675 3535 838 3596 feneratione
859 3539 928 3598 legit
948 3535 1047 3592 Iuniae,
1070 3542 1095 3580 ut
1114 3549 1143 3581 ex
1162 3540 1215 3581 loeo

238 3629 314 3674 Festi.
335 3641 405 3685 quem
423 3641 479 3671 mox
502 3629 639 3678 afferemus,
663 3631 771 3681 apparet.

232 3775 346 3842 Festus
376 3796 411 3854 p.
437 3773 511 3835 234.
546 3777 719 3844 Prorsus,
751 3791 855 3852 porro
890 3791 1012 3832 versus.
1062 3773 1148 3834 Cato
1175 3771 1216 3830 de

157 3873 388 3964 feneratione
415 3875 502 3958 legis
528 3873 675 3938 Iuniae:
702 3873 863 3937 Camerni
894 3873 983 3934 cives
1014 3873 1126 3935 nostri
1156 3893 1216 3952 op-

167 3977 287 4059 pidum
306 3979 490 4059 pulchrum
510 3978 671 4049 habuere,
693 3996 818 4055 agrum
836 3975 1002 4056 optimum
1024 3986 1125 4056 atque
1138 3976 1217 4056 pnl-

168 4080 388 4154 cherrimum,
416 4100 490 4141 rem
500 4077 847 4169 fortunatissimam.
883 4080 970 4140 Cum
997 4077 1144 4137 Romam
1164 4098 1217 4136 ue·

168 4183 318 4256 aiebant,
337 4202 488 4262 prorsus
498 4181 761 4246 devertebantur
776 4199 843 4260 pro
859 4175 1050 4258 hospitibus
1065 4177 1112 4237 ad
1132 4177 1219 4239 ami·

168 4306 225 4349 cos
247 4303 346 4347 suos.
