2992 4840
249 363 309 424 220

312 577 338 631 i.
371 575 470 631 Oratio
488 577 625 632 adversus
646 574 676 629 P.
694 574 856 644 Scipionem
877 573 1010 628 Nasicam
1029 571 1227 642 Serapionem.

314 745 362 804 Ea
386 742 468 804 dicta
496 752 543 804 cst
569 762 650 804 anno
674 741 734 802 bii
759 740 860 819 (132).
906 739 1040 802 Fulvius
1068 739 1229 801 accusavit
1254 742 1294 804 P.

251 843 432 927 Scipionem
455 842 622 917 Nasicam,
648 842 703 926 qui
718 864 799 905 anuo
820 843 879 903 ott
903 843 991 919 (133)
1009 841 1164 904 seditione
1181 852 1295 904 coorta

251 949 305 1010 Ti.
320 949 501 1010 Gracchum
519 944 739 1019 interfecerat,
763 944 853 1028 isque
875 967 891 1005 a
914 944 1038 1025 populo
1058 942 1191 1007 incitato
1208 948 1295 1006 dam-

250 1061 340 1112 natus
361 1049 489 1124 fuisset,
514 1046 575 1108 nisi
600 1046 632 1108 in
659 1045 788 1108 exilium
812 1045 1024 1109 voluntarium
1052 1044 1250 1109 decessisset.

313 1189 433 1252 Cicero
459 1191 497 1250 cie
522 1189 663 1252 Oratore
687 1188 722 1260 2,
748 1189 799 1247 70.
845 1187 959 1249 Placet
978 1184 1082 1247 etiam
1107 1185 1190 1247 mihi
1209 1184 1295 1248 illud

248 1291 417 1372 Scipionis
442 1290 555 1363 illius,
580 1289 639 1372 qui
663 1289 719 1352 Τι’.
739 1289 933 1351 Gracchum
954 1287 1113 1370 perculit.
1153 1290 1237 1353 aum
1262 1289 1294 1350 ei

247 1396 304 1457 M.
324 1397 464 1456 Flaccus
491 1393 607 1453 multis
630 1391 768 1473 probris
794 1389 935 1466 obiectis
958 1393 998 1452 P.
1020 1389 1179 1452 Mucium
1203 1390 1293 1453 iudi-

247 1518 320 1558 cem
344 1496 496 1584 tulisset,
521 1495 645 1568 Eiero,
675 1492 803 1576 inquit,
827 1492 965 1577 iniquus
988 1503 1051 1553 est.
1096 1494 1182 1555 Cum
1205 1504 1294 1554 esset

248 1597 573 1670 admurmuratum,
607 1598 683 1669 Ah,
719 1596 852 1677 inquit,
887 1597 924 1658 P.
949 1599 987 1658 C.
1017 1616 1086 1657 non
1111 1617 1177 1678 ego
1210 1595 1294 1657 mihi

248 1699 344 1761 illum
368 1699 523 1780 iniquum
548 1697 660 1771 ciera,
685 1719 802 1758 verum
824 1697 993 1760 omnibus.

310 1837 426 1900 Valer.
454 1838 549 1898 Max.
575 1837 612 1909 5,
637 1836 673 1911 3,
697 1836 728 1898 2.
773 1836 858 1919 Quis
875 1835 1038 1918 ignorat,
1069 1849 1202 1899 tantum
1217 1840 1291 1901 lau·

249 1940 303 2002 dis
327 1939 520 2020 Scipionem
543 1939 709 2003 Nasicam
731 1951 815 2021 toga
835 1951 1000 2023 quantum
1027 1940 1135 2001 armis
1157 1952 1292 2002 utrum·

249 2063 313 2125 que
335 2041 547 2128 Africanum
573 2041 764 2102 meruisse}l
806 2042 875 2124 Qui
896 2038 1073 2129 pestifera
1102 2043 1158 2103 Ti.
1184 2045 1292 2105 Grac-

248 2144 303 2205 chi
328 2165 434 2206 manu
449 2143 624 2233 ferocibus
651 2165 851 2224 oppressam
878 2143 1045 2225 rempubl.
1075 2145 1292 2226 strangulari

244 2267 372 2328 passus
393 2259 544 2309 nonest.
579 2247 647 2309 Sed
670 2246 700 2306 is
722 2267 855 2329 qnoque
876 2258 1021 2326 propter
1039 2245 1291 2331 iniquissimam

247 2348 413 2410 virtutum
430 2369 573 2410 suarum
589 2348 684 2429 apud
699 2348 786 2410 cives
808 2348 1084 2411 aestimationem
1104 2351 1167 2411 sub
1190 2350 1290 2412 titulo

246 2451 430 2533 legationis
456 2454 666 2534 Pergamum
692 2451 848 2526 secessit,
880 2461 914 2511 et
939 2451 1031 2532 quod
1055 2450 1143 2512 uitae
1169 2473 1290 2533 super-

235 2551 343 2642 fuit,
366 2553 414 2615 ibi
435 2553 509 2615 sine
532 2557 602 2616 ullo
621 2553 782 2635 ingratae
799 2553 936 2635 patriae
952 2553 1122 2616 desiderio
1139 2554 1287 2636 peregit.

311 2691 425 2754 Aurei.
453 2691 543 2753 Vict.
566 2695 604 2754 de
626 2691 702 2756 Vir.
727 2691 826 2754 illust.
854 2714 883 2754 c.
906 2693 959 2752 bit.
990 2692 1123 2756 Nasica
1145 2704 1183 2755 ut
1206 2692 1290 2755 inui-

247 2793 325 2855 diae
350 2795 628 2868 subtraheretur,
649 2817 715 2875 per
738 2793 884 2875 speciem
906 2794 1091 2876 legationis
1113 2795 1148 2856 in
1166 2793 1289 2858 Asiam

246 2896 425 2978 ablegatus
448 2899 529 2958 est.'
556 2895 645 2959 Plut.
669 2895 747 2957 Tib.
773 2896 924 2959 Graccho
952 2919 982 2959 c.
1003 2896 1056 2956 21.

263 3185 291 3240 b.
326 3183 425 3241 Oratio
445 3185 583 3241 adversus
604 3184 634 3240 P.
656 3184 742 3242 Corn.
765 3185 928 3256 Scipionem
943 3183 1110 3241 Africanum
1128 3185 1278 3243 minorem.

309 3336 357 3395 Ea
382 3333 464 3396 dicta
487 3345 534 3394 est
559 3355 641 3397 anno
666 3334 726 3395 625
751 3334 854 3412 (129).
899 3336 952 3396 Μ.
981 3332 1113 3396 Fulvius
1135 3336 1287 3409 Flaccus,

244 3435 391 3498 triumvir
418 3436 504 3519 agris
527 3434 708 3497 dividendis
731 3458 801 3497 cnm
826 3434 867 3498 C.
892 3437 1041 3499 Graccho
1066 3448 1096 3499 et
1123 3435 1165 3500 C.
1190 3436 1288 3518 Papi-

244 3539 293 3601 rio
321 3535 473 3601 Carbone
500 3549 624 3600 creatus
635 3581 643 3611 ,
667 3537 792 3618 plebem
810 3536 967 3600 seditiosis
985 3538 1194 3602 concionibus
1211 3560 1287 3601 con·

243 3638 371 3714 citavit,
404 3639 675 3723 Africanumque,
699 3651 869 3721 patronum
894 3640 1054 3702 sociorum
1080 3640 1287 3714 Italicorum,

242 3741 297 3825 qui
326 3741 502 3804 triumviris
535 3740 567 3803 in
597 3761 676 3823 agro
706 3741 867 3804 sociorum
895 3741 1071 3804 dividundo
1102 3747 1288 3806 adversatus

242 3855 304 3919 est,
339 3865 400 3924 pro
435 3843 550 3906 rostris
578 3842 774 3922 vituperavit
804 3853 963 3928 tamquam
996 3842 1157 3906 inimicum
1185 3842 1287 3927 plebis

242 3964 404 4006 romanae.

305 4082 383 4146 Liv.
409 4083 496 4166 Epit.
520 4083 579 4146 lib.
600 4083 652 4146 59.
698 4086 889 4151 Seditiones
914 4109 937 4149 a
958 4087 1151 4151 triumviris
1170 4083 1288 4149 Fuluio

245 4186 360 4248 blacco
390 4197 423 4248 et
455 4190 492 4251 C.
521 4188 676 4249 Graccho
709 4199 742 4250 et
770 4193 808 4254 C·
838 4189 980 4273 Papirio
1008 4190 1164 4254 Carbone
1196 4207 1286 4271 agro

241 4285 420 4349 dividendo
450 4288 574 4351 creatis
606 4289 790 4353 excitatae.
836 4291 967 4373 Quibus
993 4312 1071 4354 cum
1097 4293 1137 4354 P.
1168 4288 1284 4371 Scipio
