<?xml version="1.0" encoding="UTF-8"?>
<!DOCTYPE html PUBLIC "-//W3C//DTD XHTML 1.0 Transitional//EN"
    "http://www.w3.org/TR/xhtml1/DTD/xhtml1-transitional.dtd">
<html xmlns="http://www.w3.org/1999/xhtml" xml:lang="en" lang="en">
 <head>
  <title>
</title>
<meta http-equiv="Content-Type" content="text/html;charset=utf-8" />
  <meta name='ocr-system' content='tesseract 3.04.00' />
  <meta name='ocr-capabilities' content='ocr_page ocr_carea ocr_par ocr_line ocrx_word'/>
</head>
<body>
  <div class='ocr_page' id='page_1' title='image "./oratorumromanor02meyegoog_0477.png"; bbox 0 0 2966 4842; ppageno 0'>
   <div class='ocr_carea' id='block_1_1' title="bbox 1196 363 1254 424">
    <p class='ocr_par' dir='ltr' id='par_1_1' title="bbox 1196 363 1254 424">
     <span class='ocr_line' id='line_1_1' title="bbox 1196 363 1254 424; baseline 0.034 -2"><span class='ocrx_word' id='word_1_1' title='bbox 1196 363 1254 424; x_wconf 82' lang='grc'>157</span> 
     </span>
    </p>
   </div>
   <div class='ocr_carea' id='block_1_2' title="bbox 235 517 1254 745">
    <p class='ocr_par' dir='ltr' id='par_1_2' title="bbox 235 517 1254 745">
     <span class='ocr_line' id='line_1_2' title="bbox 235 517 1253 579; baseline 0.001 -14"><span class='ocrx_word' id='word_1_2' title='bbox 235 518 323 577; x_wconf 75' lang='lat' dir='ltr'>secere</span> <span class='ocrx_word' id='word_1_3' title='bbox 335 517 520 577; x_wconf 81' lang='lat' dir='ltr'>contumelium]</span> <span class='ocrx_word' id='word_1_4' title='bbox 558 521 656 576; x_wconf 84' lang='lat' dir='ltr'>Quintit.</span> <span class='ocrx_word' id='word_1_5' title='bbox 673 519 696 573; x_wconf 79' lang='lat'>⁹,</span> <span class='ocrx_word' id='word_1_6' title='bbox 712 517 736 579; x_wconf 83' lang='lat'>³,</span> <span class='ocrx_word' id='word_1_7' title='bbox 757 517 795 563; x_wconf 81' lang='lat'>13.</span> <span class='ocrx_word' id='word_1_8' title='bbox 818 518 889 564; x_wconf 82' lang='lat' dir='ltr'>Nunc</span> <span class='ocrx_word' id='word_1_9' title='bbox 903 519 997 565; x_wconf 75' lang='lat' dir='ltr'>euoluit</span> <span class='ocrx_word' id='word_1_10' title='bbox 1009 527 1136 566; x_wconf 83' lang='lat' dir='ltr'>contum</span> <span class='ocrx_word' id='word_1_11' title='bbox 1148 537 1160 564; x_wconf 80' lang='grc' dir='ltr'><em>τ</em></span> <span class='ocrx_word' id='word_1_12' title='bbox 1172 524 1253 567; x_wconf 79' lang='lat' dir='ltr'>licem</span> 
     </span>
     <span class='ocr_line' id='line_1_3' title="bbox 267 604 1254 669; baseline 0.002 -17"><span class='ocrx_word' id='word_1_13' title='bbox 267 605 372 669; x_wconf 83' lang='lat' dir='ltr'>fecit,</span> <span class='ocrx_word' id='word_1_14' title='bbox 385 607 451 668; x_wconf 82' lang='lat' dir='ltr'>quiid</span> <span class='ocrx_word' id='word_1_15' title='bbox 461 623 476 650; x_wconf 84' lang='grc' dir='ltr'><em>α</em></span> <span class='ocrx_word' id='word_1_16' title='bbox 490 604 610 651; x_wconf 74' lang='lat' dir='ltr'>Cicerone</span> <span class='ocrx_word' id='word_1_17' title='bbox 630 605 782 665; x_wconf 80' lang='lat' dir='ltr'>reprehendi</span> <span class='ocrx_word' id='word_1_18' title='bbox 800 613 883 651; x_wconf 79' lang='lat' dir='ltr'>notum</span> <span class='ocrx_word' id='word_1_19' title='bbox 903 613 956 651; x_wconf 82' lang='lat' dir='ltr'>eet:</span> <span class='ocrx_word' id='word_1_20' title='bbox 976 604 1081 667; x_wconf 75' lang='lat' dir='ltr'>assiri</span> <span class='ocrx_word' id='word_1_21' title='bbox 1098 610 1164 653; x_wconf 80' lang='lat' dir='ltr'>euim</span> <span class='ocrx_word' id='word_1_22' title='bbox 1177 624 1254 654; x_wconf 85' lang='lat' dir='ltr'>eou-</span> 
     </span>
     <span class='ocr_line' id='line_1_4' title="bbox 274 695 553 745; baseline 0 -4"><span class='ocrx_word' id='word_1_23' title='bbox 274 697 411 745; x_wconf 80' lang='lat' dir='ltr'>tumelia</span> <span class='ocrx_word' id='word_1_24' title='bbox 430 695 553 742; x_wconf 75' lang='lat' dir='ltr'><em>dicebant.</em></span> 
     </span>
    </p>
   </div>
   <div class='ocr_carea' id='block_1_3' title="bbox 203 808 1257 1312">
    <p class='ocr_par' dir='ltr' id='par_1_3' title="bbox 203 808 1257 1312">
     <span class='ocr_line' id='line_1_5' title="bbox 268 808 1255 902; baseline 0.003 -23"><span class='ocrx_word' id='word_1_25' title='bbox 268 815 355 879; x_wconf 86' lang='lat' dir='ltr'>Plut.</span> <span class='ocrx_word' id='word_1_26' title='bbox 382 811 558 881; x_wconf 89' lang='lat' dir='ltr'>Ciceroc</span> <span class='ocrx_word' id='word_1_27' title='bbox 594 816 646 876; x_wconf 83' lang='grc'>11.</span> <span class='ocrx_word' id='word_1_28' title='bbox 682 808 918 890; x_wconf 77' lang='grc' dir='ltr'><em>’4ντώνιοςὸὲ</em></span> <span class='ocrx_word' id='word_1_29' title='bbox 948 815 1007 881; x_wconf 85' lang='grc' dir='ltr'><em>τοῦ</em></span> <span class='ocrx_word' id='word_1_30' title='bbox 1037 811 1146 902; x_wconf 79' lang='grc' dir='ltr'><em>γάμου</em></span> <span class='ocrx_word' id='word_1_31' title='bbox 1174 841 1255 901; x_wconf 80' lang='grc' dir='ltr'><em>μνη-</em></span> 
     </span>
     <span class='ocr_line' id='line_1_6' title="bbox 206 913 1255 1038; baseline -0.002 -54"><span class='ocrx_word' id='word_1_32' title='bbox 206 917 342 993; x_wconf 68' lang='lat' dir='ltr'>ariete</span> <span class='ocrx_word' id='word_1_33' title='bbox 327 940 359 982; x_wconf 82' lang='lat' dir='ltr'>ev</span> <span class='ocrx_word' id='word_1_34' title='bbox 381 922 472 993; x_wconf 83' lang='grc' dir='ltr'><em>ταῖς</em></span> <span class='ocrx_word' id='word_1_35' title='bbox 491 913 592 1003; x_wconf 84' lang='grc' dir='ltr'><em>πρὸς</em></span> <span class='ocrx_word' id='word_1_36' title='bbox 614 914 712 992; x_wconf 81' lang='grc' dir='ltr'><em>τοὺς</em></span> <span class='ocrx_word' id='word_1_37' title='bbox 745 914 1171 1038; x_wconf 62' lang='grc' dir='ltr'><em>(λλιλιιιτιικούςσλντιη</em></span> <span class='ocrx_word' id='word_1_38' title='bbox 1180 945 1255 1004; x_wconf 84' lang='grc' dir='ltr'><em>ρα-</em></span> 
     </span>
     <span class='ocr_line' id='line_1_7' title="bbox 206 1009 1257 1113; baseline 0.003 -30"><span class='ocrx_word' id='word_1_39' title='bbox 206 1024 307 1110; x_wconf 82' lang='grc' dir='ltr'><em>ῳαῑς</em></span> <span class='ocrx_word' id='word_1_40' title='bbox 335 1020 483 1103; x_wconf 75' lang='grc' dir='ltr'><strong><em>ἐκβαλεῖν</em></strong></span> <span class='ocrx_word' id='word_1_41' title='bbox 513 1013 615 1084; x_wconf 85' lang='grc' dir='ltr'><em>αὐτόν</em></span> <span class='ocrx_word' id='word_1_42' title='bbox 641 1042 726 1110; x_wconf 77' lang='grc' dir='ltr'><em>φησι</em></span> <span class='ocrx_word' id='word_1_43' title='bbox 759 1027 913 1103; x_wconf 67' lang='lat' dir='ltr'>porcino,</span> <span class='ocrx_word' id='word_1_44' title='bbox 940 1015 1021 1107; x_wconf 68' lang='grc' dir='ltr'><em>παρ’</em></span> <span class='ocrx_word' id='word_1_45' title='bbox 1051 1009 1133 1113; x_wconf 77' lang='grc' dir='ltr'>ᾗη</span> <span class='ocrx_word' id='word_1_46' title='bbox 1122 1016 1257 1111; x_wconf 63' lang='lat' dir='ltr'>mipace,</span> 
     </span>
     <span class='ocr_line' id='line_1_8' title="bbox 203 1111 1255 1244; baseline 0.002 -58"><span class='ocrx_word' id='word_1_47' title='bbox 203 1124 382 1244; x_wconf 76' lang='grc' dir='ltr'><em>χαριέντως</em></span> <span class='ocrx_word' id='word_1_48' title='bbox 406 1111 476 1207; x_wconf 72' lang='grc' dir='ltr'>α’μα</span> <span class='ocrx_word' id='word_1_49' title='bbox 504 1117 563 1200; x_wconf 76' lang='grc' dir='ltr'><em>τὴν</em></span> <span class='ocrx_word' id='word_1_50' title='bbox 589 1117 758 1207; x_wconf 63' lang='grc' dir='ltr'><em>οἰκουρίαν</em></span> <span class='ocrx_word' id='word_1_51' title='bbox 786 1117 829 1198; x_wconf 81' lang='grc' dir='ltr'>ὡς</span> <span class='ocrx_word' id='word_1_52' title='bbox 854 1116 1027 1211; x_wconf 74' lang='grc' dir='ltr'><em>ἀπράκτου</em></span> <span class='ocrx_word' id='word_1_53' title='bbox 1049 1128 1103 1189; x_wconf 79' lang='grc' dir='ltr'>καὶ</span> <span class='ocrx_word' id='word_1_54' title='bbox 1130 1118 1255 1212; x_wconf 77' lang='grc' dir='ltr'><em>ἄστρα-</em></span> 
     </span>
     <span class='ocr_line' id='line_1_9' title="bbox 208 1219 902 1312; baseline 0.001 -25"><span class='ocrx_word' id='word_1_55' title='bbox 208 1227 323 1289; x_wconf 81' lang='grc' dir='ltr'><em>τέντον</em></span> <span class='ocrx_word' id='word_1_56' title='bbox 344 1219 595 1310; x_wconf 80' lang='grc' dir='ltr'><em>παρασκώπτων</em></span> <span class='ocrx_word' id='word_1_57' title='bbox 619 1224 678 1288; x_wconf 81' lang='grc' dir='ltr'><em>τοῦ</em></span> <span class='ocrx_word' id='word_1_58' title='bbox 706 1225 902 1312; x_wconf 77' lang='grc' dir='ltr'><em>Κικέρωνος.</em></span> 
     </span>
    </p>
   </div>
   <div class='ocr_carea' id='block_1_4' title="bbox 243 1362 1257 1689">
    <p class='ocr_par' dir='ltr' id='par_1_4' title="bbox 243 1362 1257 1689">
     <span class='ocr_line' id='line_1_10' title="bbox 243 1362 1257 1438; baseline 0.002 -24"><span class='ocrx_word' id='word_1_59' title='bbox 243 1362 450 1438; x_wconf 81' lang='grc' dir='ltr'><em>ἀντιγραφαῖς]</em></span> <span class='ocrx_word' id='word_1_60' title='bbox 488 1370 571 1426; x_wconf 77' lang='lat' dir='ltr'>quaeri</span> <span class='ocrx_word' id='word_1_61' title='bbox 592 1373 686 1424; x_wconf 84' lang='lat' dir='ltr'>potest,</span> <span class='ocrx_word' id='word_1_62' title='bbox 714 1375 793 1413; x_wconf 88' lang='lat' dir='ltr'>utrum</span> <span class='ocrx_word' id='word_1_63' title='bbox 818 1369 961 1413; x_wconf 75' lang='lat' dir='ltr'><strong>Plutarchus</strong></span> <span class='ocrx_word' id='word_1_64' title='bbox 985 1373 1042 1414; x_wconf 79' lang='lat' dir='ltr'>durs</span> <span class='ocrx_word' id='word_1_65' title='bbox 1060 1368 1115 1415; x_wconf 81' lang='lat' dir='ltr'>iiius</span> <span class='ocrx_word' id='word_1_66' title='bbox 1135 1374 1257 1416; x_wconf 75' lang='lat' dir='ltr'>orationes</span> 
     </span>
     <span class='ocr_line' id='line_1_11' title="bbox 279 1457 1257 1514; baseline 0.003 -15"><span class='ocrx_word' id='word_1_67' title='bbox 279 1458 409 1514; x_wconf 77' lang='lat' dir='ltr'>intelliget,</span> <span class='ocrx_word' id='word_1_68' title='bbox 437 1471 495 1514; x_wconf 78' lang='lat' dir='ltr'>quas</span> <span class='ocrx_word' id='word_1_69' title='bbox 522 1457 639 1501; x_wconf 77' lang='lat' dir='ltr'>Antonius</span> <span class='ocrx_word' id='word_1_70' title='bbox 665 1458 688 1500; x_wconf 90' lang='lat' dir='ltr'>iu</span> <span class='ocrx_word' id='word_1_71' title='bbox 716 1462 797 1500; x_wconf 73' lang='lat' dir='ltr'>senatu</span> <span class='ocrx_word' id='word_1_72' title='bbox 824 1462 907 1500; x_wconf 80' lang='lat' dir='ltr'>contra</span> <span class='ocrx_word' id='word_1_73' title='bbox 934 1457 1078 1501; x_wconf 77' lang='lat' dir='ltr'>Ciceronem</span> <span class='ocrx_word' id='word_1_74' title='bbox 1098 1459 1207 1512; x_wconf 77' lang='lat' dir='ltr'>dixerut,</span> <span class='ocrx_word' id='word_1_75' title='bbox 1228 1473 1257 1502; x_wconf 80' lang='lat' dir='ltr'>au</span> 
     </span>
     <span class='ocr_line' id='line_1_12' title="bbox 279 1543 1257 1605; baseline 0.001 -17"><span class='ocrx_word' id='word_1_76' title='bbox 279 1545 393 1588; x_wconf 79' lang='lat' dir='ltr'>Antonius</span> <span class='ocrx_word' id='word_1_77' title='bbox 420 1545 494 1588; x_wconf 78' lang='lat' dir='ltr'>etium</span> <span class='ocrx_word' id='word_1_78' title='bbox 520 1545 609 1588; x_wconf 86' lang='lat' dir='ltr'>tibrum</span> <span class='ocrx_word' id='word_1_79' title='bbox 636 1549 719 1588; x_wconf 80' lang='lat' dir='ltr'>contra</span> <span class='ocrx_word' id='word_1_80' title='bbox 746 1543 893 1598; x_wconf 75' lang='lat' dir='ltr'><strong>Philippicas</strong></span> <span class='ocrx_word' id='word_1_81' title='bbox 919 1543 1209 1605; x_wconf 78' lang='lat' dir='ltr'>Ciceronisscripserit,</span> <span class='ocrx_word' id='word_1_82' title='bbox 1229 1561 1257 1589; x_wconf 75' lang='lat' dir='ltr'>cu</span> 
     </span>
     <span class='ocr_line' id='line_1_13' title="bbox 279 1631 1066 1689; baseline -0.003 -13"><span class='ocrx_word' id='word_1_83' title='bbox 279 1632 378 1689; x_wconf 84' lang='lat' dir='ltr'>denique</span> <span class='ocrx_word' id='word_1_84' title='bbox 397 1632 480 1676; x_wconf 85' lang='lat' dir='ltr'>rhetor</span> <span class='ocrx_word' id='word_1_85' title='bbox 499 1633 593 1689; x_wconf 82' lang='lat' dir='ltr'>quidem</span> <span class='ocrx_word' id='word_1_86' title='bbox 613 1633 709 1676; x_wconf 76' lang='lat' dir='ltr'>Antonii</span> <span class='ocrx_word' id='word_1_87' title='bbox 729 1633 826 1676; x_wconf 80' lang='lat' dir='ltr'>neruiue</span> <span class='ocrx_word' id='word_1_88' title='bbox 846 1631 934 1674; x_wconf 85' lang='lat' dir='ltr'>tibrum</span> <span class='ocrx_word' id='word_1_89' title='bbox 955 1633 1066 1676; x_wconf 77' lang='lat' dir='ltr'>ediderit.</span> 
     </span>
    </p>
   </div>
   <div class='ocr_carea' id='block_1_5' title="bbox 208 1743 1261 2551">
    <p class='ocr_par' dir='ltr' id='par_1_5' title="bbox 208 1743 1261 2551">
     <span class='ocr_line' id='line_1_14' title="bbox 273 1743 1253 1843; baseline 0.001 -28"><span class='ocrx_word' id='word_1_90' title='bbox 273 1751 359 1818; x_wconf 83' lang='lat' dir='ltr'>Plut.</span> <span class='ocrx_word' id='word_1_91' title='bbox 372 1749 531 1814; x_wconf 87' lang='lat' dir='ltr'>Antonius</span> <span class='ocrx_word' id='word_1_92' title='bbox 548 1752 578 1814; x_wconf 74' lang='grc'>2.</span> <span class='ocrx_word' id='word_1_93' title='bbox 600 1745 667 1816; x_wconf 82' lang='grc' dir='ltr'><em>,ὑπὸ</em></span> <span class='ocrx_word' id='word_1_94' title='bbox 685 1744 806 1830; x_wconf 82' lang='grc' dir='ltr'><em>ταύτης</em></span> <span class='ocrx_word' id='word_1_95' title='bbox 821 1743 839 1814; x_wconf 88' lang='grc' dir='ltr'>ὁ</span> <span class='ocrx_word' id='word_1_96' title='bbox 853 1746 923 1827; x_wconf 79' lang='grc' dir='ltr'><em>υἱὸς</em></span> <span class='ocrx_word' id='word_1_97' title='bbox 933 1745 1115 1829; x_wconf 81' lang='grc' dir='ltr'><em>Ἀντώνιος</em></span> <span class='ocrx_word' id='word_1_98' title='bbox 1125 1747 1253 1843; x_wconf 78' lang='grc' dir='ltr'><em>ἐτράφη</em></span> 
     </span>
     <span class='ocr_line' id='line_1_15' title="bbox 208 1848 1258 1944; baseline 0 -26"><span class='ocrx_word' id='word_1_99' title='bbox 208 1849 291 1941; x_wconf 79' lang='grc' dir='ltr'><em>μετὰ</em></span> <span class='ocrx_word' id='word_1_100' title='bbox 312 1850 371 1934; x_wconf 80' lang='grc' dir='ltr'><em>τὴν</em></span> <span class='ocrx_word' id='word_1_101' title='bbox 393 1855 451 1920; x_wconf 81' lang='grc' dir='ltr'><em>τοῦ</em></span> <span class='ocrx_word' id='word_1_102' title='bbox 476 1849 603 1942; x_wconf 81' lang='grc' dir='ltr'><em>πατρὸς</em></span> <span class='ocrx_word' id='word_1_103' title='bbox 626 1848 778 1932; x_wconf 75' lang='grc' dir='ltr'><em>τελευτὴν</em></span> <span class='ocrx_word' id='word_1_104' title='bbox 801 1853 974 1942; x_wconf 80' lang='grc' dir='ltr'><em>Κορνηλίῳ</em></span> <span class='ocrx_word' id='word_1_105' title='bbox 996 1855 1131 1944; x_wconf 82' lang='grc' dir='ltr'><em>Λέντλῳ</em></span> <span class='ocrx_word' id='word_1_106' title='bbox 1152 1881 1258 1940; x_wconf 69' lang='grc' dir='ltr'><em>γαμη-</em></span> 
     </span>
     <span class='ocr_line' id='line_1_16' title="bbox 210 1950 1260 2045; baseline 0.004 -25"><span class='ocrx_word' id='word_1_107' title='bbox 210 1956 340 2037; x_wconf 66' lang='grc' dir='ltr'><em>θείσης,</em></span> <span class='ocrx_word' id='word_1_108' title='bbox 364 1950 402 2023; x_wconf 72' lang='lat' dir='ltr'>tv</span> <span class='ocrx_word' id='word_1_109' title='bbox 424 1958 574 2045; x_wconf 84' lang='grc' dir='ltr'><em>Κικέρων</em></span> <span class='ocrx_word' id='word_1_110' title='bbox 602 1951 766 2021; x_wconf 76' lang='grc' dir='ltr'><em>ἀπέκτεινε</em></span> <span class='ocrx_word' id='word_1_111' title='bbox 791 1955 853 2019; x_wconf 78' lang='grc' dir='ltr'><em>τῶν</em></span> <span class='ocrx_word' id='word_1_112' title='bbox 878 1955 1043 2020; x_wconf 82' lang='grc' dir='ltr'><em>Κατιλίνα</em></span> <span class='ocrx_word' id='word_1_113' title='bbox 1063 1958 1260 2042; x_wconf 81' lang='grc' dir='ltr'><em>συνωμοτῶν</em></span> 
     </span>
     <span class='ocr_line' id='line_1_17' title="bbox 210 2047 1260 2149; baseline 0.002 -27"><span class='ocrx_word' id='word_1_114' title='bbox 210 2053 391 2144; x_wconf 75' lang='grc' dir='ltr'><em>γινόμενον.</em></span> <span class='ocrx_word' id='word_1_115' title='bbox 416 2047 529 2137; x_wconf 80' lang='lat' dir='ltr'>‘&#39;Avcp</span> <span class='ocrx_word' id='word_1_116' title='bbox 556 2059 647 2121; x_wconf 79' lang='grc' dir='ltr'><em>δοκεῖ</em></span> <span class='ocrx_word' id='word_1_117' title='bbox 672 2058 730 2138; x_wconf 74' lang='grc' dir='ltr'><em>τῆς</em></span> <span class='ocrx_word' id='word_1_118' title='bbox 759 2058 912 2146; x_wconf 81' lang='grc' dir='ltr'><em>σῳοὸρᾶς</em></span> <span class='ocrx_word' id='word_1_119' title='bbox 938 2056 1067 2146; x_wconf 72' lang='grc' dir='ltr'><em>ἔχθρας</em></span> <span class='ocrx_word' id='word_1_120' title='bbox 1091 2053 1260 2149; x_wconf 77' lang='grc' dir='ltr'><em>Ἀντωνίῳ</em></span> 
     </span>
     <span class='ocr_line' id='line_1_18' title="bbox 210 2153 1260 2276; baseline 0 -50"><span class='ocrx_word' id='word_1_121' title='bbox 210 2156 294 2249; x_wconf 78' lang='grc' dir='ltr'><em>πρὸς</em></span> <span class='ocrx_word' id='word_1_122' title='bbox 324 2161 495 2245; x_wconf 83' lang='grc' dir='ltr'><em>Κικέρωνα</em></span> <span class='ocrx_word' id='word_1_123' title='bbox 530 2153 702 2248; x_wconf 75' lang='grc' dir='ltr'><em>πρόφασις</em></span> <span class='ocrx_word' id='word_1_124' title='bbox 734 2164 790 2223; x_wconf 84' lang='grc' dir='ltr'>καὶ</span> <span class='ocrx_word' id='word_1_125' title='bbox 823 2153 907 2276; x_wconf 79' lang='grc' dir='ltr'><em>ἀρχὴ</em></span> <span class='ocrx_word' id='word_1_126' title='bbox 939 2163 1110 2242; x_wconf 76' lang='grc' dir='ltr'><em>γενέσθαι.</em></span> <span class='ocrx_word' id='word_1_127' title='bbox 1172 2163 1260 2240; x_wconf 78' lang='grc' dir='ltr'><em>Φησὶ</em></span> 
     </span>
     <span class='ocr_line' id='line_1_19' title="bbox 212 2255 1261 2349; baseline 0.001 -23"><span class='ocrx_word' id='word_1_128' title='bbox 212 2285 291 2346; x_wconf 78' lang='grc' dir='ltr'><em>γονν</em></span> <span class='ocrx_word' id='word_1_129' title='bbox 307 2257 488 2337; x_wconf 83' lang='grc' dir='ltr'><em>Αντώνιος</em></span> <span class='ocrx_word' id='word_1_130' title='bbox 507 2255 583 2325; x_wconf 81' lang='grc' dir='ltr'><em>οὐδὲ</em></span> <span class='ocrx_word' id='word_1_131' title='bbox 607 2257 664 2326; x_wconf 88' lang='grc' dir='ltr'><em>τὸν</em></span> <span class='ocrx_word' id='word_1_132' title='bbox 687 2257 800 2349; x_wconf 86' lang='grc' dir='ltr'><em>νεκρὸν</em></span> <span class='ocrx_word' id='word_1_133' title='bbox 823 2257 937 2336; x_wconf 84' lang='grc' dir='ltr'><em>αὐτοῖς</em></span> <span class='ocrx_word' id='word_1_134' title='bbox 962 2256 1178 2340; x_wconf 75' lang='grc' dir='ltr'><em>ἀποδοθῆναι</em></span> <span class='ocrx_word' id='word_1_135' title='bbox 1201 2262 1261 2327; x_wconf 84' lang='grc' dir='ltr'><em>τοῦ</em></span> 
     </span>
     <span class='ocr_line' id='line_1_20' title="bbox 211 2357 1261 2452; baseline 0 -22"><span class='ocrx_word' id='word_1_136' title='bbox 211 2366 361 2431; x_wconf 85' lang='grc' dir='ltr'><em>Λέντλου</em></span> <span class='ocrx_word' id='word_1_137' title='bbox 384 2387 440 2452; x_wconf 82' lang='grc' dir='ltr'><em>ιιρι</em></span> <span class='ocrx_word' id='word_1_138' title='bbox 452 2387 545 2449; x_wconf 82' lang='grc' dir='ltr'><em>τερον</em></span> <span class='ocrx_word' id='word_1_139' title='bbox 576 2359 597 2443; x_wconf 81' lang='grc' dir='ltr'><em>ἢ</em></span> <span class='ocrx_word' id='word_1_140' title='bbox 628 2387 685 2443; x_wconf 86' lang='grc' dir='ltr'><em>της</em></span> <span class='ocrx_word' id='word_1_141' title='bbox 669 2357 868 2446; x_wconf 74' lang='grc' dir='ltr'><em>ςηυναικὸς</em></span> <span class='ocrx_word' id='word_1_142' title='bbox 896 2363 955 2428; x_wconf 83' lang='grc' dir='ltr'><em>τοῦ</em></span> <span class='ocrx_word' id='word_1_143' title='bbox 989 2364 1172 2451; x_wconf 80' lang='grc' dir='ltr'><em>Κικέρωνος</em></span> <span class='ocrx_word' id='word_1_144' title='bbox 1202 2360 1261 2443; x_wconf 80' lang='grc' dir='ltr'><em>τὴν</em></span> 
     </span>
     <span class='ocr_line' id='line_1_21' title="bbox 213 2465 537 2551; baseline -0.003 -21"><span class='ocrx_word' id='word_1_145' title='bbox 213 2492 258 2550; x_wconf 80' lang='grc' dir='ltr'>μη</span> <span class='ocrx_word' id='word_1_146' title='bbox 260 2469 338 2551; x_wconf 86' lang='grc' dir='ltr'><em>τέρα</em></span> <span class='ocrx_word' id='word_1_147' title='bbox 363 2465 537 2546; x_wconf 76' lang='grc' dir='ltr'><em>δεηθηναι.</em></span> 
     </span>
    </p>
   </div>
   <div class='ocr_carea' id='block_1_6' title="bbox 249 2603 1261 2682">
    <p class='ocr_par' dir='ltr' id='par_1_6' title="bbox 249 2603 1261 2682">
     <span class='ocr_line' id='line_1_22' title="bbox 249 2603 1261 2682; baseline 0 -22"><span class='ocrx_word' id='word_1_148' title='bbox 249 2603 404 2672; x_wconf 81' lang='grc' dir='ltr'><em>Ἀντωνιος</em></span> <span class='ocrx_word' id='word_1_149' title='bbox 417 2606 505 2674; x_wconf 77' lang='grc' dir='ltr'><em>φησὶ]</em></span> <span class='ocrx_word' id='word_1_150' title='bbox 543 2606 574 2660; x_wconf 86' lang='grc' dir='ltr'>ἐν</span> <span class='ocrx_word' id='word_1_151' title='bbox 588 2613 653 2673; x_wconf 85' lang='grc' dir='ltr'><em>ταῖς</em></span> <span class='ocrx_word' id='word_1_152' title='bbox 671 2606 746 2682; x_wconf 79' lang='grc' dir='ltr'><em>πρός</em></span> <span class='ocrx_word' id='word_1_153' title='bbox 764 2605 835 2672; x_wconf 84' lang='grc' dir='ltr'><em>τοὺς</em></span> <span class='ocrx_word' id='word_1_154' title='bbox 848 2606 1039 2672; x_wconf 75' lang='grc' dir='ltr'><em>Φιλιππικοὺς</em></span> <span class='ocrx_word' id='word_1_155' title='bbox 1052 2604 1261 2682; x_wconf 80' lang='grc' dir='ltr'><em>ἀντιγραφαῖς.</em></span> 
     </span>
    </p>
   </div>
   <div class='ocr_carea' id='block_1_7' title="bbox 214 2805 1262 3502">
    <p class='ocr_par' dir='ltr' id='par_1_7' title="bbox 214 2805 1262 3502">
     <span class='ocr_line' id='line_1_23' title="bbox 278 2805 1258 2890; baseline -0.001 -22"><span class='ocrx_word' id='word_1_156' title='bbox 278 2807 440 2868; x_wconf 85' lang='lat' dir='ltr'>Extabaut</span> <span class='ocrx_word' id='word_1_157' title='bbox 461 2815 628 2885; x_wconf 81' lang='lat' dir='ltr'>praeterea</span> <span class='ocrx_word' id='word_1_158' title='bbox 650 2805 794 2870; x_wconf 80' lang='lat' dir='ltr'><em>Antonii</em></span> <span class='ocrx_word' id='word_1_159' title='bbox 818 2807 995 2890; x_wconf 81' lang='lat' dir='ltr'>Epistotae</span> <span class='ocrx_word' id='word_1_160' title='bbox 1018 2807 1172 2867; x_wconf 76' lang='lat' dir='ltr'>adversus</span> <span class='ocrx_word' id='word_1_161' title='bbox 1190 2807 1258 2870; x_wconf 87' lang='lat' dir='ltr'>Oe·</span> 
     </span>
     <span class='ocr_line' id='line_1_24' title="bbox 214 2905 1255 2987; baseline 0 -16"><span class='ocrx_word' id='word_1_162' title='bbox 214 2907 374 2971; x_wconf 82' lang='lat' dir='ltr'>tavianum</span> <span class='ocrx_word' id='word_1_163' title='bbox 390 2928 417 2968; x_wconf 84' lang='lat' dir='ltr'>a.</span> <span class='ocrx_word' id='word_1_164' title='bbox 436 2910 452 2968; x_wconf 85' lang='lat'><strong>7</strong></span> <span class='ocrx_word' id='word_1_165' title='bbox 457 2907 496 2968; x_wconf 76' lang='lat'>22</span> <span class='ocrx_word' id='word_1_166' title='bbox 509 2908 578 2987; x_wconf 72' lang='lat'><strong>(32)</strong></span> <span class='ocrx_word' id='word_1_167' title='bbox 586 2908 691 2971; x_wconf 92' lang='lat' dir='ltr'>Dione</span> <span class='ocrx_word' id='word_1_168' title='bbox 703 2918 781 2970; x_wconf 82' lang='lat' dir='ltr'>teste</span> <span class='ocrx_word' id='word_1_169' title='bbox 794 2907 816 2969; x_wconf 88' lang='lat' dir='ltr'>l.</span> <span class='ocrx_word' id='word_1_170' title='bbox 830 2910 886 2981; x_wconf 75' lang='lat'>50,</span> <span class='ocrx_word' id='word_1_171' title='bbox 901 2908 932 2969; x_wconf 79' lang='lat'>2.</span> <span class='ocrx_word' id='word_1_172' title='bbox 945 2905 1095 2987; x_wconf 83' lang='lat' dir='ltr'>scriptae,</span> <span class='ocrx_word' id='word_1_173' title='bbox 1107 2910 1255 2984; x_wconf 81' lang='lat' dir='ltr'>(Sueten.</span> 
     </span>
     <span class='ocr_line' id='line_1_25' title="bbox 215 3008 1257 3095; baseline -0.003 -23"><span class='ocrx_word' id='word_1_174' title='bbox 215 3011 304 3094; x_wconf 82' lang='lat' dir='ltr'>Aug.</span> <span class='ocrx_word' id='word_1_175' title='bbox 329 3012 380 3073; x_wconf 86' lang='lat'>70.</span> <span class='ocrx_word' id='word_1_176' title='bbox 400 3008 503 3078; x_wconf 84' lang='lat' dir='ltr'>Tacit.</span> <span class='ocrx_word' id='word_1_177' title='bbox 527 3011 610 3095; x_wconf 85' lang='lat' dir='ltr'>Anu.</span> <span class='ocrx_word' id='word_1_178' title='bbox 636 3013 667 3084; x_wconf 84' lang='grc'>1,</span> <span class='ocrx_word' id='word_1_179' title='bbox 693 3012 745 3071; x_wconf 76' lang='lat' dir='ltr'>tt.</span> <span class='ocrx_word' id='word_1_180' title='bbox 764 3008 851 3073; x_wconf 87' lang='lat' dir='ltr'>Ovid</span> <span class='ocrx_word' id='word_1_181' title='bbox 861 3011 925 3088; x_wconf 87' lang='lat' dir='ltr'>Ep.</span> <span class='ocrx_word' id='word_1_182' title='bbox 944 3029 984 3070; x_wconf 85' lang='lat' dir='ltr'>ex</span> <span class='ocrx_word' id='word_1_183' title='bbox 1001 3009 1108 3072; x_wconf 90' lang='lat' dir='ltr'>Ponto</span> <span class='ocrx_word' id='word_1_184' title='bbox 1123 3011 1191 3084; x_wconf 84' lang='lat'><strong>1,1,</strong></span> <span class='ocrx_word' id='word_1_185' title='bbox 1205 3011 1257 3077; x_wconf 77' lang='lat'>27,</span> 
     </span>
     <span class='ocr_line' id='line_1_26' title="bbox 216 3107 1260 3193; baseline 0 -19"><span class='ocrx_word' id='word_1_186' title='bbox 216 3111 340 3175; x_wconf 88' lang='lat' dir='ltr'>Krause</span> <span class='ocrx_word' id='word_1_187' title='bbox 356 3115 393 3175; x_wconf 89' lang='lat' dir='ltr'>de</span> <span class='ocrx_word' id='word_1_188' title='bbox 409 3107 541 3175; x_wconf 85' lang='lat' dir='ltr'>Fontih.</span> <span class='ocrx_word' id='word_1_189' title='bbox 567 3114 654 3174; x_wconf 85' lang='lat' dir='ltr'>Suet.</span> <span class='ocrx_word' id='word_1_190' title='bbox 671 3134 706 3193; x_wconf 91' lang='lat' dir='ltr'>p.</span> <span class='ocrx_word' id='word_1_191' title='bbox 724 3112 793 3190; x_wconf 80' lang='lat'>36.)</span> <span class='ocrx_word' id='word_1_192' title='bbox 814 3109 928 3193; x_wconf 89' lang='lat' dir='ltr'>quibus</span> <span class='ocrx_word' id='word_1_193' title='bbox 944 3109 1110 3192; x_wconf 86' lang='lat' dir='ltr'>rescripsit</span> <span class='ocrx_word' id='word_1_194' title='bbox 1128 3109 1260 3174; x_wconf 82' lang='lat' dir='ltr'>Asinius</span> 
     </span>
     <span class='ocr_line' id='line_1_27' title="bbox 217 3211 1262 3289; baseline -0.002 -11"><span class='ocrx_word' id='word_1_195' title='bbox 217 3213 327 3278; x_wconf 88' lang='lat' dir='ltr'>Pollio</span> <span class='ocrx_word' id='word_1_196' title='bbox 352 3227 383 3278; x_wconf 90' lang='lat' dir='ltr'>et</span> <span class='ocrx_word' id='word_1_197' title='bbox 404 3214 545 3277; x_wconf 83' lang='lat' dir='ltr'>Messala</span> <span class='ocrx_word' id='word_1_198' title='bbox 567 3212 750 3289; x_wconf 85' lang='lat' dir='ltr'>Corvinus,</span> <span class='ocrx_word' id='word_1_199' title='bbox 775 3224 807 3275; x_wconf 86' lang='lat' dir='ltr'>ut</span> <span class='ocrx_word' id='word_1_200' title='bbox 832 3211 914 3275; x_wconf 85' lang='lat' dir='ltr'>inira</span> <span class='ocrx_word' id='word_1_201' title='bbox 940 3212 1098 3288; x_wconf 80' lang='lat' dir='ltr'>dicernus3</span> <span class='ocrx_word' id='word_1_202' title='bbox 1125 3226 1156 3276; x_wconf 88' lang='lat' dir='ltr'>et</span> <span class='ocrx_word' id='word_1_203' title='bbox 1179 3214 1262 3277; x_wconf 88' lang='lat' dir='ltr'>liber</span> 
     </span>
     <span class='ocr_line' id='line_1_28' title="bbox 216 3316 1262 3399; baseline 0.002 -21"><span class='ocrx_word' id='word_1_204' title='bbox 216 3317 258 3379; x_wconf 81' lang='lat' dir='ltr'>de</span> <span class='ocrx_word' id='word_1_205' title='bbox 280 3318 442 3380; x_wconf 87' lang='lat' dir='ltr'>ebrietate</span> <span class='ocrx_word' id='word_1_206' title='bbox 465 3339 549 3393; x_wconf 80' lang='lat' dir='ltr'>sua,</span> <span class='ocrx_word' id='word_1_207' title='bbox 573 3339 637 3380; x_wconf 91' lang='lat' dir='ltr'>nou</span> <span class='ocrx_word' id='word_1_208' title='bbox 660 3319 699 3378; x_wconf 83' lang='lat' dir='ltr'>ab</span> <span class='ocrx_word' id='word_1_209' title='bbox 726 3316 798 3399; x_wconf 91' lang='lat' dir='ltr'>ipso</span> <span class='ocrx_word' id='word_1_210' title='bbox 821 3316 987 3393; x_wconf 88' lang='lat' dir='ltr'>Antonio,</span> <span class='ocrx_word' id='word_1_211' title='bbox 1015 3318 1069 3378; x_wconf 89' lang='lat' dir='ltr'>sed</span> <span class='ocrx_word' id='word_1_212' title='bbox 1092 3337 1108 3378; x_wconf 85' lang='lat' dir='ltr'>a</span> <span class='ocrx_word' id='word_1_213' title='bbox 1131 3317 1262 3380; x_wconf 85' lang='lat' dir='ltr'>rhetore</span> 
     </span>
     <span class='ocr_line' id='line_1_29' title="bbox 218 3417 1261 3502; baseline -0.001 -20"><span class='ocrx_word' id='word_1_214' title='bbox 218 3424 367 3502; x_wconf 83' lang='lat' dir='ltr'>quodam,</span> <span class='ocrx_word' id='word_1_215' title='bbox 385 3432 419 3482; x_wconf 85' lang='lat' dir='ltr'>ut</span> <span class='ocrx_word' id='word_1_216' title='bbox 440 3419 641 3483; x_wconf 83' lang='lat' dir='ltr'>Drumanuus</span> <span class='ocrx_word' id='word_1_217' title='bbox 662 3417 780 3483; x_wconf 84' lang='lat' dir='ltr'>iudicat</span> <span class='ocrx_word' id='word_1_218' title='bbox 801 3431 825 3483; x_wconf 90' lang='lat' dir='ltr'>t.</span> <span class='ocrx_word' id='word_1_219' title='bbox 850 3422 882 3481; x_wconf 86' lang='lat'>1.</span> <span class='ocrx_word' id='word_1_220' title='bbox 905 3441 937 3501; x_wconf 87' lang='lat' dir='ltr'>p.</span> <span class='ocrx_word' id='word_1_221' title='bbox 961 3419 1033 3494; x_wconf 77' lang='lat'><strong>516,</strong></span> <span class='ocrx_word' id='word_1_222' title='bbox 1050 3418 1261 3500; x_wconf 86' lang='lat' dir='ltr'>compositus.</span> 
     </span>
    </p>
   </div>
   <div class='ocr_carea' id='block_1_8' title="bbox 566 3585 914 3644">
    <p class='ocr_par' dir='ltr' id='par_1_8' title="bbox 566 3585 914 3644">
     <span class='ocr_line' id='line_1_30' title="bbox 566 3585 914 3644; baseline -0.003 -2"><span class='ocrx_word' id='word_1_223' title='bbox 566 3585 668 3644; x_wconf 86' lang='lat' dir='ltr'>XCVI.</span> <span class='ocrx_word' id='word_1_224' title='bbox 709 3587 741 3642; x_wconf 88' lang='lat' dir='ltr'>P.</span> <span class='ocrx_word' id='word_1_225' title='bbox 764 3586 914 3643; x_wconf 78' lang='lat' dir='ltr'>Cominius.</span> 
     </span>
    </p>
   </div>
   <div class='ocr_carea' id='block_1_9' title="bbox 207 3693 1266 4392">
    <p class='ocr_par' dir='ltr' id='par_1_9' title="bbox 221 3693 1262 3882">
     <span class='ocr_line' id='line_1_31' title="bbox 283 3693 1262 3778; baseline 0.001 -21"><span class='ocrx_word' id='word_1_226' title='bbox 283 3695 396 3757; x_wconf 85' lang='lat' dir='ltr'>Utrum</span> <span class='ocrx_word' id='word_1_227' title='bbox 420 3693 524 3758; x_wconf 85' lang='lat' dir='ltr'>minor</span> <span class='ocrx_word' id='word_1_228' title='bbox 546 3715 584 3756; x_wconf 86' lang='lat' dir='ltr'>au</span> <span class='ocrx_word' id='word_1_229' title='bbox 611 3695 713 3764; x_wconf 81' lang='lat' dir='ltr'>maior</span> <span class='ocrx_word' id='word_1_230' title='bbox 734 3707 808 3759; x_wconf 86' lang='lat' dir='ltr'>natu</span> <span class='ocrx_word' id='word_1_231' title='bbox 833 3695 994 3761; x_wconf 85' lang='lat' dir='ltr'>Cicerone</span> <span class='ocrx_word' id='word_1_232' title='bbox 1019 3696 1128 3771; x_wconf 84' lang='lat' dir='ltr'>fuerit,</span> <span class='ocrx_word' id='word_1_233' title='bbox 1151 3718 1262 3778; x_wconf 84' lang='lat' dir='ltr'>parum</span> 
     </span>
     <span class='ocr_line' id='line_1_32' title="bbox 221 3804 434 3882; baseline 0.009 -27"><span class='ocrx_word' id='word_1_234' title='bbox 221 3804 357 3858; x_wconf 86' lang='lat' dir='ltr'>constat.</span> <span class='ocrx_word' id='word_1_235' title='bbox 428 3875 434 3882; x_wconf 92' lang='lat'><em>.</em></span> 
     </span>
    </p>

    <p class='ocr_par' dir='ltr' id='par_1_10' title="bbox 207 3890 1266 4392">
     <span class='ocr_line' id='line_1_33' title="bbox 285 3890 1265 3986; baseline 0.003 -29"><span class='ocrx_word' id='word_1_236' title='bbox 285 3890 360 3960; x_wconf 88' lang='lat' dir='ltr'>Cic.</span> <span class='ocrx_word' id='word_1_237' title='bbox 383 3897 476 3958; x_wconf 88' lang='lat' dir='ltr'>Brut.</span> <span class='ocrx_word' id='word_1_238' title='bbox 510 3898 568 3974; x_wconf 87' lang='lat'>78,</span> <span class='ocrx_word' id='word_1_239' title='bbox 598 3899 669 3968; x_wconf 75' lang='lat'><strong>271.</strong></span> <span class='ocrx_word' id='word_1_240' title='bbox 720 3902 775 3965; x_wconf 89' lang='lat' dir='ltr'>Ne</span> <span class='ocrx_word' id='word_1_241' title='bbox 802 3902 865 3964; x_wconf 86' lang='lat' dir='ltr'>hos</span> <span class='ocrx_word' id='word_1_242' title='bbox 892 3902 1029 3986; x_wconf 79' lang='lat' dir='ltr'>quidem</span> <span class='ocrx_word' id='word_1_243' title='bbox 1050 3899 1180 3980; x_wconf 82' lang='lat' dir='ltr'>equites</span> <span class='ocrx_word' id='word_1_244' title='bbox 1207 3919 1265 3960; x_wconf 86' lang='lat' dir='ltr'>ro-</span> 
     </span>
     <span class='ocr_line' id='line_1_34' title="bbox 220 3997 1265 4084; baseline 0.003 -28"><span class='ocrx_word' id='word_1_245' title='bbox 220 4015 352 4074; x_wconf 86' lang='lat' dir='ltr'>manos,</span> <span class='ocrx_word' id='word_1_246' title='bbox 377 3997 507 4061; x_wconf 84' lang='lat' dir='ltr'>amicos</span> <span class='ocrx_word' id='word_1_247' title='bbox 529 4011 667 4062; x_wconf 85' lang='lat' dir='ltr'>nostros</span> <span class='ocrx_word' id='word_1_248' title='bbox 690 4003 899 4082; x_wconf 85' lang='lat' dir='ltr'>(praetereo),</span> <span class='ocrx_word' id='word_1_249' title='bbox 923 4002 982 4084; x_wconf 79' lang='lat' dir='ltr'>qui</span> <span class='ocrx_word' id='word_1_250' title='bbox 1004 4020 1113 4080; x_wconf 80' lang='lat' dir='ltr'>nuper</span> <span class='ocrx_word' id='word_1_251' title='bbox 1136 3998 1265 4059; x_wconf 83' lang='lat' dir='ltr'>mortui</span> 
     </span>
     <span class='ocr_line' id='line_1_35' title="bbox 219 4097 1266 4186; baseline -0.001 -27"><span class='ocrx_word' id='word_1_252' title='bbox 219 4110 317 4174; x_wconf 81' lang='lat' dir='ltr'>sunt,</span> <span class='ocrx_word' id='word_1_253' title='bbox 349 4102 388 4164; x_wconf 87' lang='lat' dir='ltr'>P.</span> <span class='ocrx_word' id='word_1_254' title='bbox 418 4099 612 4163; x_wconf 81' lang='lat' dir='ltr'>Cominium</span> <span class='ocrx_word' id='word_1_255' title='bbox 644 4103 876 4183; x_wconf 82' lang='lat' dir='ltr'>Spoletinum,</span> <span class='ocrx_word' id='word_1_256' title='bbox 907 4123 975 4186; x_wconf 81' lang='lat' dir='ltr'>quo</span> <span class='ocrx_word' id='word_1_257' title='bbox 1002 4109 1186 4160; x_wconf 82' lang='lat' dir='ltr'>accusante</span> <span class='ocrx_word' id='word_1_258' title='bbox 1208 4097 1266 4158; x_wconf 77' lang='lat' dir='ltr'>de·</span> 
     </span>
     <span class='ocr_line' id='line_1_36' title="bbox 207 4197 1266 4291; baseline 0.001 -30"><span class='ocrx_word' id='word_1_259' title='bbox 207 4197 321 4291; x_wconf 79' lang='lat' dir='ltr'>fe‘ndi</span> <span class='ocrx_word' id='word_1_260' title='bbox 344 4204 382 4268; x_wconf 85' lang='grc'>0.</span> <span class='ocrx_word' id='word_1_261' title='bbox 406 4201 620 4276; x_wconf 81' lang='lat' dir='ltr'>Cornelium,</span> <span class='ocrx_word' id='word_1_262' title='bbox 652 4203 687 4264; x_wconf 88' lang='lat' dir='ltr'>in</span> <span class='ocrx_word' id='word_1_263' title='bbox 717 4225 785 4286; x_wconf 79' lang='lat' dir='ltr'>quo</span> <span class='ocrx_word' id='word_1_264' title='bbox 815 4217 848 4267; x_wconf 91' lang='lat' dir='ltr'>et</span> <span class='ocrx_word' id='word_1_265' title='bbox 875 4199 1103 4284; x_wconf 81' lang='lat' dir='ltr'>compositum</span> <span class='ocrx_word' id='word_1_266' title='bbox 1131 4198 1266 4262; x_wconf 75' lang='lat' dir='ltr'>dicentii</span> 
     </span>
     <span class='ocr_line' id='line_1_37' title="bbox 218 4302 872 4392; baseline 0.003 -28"><span class='ocrx_word' id='word_1_267' title='bbox 218 4323 330 4384; x_wconf 82' lang='lat' dir='ltr'>genus</span> <span class='ocrx_word' id='word_1_268' title='bbox 352 4316 385 4368; x_wconf 90' lang='lat' dir='ltr'>et</span> <span class='ocrx_word' id='word_1_269' title='bbox 407 4323 486 4363; x_wconf 87' lang='lat' dir='ltr'>acre</span> <span class='ocrx_word' id='word_1_270' title='bbox 508 4315 541 4366; x_wconf 88' lang='lat' dir='ltr'>et</span> <span class='ocrx_word' id='word_1_271' title='bbox 562 4303 766 4388; x_wconf 80' lang='lat' dir='ltr'>expeditum</span> <span class='ocrx_word' id='word_1_272' title='bbox 776 4302 872 4392; x_wconf 77' lang='lat' dir='ltr'>fuit.</span> 
     </span>
    </p>
   </div>
   <div class='ocr_carea' id='block_1_10' title="bbox 0 0 1515 4842">
    <p class='ocr_par' dir='ltr' id='par_1_11' title="bbox 0 0 1515 4842">
     <span class='ocr_line' id='line_1_38' title="bbox 0 0 1515 4842; baseline 0 0"><span class='ocrx_word' id='word_1_273' title='bbox 0 0 1515 4842; x_wconf 95' lang='lat' dir='ltr'> </span> 
     </span>
    </p>
   </div>
  </div>
 </body>
</html>
