2992 4844
287 351 348 412 317

288 529 354 590 pro
389 512 450 572 Cn.
486 510 667 572 Dolabella
701 511 892 583 consulari,
934 533 1011 574 eum
1044 516 1147 577 Cotto
1178 515 1341 598 princeps

292 610 467 674 adhibitus
475 623 575 684 esset,
588 611 726 693 priores
739 624 852 675 tamen
861 634 967 695 agere
974 626 1093 694 partes
1101 617 1339 680 Hortensium.

576 777 604 834 5.
646 761 748 834 Oratio
770 796 822 850 pro
844 777 885 834 M.
908 779 1057 837 Canuleio.

356 905 492 990 Pighius
514 907 628 970 scribit
659 912 700 972 Τ.
729 911 759 971 3.
791 933 827 992 p.
859 912 941 987 287,
966 913 1014 981 M.
1039 911 1225 976 Canuleium
1248 936 1340 995 repe·

292 1013 458 1073 turdarum
475 1022 653 1073 accusatum
678 1034 746 1075 esse
769 1035 798 1075 a.
825 1014 883 1074 677
909 1016 990 1093 (77),
1018 1015 1219 1078 Drumannus
1236 1028 1339 1078 autem

291 1125 314 1175 t.
340 1113 372 1174 3.
394 1136 428 1194 p.
453 1114 495 1176 84
517 1136 588 1199 sq.,
619 1126 690 1178 ante
720 1137 750 1180 a.
784 1118 845 1177 676
879 1116 948 1195 (78)
978 1118 1059 1180 hane
1090 1139 1215 1180 causam
1238 1129 1339 1179 actam

293 1214 456 1296 opinatur.
494 1218 561 1279 Pro
586 1216 744 1280 Canuleio
768 1217 878 1280 dixere
903 1216 1000 1282 Cotta
1025 1230 1055 1280 et
1078 1219 1286 1284 Hortensius.

355 1315 475 1380 Cicero
494 1319 585 1381 Brut.
605 1343 634 1381 c.
653 1319 706 1382 92.
751 1324 832 1383 Duo
851 1332 924 1381 tum
940 1323 1151 1384 excellebant
1168 1335 1338 1393 oratores,

292 1419 351 1502 qui
376 1441 428 1480 me
453 1419 613 1483 imitandi
639 1423 826 1505 ertpriditate
850 1423 1049 1498 incitarent,
1076 1427 1341 1488 (1011111Ηο1-

290 1517 439 1596 tensius,
469 1545 616 1605 qaorum
650 1527 738 1586 alter
764 1527 925 1588 remissus
958 1539 990 1586 et
1021 1526 1106 1587 lenis
1130 1539 1162 1588 et
1184 1525 1341 1608 propriis

292 1623 401 1686 uerbis
440 1627 729 1706 comprehendens
767 1630 877 1688 solute
912 1637 944 1686 11
969 1625 1088 1714 facile
1122 1629 1340 1702 sententiam,

295 1728 384 1787 alter
410 1739 575 1801 ornatus,
605 1750 703 1802 acer,
729 1741 762 1789 et
790 1729 969 1788 verborum
991 1739 1023 1788 et
1045 1727 1192 1788 aetionis
1214 1749 1341 1808 genere

291 1828 508 1891 commotior.
539 1833 660 1912 Itaque
686 1851 763 1889 eum
787 1829 974 1891 Hortensio
1001 1829 1085 1889 mihi
1113 1829 1226 1911 magis
1247 1831 1341 1892 arbi-

253 2007 259 2019 ·
289 1931 410 1992 trabar-
430 1953 502 1993 rem
517 1954 602 2006 esse,
627 1932 719 2015 quod
734 1944 768 1991 et
789 1931 922 1991 dicendi
941 1929 1068 1992 ardore
1083 1951 1179 1992 eram
1194 1931 1342 2012 propior

291 2045 324 2094 et
347 2044 460 2095 aetate
478 2033 704 2095 coniunctior.
729 2031 866 2095 Etenim
889 2032 1041 2094 videram
1061 2031 1096 2094 in
1121 2033 1242 2096 iisdem
1260 2055 1340 2096 eau-

290 2136 339 2198 sis
359 2148 398 2198 ut
418 2158 483 2216 pro
502 2139 557 2200 M.
583 2135 760 2206 Canuleio,
783 2155 851 2215 pro
875 2135 933 2198 Cn.
958 2137 1137 2198 Dolabella
1150 2135 1337 2210 consulari,

290 2259 368 2298 eum
398 2240 496 2301 Cotta
529 2237 700 2318 princeps,
726 2235 899 2299 adhibitus
933 2249 1041 2312 esset,
1065 2239 1202 2320 priores
1222 2249 1339 2321 'tamen

291 2361 396 2422 agere
417 2351 536 2421 partes
558 2337 794 2402 Hortensium.

641 2506 669 2562 6.
711 2504 811 2588 Oratio
828 2508 999 2564 consularis.

357 2634 547 2699 Orationem
565 2635 690 2710 Cottae,
715 2635 747 2699 in
771 2637 939 2700 consulatu
960 2659 987 2707 a.
1010 2637 1070 2701 679
1096 2640 1163 2717 (75)
1186 2639 1338 2714 habitam,

293 2737 387 2800 linxit
409 2736 572 2803 Salustius.
606 2739 693 2801 Vide
723 2739 800 2802 edit.
837 2739 1033 2803 Orellianam
1055 2763 1089 2822 p.
1122 2741 1193 2802 167.
1219 2741 1340 2802 Multas

292 2851 458 2922 praeterea
480 2839 512 2902 in
536 2842 701 2904 consulatu
724 2841 886 2906 orationes
910 2843 1033 2920 habuit,
1057 2842 1245 2924 praesertim
1269 2865 1339 2904 cum

294 2942 381 3026 leges
403 2964 504 3006 novas
526 2943 773 3027 promulgasset.
799 2965 829 3010 v.
855 2946 1019 3007 Drumann
1042 2955 1066 3006 t.
1091 2945 1122 3007 3.
1147 2967 1180 3026 p.
1204 2945 1257 3006 86.

625 3110 653 3168 7.
694 3109 793 3166 Oratio
815 3127 868 3182 pro
891 3112 1009 3167 Titinia.
1058 3177 1059 3184 ἵ

357 3239 487 3303 Ellendt
508 3239 620 3302 scribit
642 3263 675 3322 p.
701 3240 839 3306 XCVI:
862 3245 960 3306 Cotta
981 3241 1132 3304 Titiniae
1150 3263 1227 3303 eam
1252 3241 1342 3304 Clee-

297 3363 380 3406 rone
398 3341 505 3430 affuit
523 3344 558 3404 in
578 3343 707 3419 iudicio
720 3347 860 3426 priuato
882 3347 933 3405 vel
953 3343 1217 3416 auximanum
1236 3344 1341 3420 Curio

292 3468 359 3528 pro
389 3446 538 3526 petitore
577 3446 705 3508 diceret
741 3450 814 3510 Ser.
858 3444 1005 3508 Naeuio.
1044 3443 1110 3506 Cio.
1143 3446 1244 3505 Brut.
1286 3445 1340 3506 60.

296 3550 395 3611 Errat
417 3547 469 3609 vir
498 3547 718 3611 doctissimus:
749 3545 781 3608 in
809 3547 882 3608 loco
910 3544 992 3606 enim
1022 3543 1194 3608 Ciceronis
1223 3546 1342 3608 nullum

293 3661 379 3714 extat
413 3653 565 3728 verbum,
597 3672 639 3712 ex
668 3667 732 3735 quo
763 3659 932 3729 appareat,
967 3645 1096 3710 Cottam
1126 3645 1159 3708 in
1187 3668 1225 3710 ea
1248 3669 1341 3710 eausa

296 3752 452 3818 oravisse.
483 3767 489 3776 “

557 3855 586 3910 8.
626 3852 780 3910 Orationes
799 3867 852 3922 pro
872 3850 925 3908 Cn.
947 3851 1074 3908 Veturio.

356 3985 524 4052 Charisius
538 4005 573 4064 p.
599 3983 680 4044 131:
705 3985 833 4063 Sponte
857 4001 973 4045 nornen
995 3982 1123 4066 quidem
1148 3995 1179 4045 et
1194 3991 1339 4064 aptoton,

214 4113 252 4131 -··
294 4100 324 4150 et
353 4110 392 4152 eo
422 4112 457 4172 q.
490 4090 524 4151 C.
557 4088 653 4150 Cotta
691 4086 748 4148 Cn.
789 4085 927 4150 Veterio
953 4085 1041 4148 libro
1075 4085 1210 4167 primo:
1242 4096 1340 4146 t...

292 4193 371 4270 plus
404 4190 457 4252 hie
487 4209 564 4251 eum
593 4187 750 4270 optimis,
784 4200 823 4250 tu
859 4188 901 4250 de
934 4199 995 4251 tua
1025 4199 1145 4269 sponte
1176 4187 1229 4250 hie
1264 4205 1343 4247 eum

294 4291 471 4372 religione.
