2966 4842
269 375 329 438 532

271 553 364 596 verus
395 529 489 594 dicit:
515 531 697 594 Passienus
719 539 836 590 nuster
864 547 941 590 cum
971 527 1081 608 coepit
1095 525 1235 612 ‚nuere
1268 550 1325 590 se·

269 635 419 698 cundum
437 631 648 715 principium
670 631 788 693 statim
799 629 905 718 juga
916 629 975 707 fit,
995 630 1042 691 cd
1056 630 1232 713 epilogum
1247 652 1325 693 orn·

270 757 330 799 nes
354 747 586 798 reuertuntur.
630 733 753 798 Media
774 746 920 809 tontum,
944 733 1067 816 quibus
1087 753 1222 795 necesse
1248 745 1321 806 est,

269 837 428 902 audiunt.
453 837 617 910 Miraris,
632 836 777 899 eundem
798 856 866 898 non
889 856 995 919 aeque
1024 837 1105 898 bene
1127 835 1325 898 declamare

271 960 375 1024 quam
397 960 539 1002 causam
561 959 680 1020 ogere,
703 951 764 1002 aut
786 939 930 1003 eundem
951 959 1019 1002 non
1041 950 1114 1000 tam
1136 938 1218 1002 bene
1240 959 1324 1000 sua-

269 1042 384 1105 sorias
405 1062 509 1126 quam
539 1041 718 1104 iudiciales
745 1040 999 1104 controuersias
1022 1040 1144 1105 dicere.
1195 1038 1323 1104 Deinde

271 1142 355 1206 idem
392 1144 534 1208 Cassius
570 1147 715 1208 Seuerus
744 1141 839 1205 dicit:
871 1143 1146 1225 Diligentissime
1178 1142 1240 1203 tibi
1269 1165 1324 1204 me

272 1267 489 1321 excusarem,
512 1259 689 1330 tamquam
709 1246 789 1308 huic
811 1246 863 1310 rei
885 1265 955 1309 non
977 1267 1085 1308 essem
1107 1257 1228 1319 natus,
1253 1246 1323 1308 nisi

275 1348 411 1424 scirem,
434 1361 469 1412 et
491 1349 678 1414 Pollionem
700 1347 862 1414 Asinium
882 1360 915 1411 et
926 1349 1119 1414 Messalam
1136 1347 1323 1412 Coruinum

273 1463 307 1514 et
330 1451 597 1534 Passienum,
619 1451 688 1534 qui
709 1472 821 1513 nunc
839 1451 983 1533 primo
1005 1453 1101 1513 loco
1131 1461 1232 1526 stat,
1258 1451 1321 1512 mi·

275 1574 340 1618 nus
362 1555 443 1618 bene
467 1554 573 1616 uideri
594 1574 697 1638 quam
718 1554 870 1619 Cestium
892 1564 954 1614 out
977 1557 1177 1616 Latronem.

310 1711 376 1744 nune
391 1699 477 1755 primo
501 1697 566 1756 loco]
603 1699 702 1742 Cassius
729 1697 833 1744 Severus
866 1699 951 1755 viginti
981 1698 1032 1743 lere
1060 1700 1129 1742 annis
1161 1703 1216 1743 natu
1242 1699 1324 1744 minos·

346 1791 399 1830 eret
417 1799 487 1842 qnam
509 1785 649 1832 Passienus.

336 1903 506 1966 Passienus
528 1905 606 1967 tanti
631 1905 765 1968 nominis
788 1905 864 1980 tuit,
888 1918 939 1982 ut,
965 1927 1034 1969 cum
1059 1909 1225 1988 Augustus
1248 1905 1325 1968 Asi·

277 2001 362 2066 nium
403 2005 583 2070 Pollionem
628 2007 690 2088 ipsi
733 2011 987 2085 cotnmendaret,
1034 2007 1142 2071 Pollio
1166 2007 1324 2091 'ingenue

276 2107 379 2170 i'assus
400 2108 458 2184 sit,
482 2108 555 2173 ideo
578 2108 657 2172 tanti
681 2109 743 2172 viri
766 2110 899 2194 gratiam
924 2109 1072 2192 amplecti
1094 2130 1128 2172 se
1151 2110 1255 2185 nolle,
1284 2130 1324 2171 ne

276 2207 344 2272 eius
366 2209 553 2275 claritudine
566 2234 603 2275 ac
623 2214 793 2294 splendore
815 2211 915 2294 ipsius
938 2213 1020 2274 lama
1042 2211 1178 2295 propius
1198 2215 1325 2275 admota

277 2310 530 2396 extingueretur.
576 2315 695 2376 Seneca
721 2313 882 2379 Controv.
907 2315 929 2376 l.
954 2316 985 2376 5.
1010 2335 1044 2396 p.
1069 2315 1146 2378 392.
1182 2315 1326 2378 Asinius

278 2415 387 2476 Pollio
415 2437 492 2478 cum
529 2418 828 2480 commendaretur
857 2437 880 2479 a
911 2419 1058 2480 Caesare
1090 2417 1324 2490 Passieno,

281 2535 342 2576 nec
364 2529 521 2591 curaret,
547 2519 797 2600 interroganti,
830 2540 937 2603 quare
967 2539 1034 2581 non
1063 2522 1328 2602 amplecteretur

277 2617 367 2678 tanti
389 2618 455 2680 viri
475 2620 642 2702 gratiam,
666 2615 777 2700 ἡλίου,
798 2622 925 2706 inquit,
954 2621 1104 2697 καίοντος
1125 2616 1242 2708 λύχνον
1267 2615 1330 2707 οὐχ

279 2709 382 2785 datu.
415 2741 473 2782 nec
496 2721 651 2785 assentior
681 2724 905 2798 Thorbeckn,
943 2722 1000 2808 qui
1035 2721 1147 2786 scribit
1180 2745 1214 2804 p.
1241 2722 1328 2798 102„

280 2819 425 2883 Asinium
450 2823 593 2886 Passieni
627 2825 749 2908 gratiae
773 2825 1022 2889 commendatum
1044 2823 1141 2887 fuisse
1164 2828 1203 2887 ab
1224 2823 1328 2906 impe·

279 2936 388 2987 satore
412 2924 566 2989 credibile
588 2949 653 2991 non
673 2951 756 2992 esse.

343 3027 462 3090 Seneca
487 3026 651 3093 Controv.
675 3031 697 3093 l.
722 3033 754 3094 5.
778 3053 812 3112 p.
843 3032 917 3095 352.
962 3031 1062 3096 Nulli
1091 3049 1159 3095 non
1181 3030 1329 3112 impres-

278 3127 325 3190 sit
346 3129 479 3211 aliquid
500 3133 620 3206 Oscus,
644 3134 738 3216 quod
759 3132 916 3221 effugere
931 3154 999 3195 non
1021 3143 1150 3216 posset.
1173 3135 1330 3197 IllePas·

278 3228 385 3303 sieno,
410 3230 527 3311 prima
548 3233 621 3296 eius
645 3235 779 3320 syllaba
800 3256 965 3317 graecum
980 3235 1127 3310 imitata,
1146 3235 1328 3298 obscenum

280 3350 402 3393 nornen
424 3331 599 3414 imposuit,
625 3336 848 3399 declamatori
869 3337 986 3400 subtili
1008 3358 1068 3402 nec
1089 3337 1203 3402 arido.

315 3485 360 3517 nec
382 3475 465 3534 crido]
503 3477 644 3536 Schultingii
667 3481 827 3524 coniecturam
846 3493 899 3525 sum
917 3487 1022 3526 secutus.

344 3603 488 3666 Velleius
511 3605 541 3678 2,
567 3606 639 3666 115.
687 3605 808 3670 Vibius
827 3609 1022 3684 Postumus,
1047 3609 1099 3671 uir
1120 3609 1328 3682 consularis,

280 3705 499 3786 praepositus
521 3707 734 3783 Delmatiae,
760 3722 964 3772 ornamenta
987 3711 1114 3772 meruit
1136 3709 1330 3792 triumplia-

281 3805 345 3880 lia,
370 3827 468 3889 quern
491 3807 656 3871 honorem
687 3823 766 3874 ante
797 3831 926 3896 paucos
955 3833 1067 3875 annos
1093 3812 1330 3876 Passienus

280 3919 313 3968 et
329 3909 467 3980 Cossus,
493 3908 559 3971 uiri
579 3913 783 3993 quibusdam
805 3913 949 3978 diuersis
966 3913 1148 3978 virtutibus
1166 3914 1327 3988 celebres,

282 4007 318 4070 in
329 4013 363 4073 A
352 4004 460 4097 frica
483 4025 693 4077 meruerant.

316 4149 466 4214 Passienus]
502 4157 524 4200 id
552 4159 586 4210 ud⁴
602 4159 744 4204 Passienum
765 4167 857 4216 patrem
885 4165 1020 4220 pertinere,
1040 4164 1097 4208 dieii
1114 4161 1211 4218 Lipsius
1233 4162 1257 4205 in
1276 4160 1331 4204 Ex-

352 4255 424 4288 snrsu
445 4244 474 4286 sd
499 4243 575 4288 Taciti
593 4245 678 4290 Annei.
703 4246 751 4306 12,
777 4247 802 4293 b.
844 4247 893 4294 nui
913 4265 970 4297 vero
991 4251 1155 4304 (Burmannus
1177 4256 1201 4295 st
1220 4250 1330 4301 Kranae)

354 4331 382 4370 ad
400 4328 430 4374 L.
452 4329 594 4374 Passienum
615 4333 711 4388 linium,
732 4339 854 4382 consulem
873 4351 896 4386 ι.
921 4332 968 4382 lli
991 4333 1034 4400 (l)
1055 4337 1171 4386 referunt.
