2992 4840
282 375 342 436 180

354 539 396 583 bes
421 543 515 592 essenl;
542 551 669 583 censorum
693 538 756 580 enisu
779 540 831 579 oret
853 534 972 595 officium,
993 538 1105 582 uxorium
1123 538 1219 595 exigere
1242 553 1254 581 e
1275 554 1328 583 coe-

355 625 411 670 libe.
446 627 472 670 lt
492 639 533 671 ees
552 639 643 681 poenae
664 625 759 670 nomine
780 623 850 678 primi
871 630 1002 681 exegerunt
1020 625 1056 668 M.
1071 625 1159 669 Furius
1176 626 1292 672 Camillus
1305 635 1328 672 et

353 714 390 758 M.
407 713 547 758 Postumius
567 727 680 758 censores
699 727 722 756 u.
744 705 793 756 ³5⁰
816 706 901 768 (403).
940 712 996 756 vid.
1017 713 1125 771 Scaliger
1143 715 1172 758 ed
1188 715 1286 759 Festum
1304 730 1326 759 o.

356 799 490 845 Uxorium.
527 797 732 854 Veler.tt1ex.2,
749 797 773 851 9,
790 797 813 842 1,

319 929 352 960 ex
372 916 453 960 enimi
472 916 508 960 tui
526 913 661 974 sententia]
681 915 769 970 duplici
783 927 855 959 sensu
869 916 943 970 accipi
958 919 1051 969 potest:
1072 929 1100 958 eu
1120 916 1183 959 enisu
1194 916 1267 959 verbo
1280 931 1326 960 non

355 1009 444 1047 tentum
468 1002 603 1062 significent
623 1017 657 1046 ex
683 1009 725 1047 tuo
749 1003 887 1056 voluntate,
918 1004 959 1047 sed
979 1004 1002 1046 in
1022 1003 1074 1046 iure
1095 1003 1194 1046 iurando
1219 1005 1327 1050 solennis

354 1089 409 1146 „bei
423 1089 473 1134 Ehr
493 1093 537 1135 unul
551 1087 703 1136 Gewissen.“

348 1255 471 1318 Gellius
492 1258 521 1330 5,
541 1257 591 1319 19.
621 1253 938 1318 Animaduertimus
956 1257 992 1318 in
1014 1257 1169 1319 oratione
1185 1259 1223 1318 P.
1241 1257 1325 1320 Sci·

281 1358 446 1441 pionis,
481 1379 603 1442 quam
626 1377 780 1420 censor
802 1358 953 1421 habuit
975 1360 1028 1421 od
1047 1363 1257 1440 populum
1279 1360 1326 1421 de

283 1461 496 1536 moribus,
521 1462 611 1524 inter
633 1482 695 1535 ea,
720 1481 808 1543 quae
832 1461 1117 1542 reprehendebat,
1141 1462 1233 1544 quod
1249 1483 1327 1524 con-

281 1575 339 1625 tra
365 1563 538 1626 maiorum
557 1563 717 1625 instituta
740 1561 886 1636 fierent,
913 1563 949 1624 id
980 1564 1085 1626 etiam
1105 1584 1182 1625 eum
1210 1568 1326 1645 culpa-

281 1665 392 1738 visse,
423 1665 516 1747 quod
532 1663 638 1740 filius
664 1665 850 1744 adoptivus
875 1665 971 1747 patri
1001 1664 1200 1746 adoptatori
1235 1666 1326 1728 inter

278 1767 441 1849 proemio
463 1778 606 1848 potrum
632 1767 826 1848 prodesset.
876 1767 989 1831 Verba
1019 1790 1066 1829 ex
1096 1789 1136 1829 eo
1165 1768 1325 1830 oratione

234 1871 366 1954 licaeo
396 1880 495 1931 sunt:
529 1872 576 1931 In
607 1870 697 1930 alia
724 1869 842 1931 tribu
868 1881 1055 1950 patrem,
1088 1869 1129 1931 in
1157 1868 1325 1959 aliosi·

284 1970 389 2033 licem
410 1969 699 2060 suffragium
720 1970 865 2054 ferre,
886 1971 1053 2060 filium
1075 1973 1326 2055 adoptivum

282 2085 369 2135 tam
400 2073 662 2154 procedere,
698 2095 823 2156 quom
847 2075 951 2136 sise
988 2086 1131 2136 natum
1152 2077 1325 2146 habeam·

282 2175 437 2238 obsemes
461 2176 593 2238 censeri
616 2177 750 2250 iubere,
776 2188 813 2238 ut
834 2176 881 2238 ad
903 2197 1042 2240 censum
1065 2175 1194 2238 nemini
1213 2198 1325 2240 neees-

282 2279 426 2340 sumsit
450 2278 575 2341 venire.

317 2432 384 2477 inter·
398 2434 517 2491 praemio
532 2432 654 2493 patrum]
684 2439 769 2490 peter,
802 2435 840 2491 qui
866 2436 946 2488 plures
969 2432 1032 2477 tilios
1054 2439 1184 2492 genuerat,
1211 2431 1325 2477 beneficis

352 2523 483 2577 quaedam,
509 2521 600 2580 legibus
622 2525 646 2566 et
666 2535 733 2565 more
755 2522 874 2565 maiorum
887 2525 1015 2566 constitute
1029 2523 1129 2577 accepit.
1159 2522 1248 2566 Deinde
1268 2535 1324 2575 pau·

351 2610 418 2652 istim
439 2615 561 2664 receptum
584 2615 653 2662 eret,
677 2614 701 2652 ut
722 2611 760 2661 ei.
778 2610 817 2667 qui
838 2606 902 2654 filios
919 2624 965 2654 uon
984 2611 1120 2664 naturales,
1141 2611 1183 2654 sed
1201 2609 1324 2664 adoptivos

353 2701 444 2740 tentum
462 2696 573 2756 haberet,
599 2698 683 2742 iisdem
707 2698 739 2740 uti
762 2695 885 2742 beneficiis
909 2698 1001 2744 liceret.
1045 2699 1112 2753 Quod
1139 2702 1222 2740 contre
1249 2698 1325 2754 legem

354 2788 377 2826 et
390 2784 586 2828 consuetudinem
601 2785 762 2828 Romanorum
785 2791 847 2832 erut.
877 2785 911 2830 De
931 2785 1045 2839 praemiis
1058 2785 1200 2828 maritorum
1220 2789 1325 2840 petrum-

353 2883 413 2926 que,
433 2883 493 2927 quse
512 2872 563 2930 lege
585 2872 648 2916 iulia
666 2873 762 2928 Popece
784 2870 832 2915 fixa
853 2877 939 2925 erent,
959 2873 1053 2915 locutus
1074 2876 1110 2914 ost
1122 2871 1218 2924 Lipsius
1239 2874 1262 2914 in
1275 2871 1325 2913 Ex-

354 2970 425 3000 cursn
445 2959 474 3000 ed
488 2958 565 3002 Taciti
586 2959 671 3004 dunel.
696 2957 725 3019 3,
746 2957 788 3004 25.
827 2961 891 3004 idem
912 2961 939 3003 de
960 2964 1043 3002 nostro
1066 2960 1118 3001 loco
1132 2959 1190 3001 dixit
1209 2958 1232 3000 in
1246 2957 1325 3000 Taciti

353 3045 480 3090 annalibus
496 3044 591 3107 15,19.
614 3048 795 3092 institutionum
808 3047 851 3094 tib.
867 3045 891 3090 1.
910 3046 959 3090 Tit.
973 3045 1057 3093 XXV.
1075 3045 1098 3094 1.
1124 3043 1239 3102 Adoptiou'
1251 3044 1326 3089 liberi

352 3146 402 3178 non
419 3139 543 3191 prosunt,
570 3134 597 3178 r'n
617 3133 776 3192 adoptionem
804 3141 887 3179 autem
905 3133 959 3178 dart
982 3133 1097 3178 naturali
1118 3133 1191 3190 putri
1206 3138 1322 3191 prosunt.

353 3219 392 3265 Ct.
408 3221 495 3275 Zumpt
507 3221 568 3266 'uber
582 3224 605 3264 tl.
620 3223 693 3266 Stand
705 3224 729 3268 d.
743 3225 912 3279 Bevolkerung
929 3234 953 3276 p.
970 3217 1012 3270 43,

318 3346 345 3388 in
364 3345 418 3388 olio
436 3342 514 3404 tribu]
535 3346 557 3389 id
582 3349 681 3390 velitum
699 3352 766 3394 erut:
786 3347 849 3392 filius
870 3349 932 3392 enim
950 3349 1076 3403 adoptivus
1096 3350 1118 3390 iu
1139 3347 1227 3390 tribum
1250 3347 1324 3400 petris

353 3433 458 3488 adoptivi
479 3437 607 3487 receptus,
637 3449 682 3478 non
702 3437 804 3490 emplius
824 3438 846 3480 in
869 3435 931 3480 tribu
953 3437 1029 3510 petris
1047 3419 1163 3479 neturelis
1184 3433 1326 3493 suffragium

351 3520 414 3563 tulit.

315 3641 464 3702 procedere]
485 3646 539 3692 ise.
562 3649 697 3691 tantundem
709 3650 824 3702 prodesse
838 3649 899 3702 petri
912 3650 1032 3702 edoptiro.

318 3753 433 3813 uisendos
447 3767 562 3828 censeri]
581 3776 651 3816 antee
670 3772 734 3816 cives
753 3773 843 3817 Romae
859 3776 949 3815 tentum
967 3786 1063 3817 censum
1081 3771 1151 3815 iurati
1169 3767 1324 3824 delei-ebaul;

353 3861 376 3900 et
389 3869 418 3900 ex
436 3857 565 3912 provinciis
585 3863 672 3902 statuto
690 3868 800 3912 ternpore
816 3859 917 3902 Romam
931 3861 959 3902 ed
978 3861 1126 3903 censendum
1145 3859 1249 3916 migrare
1262 3858 1326 3900 sole-

352 3943 418 3993 bant.
433 3945 516 3989 deinde
530 3941 704 4006 medullinus,
719 3950 743 3989 ut
753 3946 776 3989 in
791 3946 921 4000 provinciis
934 3959 1027 4004 quoque
1042 3947 1137 3990 tabulae
1152 3943 1326 3990 conficerentur

353 4034 486 4076 censuales.
516 4033 585 4080 Gonl.
600 4033 662 4078 Fuss
676 4034 792 4089 Antiquit.
812 4034 881 4080 Rom.
896 4048 918 4090 p.
933 4028 972 4080 69.
994 4033 1101 4077 Velleius
1116 4029 1140 4085 2,
1163 4029 1204 4076 15.

349 4203 468 4266 Paulus
490 4229 524 4287 p.
551 4208 623 4270 151.
669 4209 794 4274 Mitius
817 4210 937 4274 collare
961 4229 1071 4270 cenum
1095 4203 1325 4276 veneticorum,

282 4301 400 4365 fectum
422 4326 463 4366 ex
485 4307 578 4370 corio
603 4313 828 4394 confixumque
852 4311 951 4373 clavis
974 4308 1090 4372 ferreis
1118 4302 1325 4367 eminentibus
