2976 4844
1161 357 1218 418 tte

163 525 260 597 atque
284 512 416 576 Ellendt
443 508 632 588 (Halliselre
655 511 734 572 Litt.
761 513 800 574 Ζ.
823 512 916 575 1831.
937 515 1068 577 Januar.
1093 539 1123 596 p.
1144 517 1214 593 au.)

165 637 258 678 unam
286 617 482 698 eandemque
510 612 766 694 intelligendam,
795 637 876 700 quae
909 617 985 678 alias
1017 617 1058 680 de
1090 619 1213 682 vestitu

162 731 196 782 et
218 716 381 780 uehiculis
401 715 590 797 appelletur.
637 716 672 776 Si
694 729 796 780 autem
817 720 923 783 oratio
941 717 1144 802 intelligenda
1165 742 1214 784 es·

162 832 221 893 set,
248 840 311 903 ego
339 822 427 884 Coto
450 820 492 881 de
517 820 649 882 ambitu
671 824 882 896 emendarem,
910 835 941 886 et
965 821 1070 894 audio,
1094 845 1111 884 a
1135 823 1212 886 Bol-

163 921 269 986 huisio
318 943 448 1006 quoque
498 924 627 984 eandem
679 922 894 988 coniecturam
941 945 1009 988 esse
1056 925 1210 1008 proposi·

162 1039 238 1088 tam.
285 1026 349 1088 Sed
379 1022 551 1088 verisimile
577 1037 642 1099 est,
668 1029 766 1090 verba
798 1025 938 1090 Charisii
965 1025 1059 1090 alium
1085 1049 1209 1092 sensum

166 1131 296 1201 habere,
322 1148 435 1208 nempe
463 1129 649 1190 secuudum
677 1129 856 1210 propriam
878 1131 1033 1194 vocabuli
1043 1128 1211 1220 formum

162 1253 178 1291 a
206 1229 332 1294 Catone
364 1229 426 1293 diei
457 1253 614 1312 sanguen.
652 1244 765 1294 neutro
801 1253 937 1314 genere.
967 1254 1031 1297 non
1063 1234 1213 1314 sanguis

164 1332 350 1396 masculino.
397 1336 450 1397 De
474 1335 595 1396 habitu
630 1355 711 1416 ergo
738 1345 804 1410 est,
837 1338 924 1419 quod
953 1333 1061 1418 graeei
1085 1335 1210 1406 dieunt,

162 1433 249 1502 κατὰ
263 1432 319 1516 τὴν
331 1435 404 1516 ἕξιν.
437 1440 600 1520 Sanguen
624 1435 705 1499 euim
726 1439 799 1500 ideo
822 1435 914 1511 dixit,
931 1438 1006 1521 quia
1025 1438 1210 1520 sanguinis

163 1539 253 1613 lauit,
277 1553 310 1600 ut
336 1561 463 1602 carmen
490 1539 652 1602 carminis.
700 1541 734 1601 Si
755 1541 901 1623 sanguis
922 1539 1053 1613 diceret,
1080 1561 1139 1621 par
1163 1561 1212 1604 es·

162 1654 211 1704 set
229 1641 443 1706 nominativus
463 1641 625 1722 genitivo,
654 1655 687 1706 ut
712 1643 843 1726 anguis,
871 1641 1011 1725 pinguis.
1055 1640 1211 1721 (Servius

162 1747 202 1807 ad
228 1743 330 1827 Ving.
355 1747 437 1809 Aen.
469 1747 494 1807 l.
524 1746 613 1826 211.)
671 1747 751 1810 Ideo
777 1747 971 1808 orationem
1000 1743 1142 1810 Catonis
1168 1744 1210 1806 de

165 1848 285 1910 habitu
308 1847 472 1910 delendam
494 1869 562 1910 esse
585 1869 714 1912 censen.

465 2043 514 2102 93.
549 2043 648 2100 Oratio
667 2047 703 2101 de
724 2045 905 2118 indigitibus.

227 2178 306 2239 Eam
332 2197 349 2238 a
372 2174 496 2239 Catone
522 2175 554 2238 in
577 2199 708 2239 censura
733 2176 848 2240 dietam
873 2179 1048 2242 arbitratur
1071 2181 1207 2242 Weber.

227 2281 364 2360 Quando
397 2277 514 2342 Catoni
540 2279 645 2342 oratio
678 2283 715 2342 de
747 2279 936 2363 Indigitibus
960 2281 1029 2344 sive
1057 2285 1095 2343 de
1124 2285 1209 2346 cultu

163 2384 295 2444 deorum
321 2379 495 2463 indigitum
529 2381 626 2444 luserit
659 2384 818 2457 habenda,
855 2403 903 2445 me
931 2403 993 2446 uon
1027 2382 1208 2466 intelligere

161 2483 278 2558 fateor,
294 2496 324 2546 et
353 2495 440 2548 certe
471 2483 570 2570 magis
597 2496 644 2548 est
673 2505 752 2548 vero
776 2482 890 2559 simile,
905 2503 969 2546 non
993 2483 1025 2547 iu
1050 2484 1216 2563 oratione,

161 2586 272 2650 sedin
300 2586 363 2650 alio
389 2608 455 2671 quo
478 2586 564 2651 libro
589 2608 625 2650 ea
649 2590 687 2649 de
713 2608 747 2649 re
774 2585 908 2648 dixisse.
953 2585 1004 2648 De
1027 2597 1138 2648 natura
1162 2597 1210 2649 at·

163 2711 227 2774 que
254 2690 285 2752 vi
311 2692 426 2754 horum
455 2689 614 2752 numinum
646 2687 775 2752 disserit
801 2690 952 2770 Hartung
976 2686 1129 2773 Religion
1153 2692 1209 2752 det·

166 2794 290 2856 Rdmer
313 2804 338 2855 t.
369 2798 400 2854 1.
425 2815 459 2875 p.
487 2793 524 2854 81
551 2814 625 2877 sqq.
671 2789 850 2855 Maiensius
879 2813 913 2871 p.
937 2791 976 2852 ll
1004 2789 1099 2854 dicit:
1129 2790 1209 2864 „In-

162 2894 280 2978 digites
310 2894 456 2979 intelligo
482 2895 713 2958 invocandos.“

228 2999 342 3060 Festus
365 3021 399 3080 p.
423 2999 497 3062 339.
542 2997 742 3081 (sequester)
767 2996 793 3059 is
817 2996 945 3074 dieitur,
969 2998 1023 3083 qui
1045 2997 1129 3062 inter
1151 2998 1208 3062 ali-

161 3121 245 3184 quns
278 3099 333 3186 qui
365 3104 520 3180 (certant,
556 3100 697 3177 medius,
729 3105 775 3178 ut)
804 3101 887 3164 inter
915 3121 972 3164 ens
1000 3100 1208 3176 convenerit,

163 3202 218 3279 (ita
250 3213 335 3264 tenet
363 3203 539 3284 depositum
573 3200 722 3287 ali)quid,
755 3214 787 3264 ut
815 3204 844 3266 ei
869 3207 995 3279 reddat,
1022 3203 1077 3289 qui
1107 3203 1209 3283 (eui?)

165 3303 197 3366 id
219 3302 328 3368 deberi
347 3303 429 3382 (iure
452 3305 513 3368 sibi
539 3305 745 3384 enn)stiterit.
791 3310 877 3370 Coto
899 3308 934 3369 in
959 3329 1000 3369 ea
1021 3306 1209 3386 orn(tione,

164 3427 268 3490 quam
294 3407 429 3490 habuit)
454 3407 496 3470 de
521 3407 750 3491 Indigitibus:
791 3410 915 3474 Sinum
945 3408 1108 3489 (miseros
1129 3430 1208 3490 per·

165 3508 249 3590 ire),
282 3521 321 3572 ut
353 3511 442 3573 bonu
470 3511 631 3593 rapiant:
663 3522 740 3586 out,
776 3511 824 3591 (si
848 3510 1051 3593 superstites
1073 3513 1210 3591 petunt)

165 3630 286 3693 septies
311 3612 471 3696 prodent.

200 3743 288 3788 seques
305 3727 422 3788 prodent]
459 3737 590 3790 sequestro
608 3729 676 3776 dent.
716 3731 827 3775 Ursinus.
868 3732 930 3778 llaec
953 3730 1116 3788 supplementa
1138 3743 1212 3784 proe-

236 3832 275 3862 sus
296 3821 396 3864 ineerta.

444 3977 558 4035 lneerla
579 3981 739 4037 orationum
763 3981 933 4050 fragmenta.

229 4106 364 4172 Catonis
395 4107 574 4191 fragmenta
608 4110 728 4173 ineerta
763 4130 824 4172 non
856 4119 967 4170 euneta
995 4101 1123 4184 recepi,
1156 4109 1210 4166 sed

162 4231 198 4271 ea
227 4209 441 4291 potissimum,
469 4233 550 4296 quae
576 4233 617 4276 ex
645 4210 845 4275 orationibus
874 4211 1020 4272 videntur
1043 4217 1211 4285 excerpta.

164 4313 269 4374 Multa
292 4311 393 4395 igitur
417 4314 532 4388 delevi,
554 4337 634 4399 quae
657 4314 689 4377 in
715 4312 855 4376 editione
877 4309 990 4392 priore
1012 4326 1210 4386 receperam.

212 4419 286 4458 Meieri
297 4420 352 4458 om
361 4419 420 4458 nom.
428 4419 508 4472 Fragm.
524 4423 555 4461 ed.
565 4420 584 4461 ¹2.
994 4422 1032 4481 10
