2992 4844
1184 396 1241 457 ast

191 568 225 618 et
247 554 422 616 concitata
444 553 481 614 in
513 563 695 635 utramque
724 563 862 633 partem
893 553 1047 626 natatio,
1082 571 1185 635 quam
1207 553 1243 615 in

192 658 343 722 Curione
363 667 466 737 patre
486 653 599 716 irrisit
626 666 659 716 et
682 655 791 720 Iulius
818 667 851 717 et
876 651 1041 720 Sicinius:
1062 676 1144 716 nam
1165 675 1243 718 cum

191 759 366 822 assidente
396 759 548 838 collega,
579 757 638 840 qui
668 769 744 819 erat
774 771 921 838 propter
953 756 1186 830 valetudinem¹
1210 769 1243 818 et

193 863 366 944 deligatus
387 870 421 921 et
440 858 600 940 plurimis
626 860 883 922 medicamentis
902 860 1082 932 delibutus,
1100 862 1245 921 multum

192 987 229 1027 se
255 965 362 1027 Curio
387 983 434 1022 ex
461 983 555 1022 more
584 962 760 1035 iactasset,
786 965 998 1046 Numquam,
1027 961 1148 1044 inquit,
1177 963 1242 1026 Oc·

192 1065 283 1137 tavi,
307 1066 458 1146 collegae
483 1075 544 1124 tuo
568 1064 722 1146 gratiam
748 1065 903 1155 reseres,
927 1063 986 1146 qui
1011 1060 1240 1152 nisifuisset,

192 1168 294 1243 hodie
317 1179 349 1228 te
371 1167 447 1229 istic
474 1187 612 1228 muscae
635 1168 871 1230 comedissent.

354 1341 382 1399 5.
424 1340 525 1398 Oratio
547 1357 599 1413 pro
624 1341 654 1397 P.
677 1341 778 1398 Clodio
800 1342 923 1398 Pulchro
943 1323 1080 1398 incestus.

258 1471 393 1535 Causam
419 1471 528 1534 Clodii
556 1473 695 1533 deleudit
717 1494 745 1532 a.
775 1473 835 1535 099
860 1472 939 1550 (62).

258 1575 390 1640 Scholia
415 1573 587 1640 Bobiensia
611 1575 643 1638 iu
674 1587 759 1638 orat.
786 1573 817 1635 in
849 1572 996 1637 Clodium
1019 1587 1049 1635 et
1065 1572 1240 1639 Curionem

193 1702 227 1762 p.
254 1677 325 1741 330.
352 1681 445 1740 Reus
469 1676 509 1738 de
537 1675 809 1766 incestofactus
837 1688 889 1738 est
914 1681 950 1738 Ρ.
980 1676 1120 1739 Clodius
1142 1697 1243 1739 accu-

196 1793 294 1844 sante
322 1783 363 1843 L.
385 1782 544 1852 Lentulo,
570 1777 777 1872 defendente
801 1783 838 1844 C.
858 1779 1007 1843 Curione
1025 1792 1146 1861 patre.¹

454 1955 481 2012 6.
522 1954 622 2011 Oratio
644 1956 783 2012 adversus
807 1954 985 2012 Ciceronem.

259 2069 307 2132 Ea
333 2067 366 2130 in
393 2079 503 2130 senatu
531 2067 655 2129 videtur
679 2067 763 2129 dicta
786 2088 868 2131 anno
894 2067 955 2130 693
977 2069 1060 2146 (at).
1093 2066 1244 2132 Orationi

197 2169 349 2234 Curionis
384 2168 552 2251 respondit
585 2167 706 2233 Cicero
739 2169 769 2232 in
807 2169 954 2233 oratione
982 2192 1062 2254 quae
1091 2167 1245 2251 inscripta

196 2285 264 2334 est:
285 2277 326 2338 1n
350 2277 389 2337 P.
406 2272 566 2337 Clodium
586 2285 619 2334 et
637 2272 834 2337 Curionem.
866 2271 967 2335 Coni.
991 2274 1155 2337 Drumann
1171 2281 1196 2333 t.
1210 2272 1242 2333 2.

200 2396 235 2455 p.
260 2376 331 2444 215.
353 2374 510 2458 Spalding
534 2385 636 2437 autem
663 2376 701 2436 ad
726 2371 955 2455 Quintilianum
978 2375 1014 2450 3,
1042 2376 1079 2448 7,
1102 2374 1134 2436 2.
1152 2372 1245 2435 dubi·

197 2488 336 2552 taverat,
353 2489 455 2540 utrum
474 2489 586 2540 contra
614 2474 787 2540 Curionem
803 2486 926 2557 patrem
950 2497 987 2537 an
1011 2486 1123 2538 contra
1146 2474 1243 2536 filium

200 2599 266 2643 sam
284 2576 401 2642 dixerit
420 2579 539 2644 Cicero
565 2591 659 2662 atque
684 2578 813 2641 Ellendt
829 2600 864 2659 p.
890 2576 930 2642 C.
946 2577 1045 2640 filium
1066 2575 1246 2659 intelligen-

199 2683 270 2742 dum
298 2693 399 2763 putat.
422 2685 484 2746 Sed
501 2681 632 2746 Scholia
654 2679 829 2745 Bobiensia
852 2680 1015 2744 veritatem
1041 2699 1194 2761 aperuere
1213 2676 1246 2744 in

202 2795 286 2846 orat.
316 2784 349 2847 in
378 2775 529 2850 Clodium
561 2796 592 2848 et
617 2784 792 2850 Curionem
818 2806 853 2866 p.
878 2784 952 2849 329.
977 2784 1053 2846 330.
1080 2783 1154 2846 331.

471 2980 499 3036 i.
538 2977 638 3036 Oratio
655 2996 708 3051 pro
729 2979 828 3050 Sergio
847 2979 965 3036 Naevio.

265 3105 1244 3194 Causaprivata.SergiusNaeviusTitiniamCottaeuxorem

196 3206 274 3270 fecit
294 3229 392 3273 ream.
414 3212 481 3273 Pro
498 3226 683 3275 accusatore
711 3211 791 3274 dixit
817 3210 939 3288 Curio,
955 3231 1017 3292 pro
1037 3233 1092 3272 rea
1108 3209 1242 3275 Cicero.

264 3309 383 3374 Cicero
407 3311 500 3374 Brut.
533 3315 588 3376 60.
640 3313 746 3378 Curio
774 3314 942 3378 memoria
962 3314 1013 3376 ita
1033 3311 1112 3400 fuit
1134 3315 1241 3387 nulla,

199 3424 237 3501 ut
258 3413 458 3498 aliquoties,
491 3415 564 3478 tria
596 3437 673 3477 cum
706 3417 964 3499 proposuisset,
996 3429 1058 3478 aut
1082 3428 1247 3500 quartum

198 3514 341 3577 adderet
356 3528 418 3578 aut
440 3517 582 3580 tertium
603 3531 794 3601 quaereret,
822 3520 882 3602 qui
902 3520 937 3583 in
961 3519 1090 3583 iudicio
1106 3518 1247 3601 priuato

199 3620 250 3678 uel
279 3616 456 3693 maximo,
493 3641 571 3682 cnm
595 3641 663 3702 ego
692 3642 761 3703 pro
794 3621 928 3683 Titinia
955 3623 1075 3686 Cottae
1101 3639 1248 3702 perora·

203 3717 339 3792 vissem,
370 3720 426 3781 ille
453 3733 575 3783 contra
606 3743 658 3783 me
680 3744 749 3805 pro
781 3723 905 3805 Sergio
937 3723 1073 3786 Naeuio
1103 3723 1243 3799 diceret,

200 3817 312 3883 subito
339 3832 447 3884 totam
479 3844 622 3886 causam
648 3825 773 3887 oblitus
797 3837 865 3899 est,
890 3824 991 3908 idque
1014 3825 1191 3902 ueneficiis
1213 3836 1247 3887 et

199 3920 453 3987 cantationibus
472 3925 625 3988 Titiniae
636 3924 786 4016 factum
807 3947 880 3990 esse
899 3926 1043 3988 dicebat.

263 4020 382 4088 Cicero
397 4024 429 4087 in
447 4027 589 4090 Oratore
602 4049 632 4088 c.
649 4027 703 4090 38.
737 4033 874 4112 Magno
890 4048 1024 4108 semper
1040 4026 1095 4088 usi
1116 4024 1246 4104 impetu

168 4144 171 4150 ’
197 4144 300 4206 saepe
332 4127 554 4190 adversarios
581 4127 622 4189 de
649 4140 743 4190 statu
774 4131 868 4194 omni
898 4127 1094 4189 deiecimus.
1128 4124 1240 4188 Nobis

194 4247 262 4307 pro
282 4224 473 4317 familiari
511 4250 571 4290 reo
608 4251 763 4294 summus
796 4243 917 4294 orator
960 4245 1029 4287 non
1066 4226 1242 4306 respondit

199 4328 421 4392 Hortensius.
454 4331 488 4392 A
510 4331 607 4396 nobis
639 4333 741 4395 homo
770 4326 1024 4394 audacissimus
1048 4327 1194 4391 Catilina
1208 4330 1245 4393 in
