2966 4842
263 395 324 456 532

334 549 456 613 Plinius
482 549 568 612 Hist.
595 551 671 611 Nat.
697 550 754 622 16,
779 549 837 623 ll,
862 549 914 610 st.
961 549 1025 611 Est
1058 548 1092 607 in
1125 545 1328 608 suburbano

271 652 463 718 Tusculani
484 653 566 734 agri
587 654 671 714 colle
692 653 791 713 lucus
820 649 964 733 antiqua
993 648 1160 732 religione
1184 647 1326 712 Dianae

270 766 429 818 sacratus
449 775 472 816 a
495 755 596 816 Latio
620 755 710 815 velut
730 763 807 814 arte
824 751 941 814 tonsili
954 771 1054 814 coma
1064 748 1178 840 fagei
1208 771 1327 812 nemo·

270 857 329 919 ris.
373 859 414 920 In
438 858 502 919 hoc
523 856 683 918 arborem
705 853 872 922 eximiam
892 865 1036 917 aetate
1058 865 1211 918 nostra
1232 855 1319 914 ada·

274 959 378 1020 mavit
401 957 633 1022 Passienus
660 958 846 1040 Crispus
878 957 941 1019 bis
971 958 1139 1031 consul,
1175 967 1317 1030 orator,

273 1059 489 1143 Agrippinae
518 1059 741 1123 matrimonio
769 1071 802 1121 et
831 1061 972 1123 Nerone
999 1057 1161 1141 priuigno
1195 1058 1324 1120 clarior

265 1174 397 1244 postea,
416 1162 567 1226 osculari
580 1161 823 1245 complectique
835 1181 911 1224 eam
926 1161 1062 1235 solitus,
1081 1160 1183 1224 modo
1197 1159 1322 1222 cubare

271 1266 334 1330 sub
355 1285 397 1326 ea
418 1266 599 1349 vinumque
621 1265 672 1326 illi
694 1261 888 1352 offundere.

305 1414 385 1454 aetate
404 1405 502 1466 nostra]
538 1413 614 1454 aetate
638 1409 711 1463 ipsius
732 1409 814 1465 Plinii,
835 1409 873 1465 qui
893 1415 960 1453 uatus
979 1424 1001 1452 a.
1024 1405 1070 1453 775
1093 1405 1137 1466 (23
1153 1423 1176 1463 p.
1198 1406 1257 1464 Ch.)
1278 1422 1322 1453 ex-

345 1497 431 1540 tinctus
453 1501 489 1540 est
511 1508 533 1540 a.
557 1489 603 1540 831
627 1493 691 1550 iti).
1167 1493 1171 1502 ’

307 1585 347 1627 bie
365 1578 464 1644 consul]
503 1584 558 1628 lasti
577 1587 717 1630 consulares
735 1587 815 1630 silent.
837 1597 880 1630 nee
897 1587 1049 1629 coniecturas
1063 1588 1169 1629 vinorum
1187 1587 1321 1636 domorum,

341 1677 365 1716 ut
385 1672 471 1726 ursui
493 1673 521 1717 ad
536 1672 615 1717 Tacit.
636 1675 723 1718 Annal-
748 1670 773 1728 6,
792 1669 834 1732 22,
854 1671 881 1717 2.
901 1679 991 1728 certas,
1012 1674 1061 1716 imo
1078 1673 1163 1718 taleas.

305 1757 474 1819 Agrippinas]
511 1774 571 1818 quaa
591 1766 674 1813 postea
693 1739 796 1804 Claudio
817 1761 956 1816 imperatori
976 1762 1055 1815 nupsit
1075 1775 1098 1805 a.
1114 1758 1162 1805 802
1177 1758 1244 1821 (49).
1259 1761 1320 1805 'iae

341 1848 424 1894 tunel.
447 1845 488 1899 12,
510 1842 535 1890 6.
572 1845 662 1890 Eekhei
683 1847 798 1891 Doctrina
821 1847 954 1892 Nuinormu
979 1847 1010 1896 Τ.
1037 1845 1062 1892 6.
1083 1862 1106 1902 p.
1129 1845 1189 1893 255.

309 1931 407 1976 Narona
427 1932 563 1994 priuigno]
602 1937 661 1978 uude
681 1931 787 1992 Crispus
808 1933 946 1980 Passienus
974 1937 1071 1979 vitricus
1099 1934 1202 1980 Neronis
1224 1937 1320 1980 dicitur.

342 2021 409 2064 Suet.
433 2020 509 2066 Nera.
529 2020 553 2065 6.

336 2139 514 2203 Scholiasta
530 2141 688 2206 luvenalis
712 2143 741 2217 l,
765 2140 815 2204 81.
863 2141 992 2206 Venit
1013 2153 1053 2204 et
1075 2143 1225 2225 Crispi
1251 2145 1323 2204 iu·

270 2242 412 2305 cunda
433 2254 647 2306 senectus.
693 2243 848 2326 Crispus,
872 2243 995 2328 inquit,
1018 2244 1193 2326 municeps
1207 2245 1318 2309 Visel-

273 2344 401 2422 liensis,
423 2345 586 2410 tirocinio
608 2367 672 2411 suo
707 2346 742 2408 in
773 2358 896 2408 senatu
928 2345 978 2407 ita
1005 2346 1118 2427 coepit
1150 2349 1321 2420 ,Patres

273 2448 522 2530 conscripti
552 2459 590 2511 et
620 2459 664 2512 tu
685 2451 885 2524 caesar-¹¹,
921 2461 1065 2532 propter
1102 2449 1194 2531 quod
1220 2449 1325 2511 simul

274 2549 431 2614 oratione
450 2550 645 2634 plenissime
670 2571 694 2612 a
721 2551 862 2614 Tiberio
886 2552 1121 2626 collaudatus,
1150 2551 1323 2634 plurimas

272 2663 392 2734 sponte
415 2673 539 2716 causas
560 2654 654 2736 apud
676 2654 905 2717 centumuiros
933 2654 1022 2738 egit,
1043 2677 1112 2738 pro
1133 2676 1202 2739 qua
1226 2678 1264 2716 re
1286 2654 1324 2717 in

272 2754 415 2817 basilica
434 2755 529 2820 Iulia
551 2756 624 2818 eius
648 2768 766 2819 statua
786 2756 906 2838 posita
925 2768 989 2820 est.
1010 2760 1218 2822 Consulatus
1234 2756 1325 2818 duos

276 2857 397 2941 gessit,
415 2878 546 2921 uxores
560 2857 678 2920 babuit
694 2859 795 2935 duas,
810 2857 961 2942 primam
976 2859 1179 2934 Domitiam,
1200 2858 1324 2920 deinde

272 2958 524 3044 Agrippinam,
563 2960 658 3022 illam
686 2961 848 3036 amitam,
878 2963 964 3024 hanc
995 2973 1139 3024 matrem
1167 2957 1323 3026 Neronis

272 3063 444 3130 Caesaris.
463 3063 619 3147 possedit
643 3064 694 3128 bis
717 3063 808 3126 mille
828 3063 1000 3127 sestertia.
1046 3063 1209 3128 Omnium
1224 3063 1322 3146 prin·

269 3161 383 3244 cipum
421 3167 576 3246 gratiam
632 3167 816 3249 adpetivit,
850 3165 911 3228 sed
936 3165 1122 3250 praecipue
1147 3165 1320 3241 Caesaris,

274 3287 374 3350 quem
396 3265 463 3329 iter
479 3265 679 3358 facientem
700 3281 837 3331 secutus
859 3279 910 3330 est
934 3268 1092 3351 pedibus.
1136 3268 1202 3333 Hic
1226 3269 1323 3331 nullo

271 3367 432 3430 audiente
468 3389 491 3432 a
523 3372 662 3436 Nerone
696 3370 954 3453 interrogatus,
996 3371 1195 3446 haberetne,
1233 3369 1323 3432 sicut

271 3471 356 3554 ipse,
381 3490 459 3533 cum
479 3493 600 3537 sorore
626 3492 795 3554 germana
821 3471 1130 3565 consuetudinem?
1152 3473 1318 3546 nondum,

272 3571 401 3658 inquit,
425 3574 642 3658 quantumvis
664 3573 821 3637 decenter
834 3585 868 3639 et
882 3585 994 3638 caute.
1012 3595 1054 3638 ne
1078 3587 1140 3638 aut
1162 3574 1325 3658 negando

272 3696 351 3736 eum
366 3688 543 3758 argueret,
560 3689 622 3740 aut
632 3676 855 3740 adsentiendo
867 3688 973 3740 semet
987 3679 1166 3742 mendacio
1175 3678 1321 3740 dehone·
1405 3715 1413 3724 =

272 3788 394 3840 staret.
438 3779 546 3842 Periit
564 3801 628 3860 per
649 3777 819 3861 fraudem
840 3779 1070 3864 Agrippinae,
1093 3801 1198 3865 quam
1219 3781 1316 3842 here-

272 3878 349 3941 dem
370 3881 575 3965 reliquerat,
600 3892 634 3942 et
641 3879 781 3969 sunere
808 3880 946 3980 publico
967 3884 1078 3946 elatus
1098 3894 1162 3946 est.

305 4000 400 4064 Crispi]
436 4005 555 4050 luvenalis
575 4002 675 4052 Vibium
695 4001 812 4064 Crispum
833 4007 963 4068 iutelligit,
993 4011 1023 4054 tls
1048 4022 1095 4068 qao
1115 4009 1179 4054 iutra
1201 4010 1320 4060 dieamus,

341 4092 470 4137 scholiasta
493 4098 586 4155 autem,
608 4108 691 4139 errore
715 4096 843 4148 deceptus,
865 4096 978 4152 Crispum
1003 4097 1147 4142 Passienum
1169 4099 1216 4142 huc
1237 4097 1319 4142 traxit.

343 4177 429 4224 Oinnia
446 4182 518 4235 euim,
540 4195 599 4238 quse
613 4184 641 4227 de
657 4182 744 4237 Crispo
759 4183 802 4226 hoc
816 4186 869 4228 loco
882 4184 971 4238 retest,
986 4185 1014 4228 ad
1028 4183 1170 4231 Passienum
1180 4183 1256 4229 lilium
1266 4197 1321 4240 per·
1371 4234 1375 4243 s

341 4269 423 4320 tinent,
445 4282 490 4312 uon
513 4269 541 4312 ad
565 4265 663 4318 Vibium
683 4270 804 4324 Crispum.
844 4269 914 4315 Ceut.
936 4271 1030 4326 Lipsius
1060 4273 1082 4316 in
1105 4271 1165 4321 Eae.
1186 4275 1215 4315 ait
1240 4271 1319 4316 Tacit.

341 4353 424 4395 Aunai.
448 4351 486 4396 tt.
516 4354 538 4400 ⁶.
