2976 4844
405 571 452 629 61.
486 571 585 630 Oratio
606 590 658 646 pro
684 581 837 631 secontia
861 571 1057 631 uersuum.

226 768 228 774 ·
272 722 439 806 Suspicor,
466 725 546 786 hauc
570 724 750 787 orationem
776 744 806 787 a.
828 725 886 786 601
911 725 1000 804 (153)
1017 722 1130 786 dictam
1153 736 1185 787 et
1206 725 1255 791 iu·

206 826 412 910 telligcudum
441 823 483 890 C.
510 825 656 890 Cassium
684 826 891 910 Longinum,
923 826 979 912 qui
1008 849 1047 892 co
1072 826 1145 909 ipso
1172 849 1254 893 anno

207 949 324 994 censor
350 929 423 992 fuit.
470 928 555 994 Cato
590 951 646 992 sex
678 941 710 992 et
737 929 907 1012 octogiuta
940 941 1004 992 turn
1037 951 1135 994 annos
1164 941 1255 993 natus

206 1044 293 1107 erat,
321 1031 365 1107 si,
390 1044 426 1095 ut
451 1030 566 1093 Livius
587 1032 741 1108 tradidit,
770 1052 853 1095 anno
880 1033 941 1096 515
965 1033 1055 1110 (239)
1078 1044 1169 1096 natus
1193 1045 1253 1097 est.

207 1141 258 1199 Ac
281 1133 390 1198 nescio
418 1155 457 1196 au
485 1133 600 1197 Livius
626 1134 694 1216 ipse
727 1133 818 1196 huius
845 1157 957 1198 causae
981 1135 1096 1199 fecerit
1119 1135 1254 1199 mentio·

205 1261 276 1302 uem
297 1237 356 1300 lib.
381 1237 433 1311 39,
456 1237 509 1299 40.
558 1241 668 1311 Cata,
701 1259 802 1320 quem
831 1259 873 1300 ne
903 1251 1061 1301 senectus
1094 1239 1251 1321 quidem,

205 1363 293 1425 quae
319 1341 420 1403 solvit
446 1339 583 1414 omnia,
601 1339 785 1430 fregerit,
812 1340 870 1423 qui
893 1353 1033 1402 sextum
1056 1352 1089 1403 et
1114 1353 1253 1422 octoge-

205 1444 333 1506 simum
365 1464 496 1505 annum
523 1463 632 1525 agens
663 1464 805 1504 causam
836 1444 990 1516 dixerit,
1027 1444 1100 1524 ipse
1125 1465 1192 1524 pro
1217 1465 1254 1504 se

205 1547 357 1610 oraverit
391 1546 659 1628 scripseritque,
697 1545 924 1628 nonogesimo
950 1567 1043 1608 anno
1070 1549 1145 1609 Ser.
1171 1547 1254 1608 Gal-

204 1651 282 1712 bam
308 1649 355 1710 ad
377 1649 499 1732 populi
521 1649 713 1711 adduxerit
738 1649 918 1710 iudicium.
976 1647 1130 1710 Valerius
1157 1647 1253 1710 Max.

204 1751 263 1814 lib.
289 1751 321 1828 8,
349 1753 378 1826 7,
408 1755 439 1813 1.
485 1755 574 1815 Cato
605 1763 746 1814 sextum
777 1763 813 1813 ee
844 1751 1094 1833 octogesimam
1124 1771 1254 1813 annam

203 1875 326 1938 agens,
354 1855 437 1916 dum
459 1855 495 1916 in
520 1854 696 1937 republica
720 1854 849 1916 tuenda
875 1853 1015 1916 iuuenili
1037 1854 1154 1916 animo
1173 1876 1253 1935 per·

203 1969 296 2032 slot,
327 1958 371 2018 ab
403 1957 554 2019 inimicis
581 1957 722 2038 capitali
750 1955 893 2018 crimine
918 1969 1124 2028 accusatus,
1153 1977 1254 2018 suam

203 2081 347 2122 causam
374 2061 470 2143 egit,
508 2079 616 2142 neque
648 2072 710 2121 aut
737 2059 940 2121 memoriam
969 2058 1043 2121 eius
1069 2058 1254 2142 qaisquam

203 2163 397 2226 tardiorem
433 2173 496 2224 aut
534 2162 751 2238 firmitatem
789 2161 919 2223 lateris.
949 2163 1021 2223 ulla
1064 2183 1111 2223 ex
1151 2172 1254 2242 parte

148 2262 150 2266 ⁴
208 2277 423 2349 quassatam,
452 2276 515 2326 aot
544 2284 585 2326 os
610 2263 837 2328 haesitatione
866 2263 1069 2346 impeditum
1096 2264 1254 2326 animad-

203 2369 317 2443 vertit,
341 2369 424 2452 quia
447 2368 565 2429 omnia
590 2367 660 2430 ista
682 2367 718 2430 in
742 2377 839 2428 stata
864 2388 929 2429 sao
953 2367 1090 2449 aequali
1112 2387 1153 2428 oc
1174 2388 1254 2448 per·

200 2482 309 2553 petuo
332 2470 509 2532 industria
531 2469 741 2532 continebat.
787 2468 879 2550 Quia
899 2469 1004 2531 etiam
1021 2470 1057 2530 in
1080 2469 1157 2550 ipso
1176 2469 1254 2530 dia·

202 2574 336 2638 tisaime
360 2585 459 2636 actae
482 2572 573 2635 vitae
593 2572 675 2649 fine
698 2571 920 2633 disertissimi
946 2569 1101 2632 oratoris
1125 2570 1254 2632 Galbae

202 2675 419 2738 accusationi
453 2674 694 2766 defensionem
726 2694 827 2736 suam
852 2695 919 2756 pro
946 2672 1121 2754 Hispania
1146 2693 1254 2754 oppo-

201 2779 286 2841 suit.

266 2879 460 2944 Plutarchus
498 2879 572 2944 Cat.
604 2879 655 2943 15.
701 2881 848 2964 Λέγεται
879 2873 991 2965 ὀλίγον
1025 2871 1256 2954 ἀπολιπούσας

202 2984 266 3050 τῶν
299 2969 500 3066 ιιεντήιιαντα
534 2989 651 3077 φυγεῖν
680 2984 789 3064 δίκας,
818 2982 898 3070 μίαν
931 2983 966 3047 δὲ
998 2981 1188 3047 τελευταίαν
1221 2975 1256 3060 ἓξ

202 3085 258 3167 ἔτη
280 3093 337 3152 καὶ
359 3082 564 3173 ὀγδοήκοντα
586 3083 741 3172 γεγονὼς·
769 3085 803 3152 ὲν
827 3075 847 3180 ᾗ
870 3089 925 3150 καὶ
945 3079 989 3150 τὸ
1013 3077 1255 3171 μνημονευόμε-

202 3214 259 3257 νον
281 3181 377 3270 εἶπεν,
404 3185 453 3267 ὡς
474 3185 650 3276 χαλεπόν
675 3191 789 3256 ἐστιν
818 3191 857 3255 ἐν
882 3184 1028 3264 ἄλλοις
1051 3180 1254 3271 βεβιωκό-

201 3317 252 3358 τα
277 3287 548 3381 ἀνθρώποις,
570 3293 611 3359 ἐν
633 3288 784 3370 ἄλλοις
807 3287 1154 3377 ἆπολογεῖσθαιμ
1182 3289 1254 3353 Καὶ

202 3395 302 3461 τοῦτο
339 3399 443 3484 πέρας
479 3391 539 3460 οὐκ
576 3389 755 3474 ἐποιήσατο
792 3396 856 3461 τῶν
891 3388 1046 3480 ἀγώνων,
1085 3385 1253 3479 τεσσάρων

202 3491 234 3562 δ’
249 3493 358 3563 ἄλλων
376 3497 533 3566 ἐνιαυτῶν
555 3492 760 3564 διελθόντων
781 3499 951 3588 Σερουΐου
966 3489 1086 3580 Γάλβα
1108 3487 1251 3578 κατηγό-

202 3622 301 3688 ρησεν
324 3595 533 3668 ἐννενιῗκοντα
558 3596 699 3686 γεγονὼς
722 3598 788 3680 ἔτη.

237 3741 367 3806 χαλεπόν
389 3743 465 3806 ἐστι]
499 3747 661 3806 fragmentum
692 3745 810 3790 orationis
839 3749 958 3803 nostrae,
992 3757 1039 3800 qua
1066 3746 1093 3788 de
1124 3743 1254 3800 loquimur.

272 3835 367 3879 Eadem
394 3834 468 3878 rerba
497 3849 511 3878 a
534 3835 635 3878 Valerio
656 3833 765 3876 Maximo
788 3829 812 3888 3,
834 3829 857 3880 l.
880 3831 904 3878 8.
926 3832 1031 3876 Aemilio
1051 3833 1142 3876 Scauro
1161 3829 1256 3873 oratori

271 3923 429 3968 tribuuntur:
460 3927 544 3968 narrat
568 3923 650 3976 enim,
673 3923 790 3966 Scaurum
809 3923 833 3966 iu
855 3922 964 3966 oratione
985 3933 1030 3975 pro
1051 3933 1077 3964 sc
1101 3925 1185 3964 contra
1207 3919 1256 3962 Vs*

270 4014 335 4055 rium
354 4011 414 4056 haec
435 4011 543 4056 dixisse:
568 4007 616 4054 Est
636 4009 759 4068 iniquum,
783 4008 905 4070 Quirites.
929 4021 986 4052 cum
1007 4007 1073 4052 inter
1096 4008 1162 4052 alios
1185 4006 1254 4051 rixa·

271 4099 332 4154 rim,
356 4097 427 4157 opud
447 4099 513 4142 allos
532 4111 571 4142 me
592 4098 716 4144 rationem
735 4098 800 4142 citae
822 4096 938 4141 reddere.

267 4217 394 4282 Gellius
422 4221 473 4294 10,
495 4217 547 4280 tt.
581 4221 638 4282 M.
664 4219 751 4280 Cato
785 4237 853 4298 pro
881 4237 917 4277 se
948 4223 1071 4275 contra
1099 4215 1138 4276 0·
1172 4214 1255 4275 Cas·
1296 4286 1314 4309 N

201 4321 314 4394 aium:
342 4320 456 4405 Atque
481 4320 591 4384 evenit
614 4320 683 4394 ita,
710 4317 886 4399 Quirites,
911 4314 963 4376 ati
987 4313 1024 4375 in
1049 4316 1114 4376 lzac
1135 4325 1255 4377 eonta-
