2984 4842
1202 371 1261 433 877

212 585 261 669 20.
302 583 403 639 Oratio
425 599 475 653 pro
504 581 597 652 Applo
619 581 740 638 Claudio
767 581 890 637 Pulchro
916 585 1015 638 contra
1043 579 1072 638 P.
1099 581 1264 640 Cornelium

637 677 829 732 Dolabellam.

278 810 360 870 Acta
380 818 426 868 est
445 828 537 868 causa
562 828 589 869 a.
615 809 675 867 700
695 809 777 883 (50).
807 809 934 890 Appius
951 808 1106 871 Claudius
1123 810 1262 873 Pulcher

214 910 325 974 consul
348 931 377 970 a.
404 912 465 970 700
488 909 573 985 (50),
600 915 770 992 postquam
793 930 822 970 a.
851 910 909 970 703
934 911 1002 988 (51)
1024 909 1171 975 eCilicia
1186 932 1263 991 pro·

215 1011 320 1074 vincia
343 1013 480 1074 Romam
506 1022 574 1073 erat
597 1031 763 1084 reversus,
790 1032 805 1071 a
833 1012 873 1073 P.
902 1009 1006 1074 Corn.
1034 1012 1203 1076 Dolabella
1226 1016 1265 1074 de

214 1114 374 1176 maiestate
398 1124 565 1174 accersatur
587 1115 698 1176 5.·700
716 1114 798 1193 (50).
825 1113 1016 1176 Hortensius
1034 1126 1065 1177 et
1082 1117 1134 1178 Ma
1153 1114 1261 1178 Iunius

214 1219 352 1288 Brutus,
379 1214 477 1296 Appii
500 1235 616 1296 gener,
645 1238 713 1277 eum
744 1216 967 1279 defenderunt.
997 1217 1175 1279 Absolutus
1202 1228 1261 1280 est.

215 1318 287 1383 Cic.
305 1320 344 1380 ad
359 1315 460 1379 famil.
480 1318 574 1390 VIII,
591 1318 622 1379 ό.
643 1319 695 1380 13.
713 1319 777 1394 lll,
796 1319 839 1380 ΙΙ.
862 1319 1024 1382 Drumann
1041 1330 1065 1379 t.
1083 1320 1113 1380 2.
1130 1341 1164 1399 p.
1186 1321 1258 1384 190.

278 1419 350 1485 Cic.
384 1421 478 1481 Brut.
511 1420 563 1482 50.
622 1421 832 1484 Hortensius
865 1442 931 1500 pro
966 1421 1080 1502 Appio
1114 1423 1260 1486 Claudio

214 1523 306 1584 dixit
325 1523 432 1602 paulo
454 1535 533 1584 ante
561 1534 719 1584 mortem.

279 1623 365 1689 lbid.
380 1647 409 1686 c.
429 1627 484 1698 90,
503 1625 573 1692 stt.
617 1625 827 1688 Hortensius
847 1637 972 1708 quarto
987 1637 1020 1686 et
1039 1627 1264 1714 sexagesimo

213 1749 306 1790 anno
324 1728 509 1810 perpaucis
531 1738 612 1788 ante
636 1739 781 1788 mortem
804 1727 921 1789 diebus
945 1747 1015 1788 rina
1034 1738 1144 1789 tecum
1167 1749 1261 1791 soce·

215 1854 292 1893 rum
314 1843 411 1892 tuum
435 1828 594 1918 dffendit
619 1828 783 1910 Appium.

569 2025 616 2080 27.
659 2024 753 2082 Causa
772 2025 908 2082 Marciae.

280 2157 472 2220 Duebnerus
495 2177 527 2236 p.
557 2155 617 2216 288
643 2154 771 2216 scribit:
799 2156 980 2234 „Marciae
1000 2177 1141 2219 causam
1165 2158 1264 2222 addit

216 2263 378 2342 Eggerus
405 2280 452 2320 ex
474 2258 681 2340 Quintiliani
718 2257 828 2319 verbis
860 2259 918 2331 10,
942 2259 976 2332 5,
1001 2259 1052 2320 13.
1079 2261 1204 2325 Veniat
1224 2261 1260 2323 in

180 2403 184 2409 -
215 2361 395 2439 iudicium,
423 2363 510 2424 Cato
538 2359 711 2431 Marciam
737 2361 920 2420 honestene
950 2360 1134 2422 tradiderit
1168 2365 1259 2424 Hor-

216 2463 370 2524 tensi09“
388 2463 507 2523 -Sed
528 2482 563 2522 ea
589 2482 680 2523 causa
701 2461 762 2520 huc
781 2481 844 2521 non
863 2459 1018 2540 pertinet,
1041 2483 1100 2524 nec
1116 2464 1262 2524 Horten-

217 2564 297 2626 sium
314 2586 458 2648 umquam
475 2585 598 2626 causam
612 2559 757 2625 Marciae
771 2560 873 2644 egisse
884 2560 1040 2625 arbitror.
1053 2565 1150 2643 Apud
1160 2563 1261 2645 Quin·
1372 2558 1373 2562 ¹

216 2665 357 2727 tilianam
381 2687 486 2728 sermo
505 2677 551 2728 est
578 2667 616 2726 de
645 2663 792 2735 Marcia,
824 2683 904 2746 quae
936 2684 1020 2726 uxor
1047 2665 1100 2726 Μ.
1126 2664 1262 2728 Catonis

217 2779 295 2842 erat,
318 2771 372 2830 sed
396 2767 539 2830 divortio
566 2766 654 2828 sacto
677 2763 857 2828 Hortensio
881 2764 1003 2845 nupsit,
1028 2778 1059 2828 et
1081 2767 1260 2834 Hortensio

217 2880 345 2932 mortuo
372 2873 475 2932 denno
503 2867 738 2931 matrimonium
762 2890 833 2930 curn
866 2866 992 2931 Catone
1016 2870 1259 2953 redintegravit.

216 2974 309 3059 Hanc
337 2994 403 3033 rem
432 2972 474 3034 ita
508 2993 539 3034 se
573 2973 706 3045 habere,
746 2982 877 3033 testatur
909 2969 1091 3048 Munatius,
1129 2970 1262 3036 Catonis

217 3073 353 3147 amicus,
386 3077 468 3155 apud
499 3074 705 3137 Plutarchum
741 3071 812 3136 Cat.
842 3073 918 3135 min.
954 3073 1005 3136 57.
1052 3074 1115 3136 Sed
1141 3073 1261 3138 Caesar

216 3175 334 3260 aliique
363 3175 484 3238 inimici
511 3175 644 3241 Catonis
677 3174 763 3257 turpi
790 3197 859 3238 eum
887 3177 1040 3238 calumnia
1069 3175 1260 3253 afficiebant,

215 3291 374 3362 tarnquam
391 3277 474 3343 Cato
492 3277 669 3342 Hortensio
693 3299 755 3341 non
781 3277 922 3342 divortio
946 3278 1051 3353 iacto,
1076 3282 1130 3342 sed
1147 3292 1261 3362 sponte

217 3401 352 3445 uxorem
387 3403 472 3442 suam
509 3381 703 3456 tradidisset,
745 3392 775 3442 et
814 3382 999 3445 rhetoribus
1038 3380 1152 3445 otiosis
1182 3385 1261 3446 haec

218 3483 346 3544 materia
373 3484 512 3544 obscena
533 3485 736 3544 vehementer
761 3483 918 3563 placuisse
947 3483 1083 3546 videtur.
1109 3484 1262 3570 thtling

218 3585 339 3646 Gesch.
359 3587 390 3647 d.
412 3589 497 3646 rtim.
524 3584 718 3646 Staatsverf..
737 3607 771 3664 p.
800 3585 839 3647 95
867 3585 1029 3650 verissime
1055 3607 1122 3648 rem
1146 3586 1261 3650 diiudi-

218 3685 314 3746 carit.
343 3684 443 3749 Cous.
468 3687 633 3750 Drumann
661 3697 684 3754 t.
709 3687 737 3753 3.
760 3707 794 3766 p.
817 3689 890 3748 107.

679 3862 797 3918 Incerta.

282 3989 355 4059 Cic.
384 3995 484 4055 Verr.
516 3994 592 4055 Aet.
624 4015 691 4056 sec.
723 3993 781 4056 lib.
814 3997 851 4069 5,
879 3997 929 4058 18.
982 3996 1068 4060 Noli
1098 4005 1258 4072 metuere,

217 4095 403 4168 Hortensi,
425 4116 466 4156 ne
488 4115 670 4178 quaeram,
695 4096 756 4178 qui
773 4095 906 4158 licuerit
928 4094 1118 4171 aedificare
1140 4115 1259 4159 nauem

216 4196 384 4258 senatori.
421 4195 592 4278 Antiquae
608 4207 685 4261 sant
701 4197 789 4260 istae
804 4200 897 4280 leges
912 4207 945 4259 et
964 4206 1133 4270 mortuae,
1146 4217 1261 4280 quem·

215 4296 405 4360 admodum
430 4308 469 4358 tu
493 4298 582 4359 soles
605 4295 734 4371 dicere,
757 4320 845 4380 qaae
869 4306 994 4358 vetant.
