2966 4842
237 360 297 426 496

240 519 345 602 gutur
366 525 455 580 esset
479 533 525 576 nn
540 512 748 596 Sosipater?
771 515 827 578 An
846 513 900 576 hic
921 513 967 576 sit
987 531 1034 576 eor
1056 512 1200 578 Urbinia
1225 530 1291 577 nn·

241 630 299 683 tus
321 617 496 684 Clusinius
514 617 684 700 Figulus?

308 718 445 802 Quintil.
471 720 499 794 l,
527 719 558 794 2,
587 719 640 794 26,
684 720 726 801 ln
751 718 810 780 lite
832 715 1021 780 Urbiniana
1040 715 1171 799 petitor
1193 717 1290 793 dicit,

237 821 429 888 Clusinium
455 821 633 904 lignium,
653 819 777 898 fllium
804 818 985 894 Urbiniae,
1016 819 1089 882 acie
1112 819 1218 895 uicta,
1248 821 1286 883 in

237 945 306 1010 qua
326 935 480 997 steterat,
495 920 658 1014 fugisse,
682 923 913 1006 iactatumque
934 919 1070 984 casibus
1093 921 1213 996 variis,
1236 945 1291 985 re·

236 1037 368 1089 tentum
390 1024 497 1088 etiam
522 1045 546 1086 a
568 1047 661 1108 rege,
685 1024 823 1088 tandem
849 1023 885 1085 in
907 1022 1048 1087 Italiam
1068 1043 1109 1085 oc
1133 1023 1290 1106 patriam

238 1149 340 1193 suam
369 1127 558 1210 Murginos
591 1127 718 1191 uenisse
749 1137 852 1210 atque
883 1125 930 1191 ibi
962 1125 1118 1208 agnosci.
1178 1125 1296 1197 Pollio¹

239 1241 380 1294 eontra:
405 1228 551 1292 seruisse
569 1250 648 1292 eum
672 1227 812 1292 Pisauri
833 1227 982 1290 dominis
1007 1226 1154 1300 duobus,
1180 1225 1290 1288 medi-

238 1333 352 1396 cinam
367 1327 580 1421 factitasse,
604 1351 710 1396 manu
737 1329 881 1392 missum
902 1329 1035 1393 alienae
1068 1349 1104 1392 ee
1117 1325 1292 1416 junilius

238 1433 349 1498 uenali
379 1433 622 1510 immiscuisse,
653 1454 677 1494 a
702 1453 739 1495 se
765 1442 964 1513 rogantem,
997 1441 1036 1492 ut
1067 1430 1100 1492 ei
1129 1429 1288 1504 serviret,

234 1548 399 1618 emptum.
445 1536 560 1598 Nonne
582 1533 700 1598 totalis
721 1543 845 1597 constat
862 1535 993 1595 duarum
1018 1553 1184 1594 causarum
1199 1552 1289 1596 uuiu-

239 1637 406 1719 paratione
433 1647 464 1700 et
489 1635 674 1700 coniectura
699 1634 817 1718 duplici
840 1645 935 1718 utque
962 1632 1112 1697 diversa?

275 1797 377 1857 petitor]
414 1799 544 1843 Lebienus.

282 1884 429 1946 Margince]
466 1884 544 1930 Locus
562 1885 667 1943 ignotus.
704 1879 869 1928 Marrucinos
890 1887 930 1927 eut
948 1881 1097 1928 Marrubios
1115 1883 1212 1928 coniicit
1229 1879 1292 1926 Gle-

310 1973 365 2016 bert
387 1972 467 2027 Cuper
489 1973 513 2016 in
531 1985 592 2016 nors
611 1971 707 2030 Sylloge
724 1971 898 2026 Epistularum.
936 1968 1079 2032 Matrinus,
1098 1970 1164 2015 erbis
1186 1969 1289 2024 Cemps-

306 2061 371 2114 niee,
392 2060 480 2104 Strabo
498 2064 522 2104 et
534 2060 647 2104 Mennert
662 2058 732 2102 ltstic
752 2057 776 2105 l.
795 2072 819 2114 p.
841 2053 902 2104 7⁵3.
920 2059 1010 2104 ieeiunt
1023 2061 1176 2106 mentionem.
1192 2057 1283 2102 Eadem

306 2149 411 2192 fortusse
435 2152 480 2202 est,
501 2149 567 2191 cuius
587 2147 748 2203 Quintilianus
767 2146 885 2192 meminit.

286 2264 435 2346 Quintil.
457 2265 487 2340 8,
511 2266 542 2341 3,
560 2266 610 2333 32.
653 2265 727 2330 Nec
749 2285 772 2326 u
795 2264 903 2328 uerbis
925 2263 1028 2326 modo
1050 2262 1112 2326 sed
1132 2282 1156 2323 a
1178 2261 1291 2324 nomi·

233 2368 333 2431 nibus
356 2385 490 2451 quoque
515 2367 670 2430 deriuuta
693 2378 774 2431 sunt
799 2365 988 2450 quaedam,
1015 2375 1054 2427 ut
1075 2385 1099 2426 a
1124 2363 1289 2428 Cicerone

196 2469 477 2535 ‘Sullaturit
510 2481 544 2532 et
577 2469 621 2531 ab
661 2467 784 2533 Asinio
822 2467 1110 2531 Fimbriatum
1144 2475 1178 2528 et
1222 2465 1283 2528 Fi·

237 2574 454 2655 gulatum.

270 2711 427 2775 figulatum]
464 2715 577 2774 Spalding
594 2717 704 2760 adnotett
725 2715 786 2774 „hoc
805 2715 873 2770 plene
908 2727 994 2759 censeo
1014 2717 1152 2768 usurpatum
1164 2711 1289 2756 nbAsinio

303 2801 414 2846 Pollione
433 2801 457 2846 in
476 2815 549 2846 reuss
569 2802 716 2856 Urbiniana,
739 2802 777 2845 ubi
797 2801 899 2854 dixerit,
929 2801 1077 2856 sosipatrum
1098 2800 1165 2844 illum
1191 2810 1288 2842 servum

303 2895 401 2945 repente
420 2889 490 2933 nobie
509 2903 563 2934 esse
582 2888 728 2948 Flgulatum
746 2890 763 2932 i.
786 2903 809 2932 e.
831 2888 964 2932 Clusinium
982 2889 1093 2946 Figulum
1111 2880 1229 2930 lectum.“
1249 2907 1280 2920 -

306 2975 472 3021 Fimbriatum
491 2977 588 3022 Asinius
609 2976 713 3021 iorteese
737 2977 760 3020 ie
785 2977 894 3020 cretione
913 2980 1001 3019 contra
1026 2972 1161 3018 meledicta
1183 2971 1287 3018 Antonii

303 3064 334 3109 de
354 3066 408 3118 ipso
427 3065 541 3118 Antonio,
563 3067 588 3108 ut
606 3064 646 3120 qui
665 3063 748 3108 lurore
767 3063 889 3108 Fimbrise
908 3063 994 3106 similis
1020 3066 1094 3118 esset,
1114 3061 1183 3106 dixit.

311 3180 447 3260 Quintil.
476 3181 640 3256 9,3,13.
689 3183 793 3246 Nunc
832 3181 958 3243 evaluit
994 3179 1122 3250 rebus¹
1155 3195 1290 3259 agen·

233 3283 367 3356 tibus,
397 3282 488 3363 quod
516 3282 625 3344 Pollio
651 3281 688 3343 in
715 3283 868 3346 Labieno
891 3282 1057 3353 damnat,
1080 3291 1113 3342 et
1135 3291 1288 3342 contu·

236 3382 410 3446 melium
430 3378 567 3468 fecit,
592 3383 684 3464 quod
704 3402 728 3444 u
749 3384 911 3450 Cicerone
935 3381 1138 3464 reprehendi
1164 3392 1285 3442 notum

241 3497 306 3548 esi.

270 3608 359 3669 Pollio]
396 3611 547 3666 vituperabat
564 3609 696 3656 Lebienum
715 3615 814 3667 propter
832 3611 915 3656 sitium
939 3609 1074 3661 sermonis,
1103 3609 1194 3662 puriter
1217 3609 1288 3674 etque

305 3698 393 3742 Cicero
413 3700 436 3742 in
455 3698 596 3754 Philippicis
617 3705 715 3754 propter
735 3699 838 3742 similem
863 3709 961 3742 causum
983 3695 1061 3739 irrisit
1078 3695 1216 3738 Antonium.
1241 3693 1289 3736 Sed

308 3787 436 3844 incertum,
458 3792 536 3830 utrum
554 3787 577 3830 in
597 3789 706 3831 cretione
731 3791 815 3830 conire
840 3785 940 3828 heredes
958 3782 1074 3826 Urbiniae
1092 3782 1137 3825 boe
1158 3793 1233 3838 genus
1253 3781 1288 3822 di·

312 3875 380 3918 ceudi
401 3875 552 3928 usurpaverit
571 3873 707 3927 Labienus,
733 3887 761 3915 en
777 3874 799 3916 in
821 3873 885 3915 elin:
908 3871 946 3913 bis
973 3871 1035 3914 enim
1053 3873 1136 3912 contre
1152 3867 1289 3912 Pollionem

305 3964 394 4007 dixisse
419 3943 447 4005 et¹
464 3963 570 4015 stetisse,
591 3960 699 4004 intre-iu
719 3957 825 4002 Labieno
848 3958 963 4003 dicemus.

302 4078 469 4142 Charisius
488 4099 522 4159 p.
549 4078 602 4139 ut.
646 4074 785 4157 clipeus
811 4074 984 4138 masculino
1010 4093 1131 4156 genere
1157 4071 1191 4134 in
1220 4069 1288 4152 sig·

235 4179 418 4243 nificntione
443 4177 524 4241 scuti
546 4175 689 4259 ponitur,
710 4187 745 4238 ut
765 4176 937 4239 Labienus
959 4174 1019 4250 ait3
1044 4184 1166 4270 neutro·
1183 4183 1287 4234 autem

185 4331 201 4348 ,
238 4299 355 4361 genere
379 4277 548 4360 imaginem
574 4277 746 4362 significat.
799 4280 863 4342 Sed
888 4271 1031 4342 Asinius
1062 4297 1131 4359 pro
1163 4272 1288 4340 Viniae
