2992 4844
1193 363 1253 426 stt

211 522 297 584 tiam
314 519 493 582 accusatio
507 519 711 594 illustrauit,
733 539 811 582 cum
830 521 1031 583 seditiosum
1047 533 1079 582 et
1097 522 1252 584 inutilem

211 624 333 695 ciuem,
365 625 404 686 C·
431 621 650 694 Norbanum,
674 621 709 684 in
732 623 898 686 iudicium
925 625 1066 685 vocavit.

276 742 491 824 Quintilianus
516 745 573 821 tt,
599 746 634 819 7,
659 746 690 806 lt.
735 744 912 827 Principes
934 745 970 806 in
991 745 1165 826 republica
1189 748 1255 808 uiri

210 865 278 909 non
305 847 579 911 detrectaverunt
610 849 697 910 banc
723 843 844 936 officii
867 859 1019 928 partem,
1046 847 1083 926 (i.
1107 869 1136 910 e.
1162 869 1254 910 accu-

211 969 282 1010 sare
299 949 411 1024 malos)
426 950 614 1033 creditique
629 961 708 1011 sunt
729 951 833 1011 etiam
848 951 934 1012 clari
949 949 1085 1012 iuvenes
1102 949 1255 1014 obsidem

212 1051 419 1132 reipublicae
434 1051 518 1113 dare
540 1055 712 1115 malorum
734 1052 858 1114 ciuium
879 1053 1150 1124 accusationem,
1174 1053 1257 1138 quia

212 1173 274 1215 nec
299 1154 414 1216 odisse
450 1153 624 1236 improbos
655 1175 714 1216 nec
750 1155 943 1218 simultates
968 1177 1158 1238 prouocare
1190 1155 1255 1218 nisi

212 1275 259 1319 ex
276 1255 417 1333 fiducia
439 1257 546 1320 bonae
572 1251 694 1319 mentis
727 1257 942 1319 videbantur.
971 1258 1078 1342 quue
1108 1279 1186 1320 cum
1213 1257 1257 1320 ab

213 1358 420 1434 Hortensio,
453 1361 625 1434 Lucullis,
666 1360 837 1442 Sulpicio,
872 1361 1059 1434 Cicerone,
1094 1363 1254 1435 Caesare,

209 1460 372 1543 plurimis
402 1461 504 1534 aliis,
533 1473 607 1523 tum
633 1462 676 1523 ab
705 1473 851 1545 utroque
879 1465 1008 1526 Catone
1019 1455 1168 1553 fac'tum
1191 1474 1255 1526 est.

248 1603 371 1665 Sulpicio]
408 1609 436 1651 de
450 1608 561 1652 hocloco
580 1607 628 1651 dixi
647 1607 669 1651 in
689 1608 873 1661 dissertatione,
895 1621 954 1664 quae
975 1597 1123 1652 editaestin
1137 1609 1256 1653 Zimmer·

283 1695 362 1738 manni
388 1694 528 1739 Zeitsrluilt
553 1695 572 1738 f.
592 1693 725 1738 Alterthum
750 1689 824 1744 1836,
850 1695 880 1738 Ν.
908 1691 950 1741 39.
975 1695 1061 1749 Zumpt
1084 1699 1164 1739 autem
1188 1700 1257 1752 atque

283 1784 384 1827 Bonnell
404 1785 427 1828 in
450 1785 527 1827 lexico
546 1783 708 1840 Quintilianus
733 1785 843 1827 Servium
863 1783 995 1839 Sulpicium
1014 1783 1115 1838 Ruiuin,
1134 1785 1258 1841 aequalem

282 1870 419 1924 Ciceronis,
438 1872 467 1914 de
486 1885 532 1927 quo
551 1871 613 1914 inira
632 1871 733 1925 dicetur,
753 1873 898 1929 intelligunt.

280 2006 462 2090 Appuleius
477 2007 507 2070 in
524 2007 690 2091 Apologia
709 2031 741 2090 p.
759 2007 832 2072 538.
860 2013 979 2093 Neque
994 2021 1111 2073 autem
1124 2007 1260 2092 gloriae

216 2133 321 2174 causa
351 2134 403 2172 me
433 2123 573 2173 accusat
605 2124 641 2172 ut
671 2115 726 2175 M.
760 2111 933 2176 Antonius
966 2115 1026 2176 Cn.
1056 2112 1257 2184 Carbonem,

216 2217 254 2278 C.
278 2214 389 2279 lulius
413 2217 457 2277 T.
485 2214 685 2288 Albucium,
709 2217 748 2277 P.
777 2215 949 2295 Sulpicius
978 2217 1015 2277 C.
1041 2213 1257 2289 Norbanum,

217 2319 258 2379 L.
285 2316 409 2393 Fufius
438 2319 540 2380 Man.
561 2316 771 2400 Aquillium,
805 2318 843 2379 C.
869 2316 975 2381 Curio
998 2319 1041 2397 Q.
1066 2317 1259 2378 Metellum.

218 2417 351 2500 Quippe
373 2419 408 2482 iri
432 2439 549 2483 omnes
578 2417 803 2482 eruditissimi
833 2417 970 2480 iuuenes
999 2417 1112 2479 laudis
1141 2417 1262 2498 gratia

218 2519 369 2601 primum
396 2525 459 2584 hoc
493 2520 727 2583 rudimentum
746 2518 915 2610 forensis
944 2540 1069 2600 operae
1094 2519 1262 2595 subibant,

217 2635 255 2686 ut
294 2623 410 2708 aliquo
441 2623 572 2708 insigni
608 2621 737 2686 iudicio
764 2621 893 2686 ciuibus
925 2621 995 2684 suis
1027 2633 1260 2685 noscerentur.

530 2810 559 2867 3.
600 2808 753 2866 Orationes
775 2807 950 2865 tribunitiae.
1025 2853 1027 2858 2

282 2942 349 3004 Eae
365 2940 492 3004 habitae
513 2961 596 3005 anno
620 2942 680 3002 666
704 2940 785 3019 (86).
830 2940 952 3002 Multas
974 2941 1084 3001 turbas
1100 2937 1263 3010 excitavit,

219 3045 393 3129 multasque
415 3042 502 3126 leges
524 3040 753 3126 promulgavit.

283 3145 356 3210 Cic.
382 3147 474 3210 Brut.
500 3147 553 3210 89.
589 3148 637 3230 ¹P.
667 3145 812 3228 Sulpicii
840 3143 875 3206 in
905 3143 1084 3206 tribunatu
1111 3141 1262 3226 quotidie

218 3249 453 3313 concionantis
473 3259 583 3311 totum
599 3269 710 3332 genus
730 3247 864 3310 dicendi
876 3247 1015 3330 penitus
1029 3246 1262 3330 cognovimus.

312 3433 341 3490 t.
382 3432 479 3490 Oratio
503 3437 602 3490 contra
627 3433 660 3491 c.
682 3433 786 3499 lulium
810 3433 964 3490 Caesarem
988 3432 1169 3490 Strabonem.

282 3568 330 3630 Ea
347 3575 394 3626 est
414 3566 497 3629 dicta
513 3587 541 3626 a.
567 3565 627 3626 666
651 3566 732 3643 (86).
765 3563 841 3632 Vid.
859 3565 972 3628 oratio
991 3565 1151 3629 Caesaris
1165 3567 1263 3628 Stra-

220 3670 316 3731 bonis
333 3670 498 3732 adversus
514 3668 704 3750 Sulpicium
723 3668 804 3729 trib.
820 3671 869 3749 pl.
886 3689 921 3746 p.
937 3667 1011 3730 334.
1032 3664 1105 3730 Cic.
1124 3668 1216 3728 Brut.
1232 3690 1262 3728 c.

222 3771 274 3832 63.
291 3772 340 3835 De
356 3775 500 3853 Harusp.
524 3793 612 3853 resp.
638 3773 689 3832 20.
716 3768 873 3833 Asconius
894 3768 925 3829 in
942 3767 1145 3830 Scaurianam
1162 3790 1194 3849 p.
1209 3769 1262 3828 26.

520 3955 595 4011 LIX.
635 3953 666 4021 ,0.
689 3954 849 4011 Scribonius
870 3953 962 4010 Curio.

263 4088 313 4154 De
326 4087 368 4152 C.
382 4085 558 4151 Scribonio
573 4082 715 4148 Curione
730 4105 791 4147 avo
805 4105 899 4164 supra
912 4078 1013 4144 locuti
1025 4096 1130 4137 sumus
1142 4051 1264 4156 pusi„

219 4212 303 4256 nunc
326 4195 365 4253 de
390 4188 534 4254 Curione
562 4199 653 4268 patre
682 4184 860 4248 dicendum.
907 4185 1008 4246 Natus
1030 4196 1113 4239 anno
1137 4176 1267 4240 circiter

222 4293 285 4356 630
306 4294 414 4372 (tut),
439 4300 638 4374 quaesturam
669 4309 698 4348 a.
729 4288 790 4348 659
819 4286 904 4366 (96),
935 4279 1125 4343 tribunatum
1150 4301 1179 4342 a.
1204 4281 1265 4351 664
