2958 4840
1061 371 1063 376 “
1150 361 1210 420 605

160 519 238 583 Vita
263 518 382 582 Taciti.
424 519 513 581 Bsch
544 515 774 600 Schulzsitung
806 516 896 578 1881.
941 518 984 578 N.
1015 519 1087 582 105.
1119 518 1208 582 Bihr

160 623 262 685 Ram.
284 621 365 687 Litt.
390 643 424 703 p.
443 621 526 683 ant.
552 619 669 682 Walch
696 622 734 680 ad
762 618 874 681 'facin
890 617 1043 724 lignicol.
1071 643 1105 700 p.
1133 621 1205 684 129.

225 723 348 788 Dubito
370 746 407 786 an
431 735 517 787 recte
536 721 681 784 Tacitum
701 721 787 784 libro
804 742 875 783 meo
894 723 932 782 dc
953 721 1137 783 oratoribus
1157 721 1205 784 in·

160 825 327 889 seruerim.
373 827 436 887 Sed
461 823 632 887 verisimile
658 835 717 900 cst,
747 845 815 885 cnm
839 822 1000 885 orationes
1027 821 1206 905 reliquisse.
1244 871 1249 882 .
1359 872 1366 882 .

246 964 273 1020 l.
314 965 453 1020 Laudatio
474 965 600 1019 funebris
619 963 741 1032 Virginii
762 963 825 1018 nun
846 963 959 1017 tertium
980 945 1117 1017 consulis.

224 1067 271 1128 Ea
305 1067 389 1128 dicta
426 1079 473 1128 cst
507 1088 536 1128 a.
569 1089 601 1128 ιι.
634 1065 696 1128 850
726 1065 778 1140 (97
816 1087 850 1146 p.
889 1059 988 1142 Cu),
1025 1084 1090 1147 quo
1124 1083 1206 1126 anno

160 1167 335 1250 Virginius
353 1165 457 1230 Rufus
480 1167 576 1230 tertio
600 1167 765 1230 consulatu
789 1167 953 1228 defunctus
978 1176 1038 1229 est.
1084 1163 1207 1228 Plinius

163 1269 270 1350 Epist:
300 1269 339 1345 2,
380 1262 410 1332 1.
456 1271 636 1332 Laudatus
660 1281 711 1330 est
735 1273 764 1344 Ια
790 1271 928 1330 consule
956 1267 1115 1332 Cornelio
1141 1269 1208 1328 Ταε

160 1372 248 1433 cito:
282 1372 351 1433 iam
379 1372 433 1432 bic
458 1392 642 1465 supremus
664 1369 839 1460 felicitati
868 1372 941 1433 eius
972 1372 1129 1432 cumulus
1156 1391 1213 1430 ac-

163 1474 287 1546 cessit,
319 1473 482 1536 laudator
504 1473 815 1556 eloquentissimus.
882 1547 885 1554 Ι
1202 1485 1204 1488 ’

305 1613 335 1670 2.
376 1611 475 1670 Oratio
495 1629 546 1684 pro
566 1613 645 1668 Altis
665 1616 765 1688 contra
784 1614 906 1670 Marium
927 1611 1066 1670 Priscum.

227 1719 321 1778 Hanc
343 1737 466 1778 causam
493 1737 549 1776 una
574 1738 644 1777 cum
661 1715 770 1779 Plinio
792 1719 838 1793 (v.
856 1738 889 1796 p.
910 1716 999 1793 601.)
1018 1713 1096 1798 egit.
1121 1714 1208 1780 Plin.

162 1818 269 1900 Epist.
300 1819 335 1898 2,
370 1821 419 1887 11.
462 1818 652 1900 Respondit
676 1818 856 1882 Cornelius
883 1819 1026 1880 Tacitus
1052 1819 1209 1898 eloquen-

160 1921 292 1982 tissime
315 1932 359 1994 et,
379 1922 471 2005 quod
488 1920 654 1983 eximium
676 1920 828 1982 orationi
849 1920 923 1982 eius
944 1920 1044 1995 inest,
1075 1919 1207 2002 σεμνῶς.

159 2020 241 2082 idern
273 2024 295 2082 l.
327 2025 361 2096 7,
396 2023 448 2084 20.
480 2022 604 2083 librum
635 2033 732 2082 tuum
756 2023 826 2102 legi
861 2033 894 2082 et
924 2043 1027 2104 quam
1057 2021 1204 2102 diligen·

160 2122 292 2184 tissime
328 2123 445 2204 potui,
478 2121 661 2195 adnotavi,
707 2142 794 2203 quae
827 2123 1092 2195 commutanda,
1121 2143 1208 2204 quae

160 2224 347 2285 eximenda
361 2225 565 2286 arbitrarer.
583 2245 672 2284 nunc
688 2245 711 2284 a
726 2234 758 2284 te
772 2223 897 2284 librum
917 2245 1028 2286 meum
1045 2247 1123 2286 cum
1146 2223 1208 2284 ad·

163 2308 396 2388 notationibus
423 2326 490 2387 tuis
513 2339 689 2407 exspecto.

399 2487 401 2493 ⁴
452 2464 550 2521 CXLI.
572 2466 716 2536 Pompeius
736 2463 913 2522 Saturninus.

225 2567 345 2628 Eadem
373 2578 486 2644 aetate,
512 2589 573 2650 qua
600 2566 736 2642 Plinius,
765 2571 819 2629 sed
848 2567 953 2640 minor
975 2579 1061 2630 natu.

225 2668 349 2733 Plinius
374 2669 480 2748 Epist.
507 2673 543 2742 1,
573 2672 624 2730 16.
671 2670 839 2731 Amabam
864 2670 1062 2754 Pompeium
1088 2673 1210 2732 Satur·

165 2773 303 2845 ninum,
327 2771 576 2855 laudabamque
598 2771 672 2832 eius
688 2772 882 2853 ingenium,
907 2773 1011 2834 etiam
1027 2783 1211 2854 antequam

167 2873 301 2944 scirem,
326 2894 429 2956 quam
452 2873 605 2945 varium,
630 2894 733 2958 quam
758 2873 945 2964 flexibile,
970 2871 1074 2956 'pisam
1097 2873 1211 2935 multi·

166 2979 373 3060 plorasset,
398 2994 487 3036 nunc
509 2997 589 3036 uero
611 2986 721 3037 totum
745 2997 798 3038 me
820 2986 929 3049 tenet,
953 2976 1069 3044 babet,
1100 2974 1213 3056 possi·

162 3078 231 3137 det.
277 3077 405 3139 Audivi
427 3097 551 3138 causas
574 3090 733 3158 agentern
755 3077 882 3138 acriter
903 3088 937 3138 et
958 3078 1131 3146 ardenter,
1154 3099 1212 3138 nec

164 3179 277 3264 minus
305 3178 411 3262 polite
443 3191 476 3240 et
512 3191 651 3254 ornate,
693 3179 762 3240 sive
797 3179 963 3240 meditata
1000 3179 1069 3240 sive
1099 3178 1213 3240 subita

158 3278 353 3369 proferret.
377 3279 505 3343 adsunt
527 3293 629 3362 aptae
652 3281 856 3364 crebraeque
879 3281 1077 3354 sententiae,
1093 3280 1213 3362 gravis

161 3393 192 3449 et
215 3383 341 3444 decora
362 3385 583 3455 constructio,
609 3382 770 3454 sonantia
792 3383 892 3444 verba
909 3393 942 3444 et
957 3383 1112 3466 antiqua.
1130 3384 1212 3446 Om-

161 3484 219 3550 nia
240 3487 322 3546 haec
346 3486 431 3546 mire
459 3488 611 3564 placent,
635 3506 711 3568 curn
734 3485 864 3564 impetn
892 3484 1041 3564 quodam
1070 3494 1103 3544 et
1127 3481 1211 3572 ⁸flu·

163 3585 250 3646 mine
271 3589 542 3665 premebamur,-
563 3589 716 3664 placent,
742 3584 773 3644 si
796 3594 1038 3644 retractentur.
1067 3584 1210 3658 Senties,

161 3685 254 3766 quod
275 3707 352 3764 ego,
370 3705 447 3745 cum
471 3686 700 3746 orationes
723 3685 817 3744 eius
840 3683 874 3744 in
892 3704 1014 3744 manus
1026 3685 1206 3758 sumeris,

161 3805 246 3868 quas
267 3783 386 3873 facile
415 3784 552 3846 cuilibet
583 3797 753 3856 ueterum,
784 3806 931 3868 quorum
960 3795 1011 3848 est
1040 3787 1208 3860 aemulus,

161 3887 391 3968 comparabis.
458 3912 461 3918 ’

428 4025 541 4082 CXLII.
574 4024 604 4082 T.
626 4025 742 4092 Flauius
761 4025 948 4082 Domitianas.

224 4130 329 4193 Natus
359 4139 407 4191 est
437 4150 467 4191 a.
492 4151 524 4190 u.
554 4127 616 4190 806
643 4129 724 4205 (bl).
777 4127 902 4191 Eckhel
930 4126 1046 4190 Doctr.
1071 4128 1209 4192 Numan.
1274 4095 1277 4100 r
1383 4167 1393 4186 .

162 4243 186 4294 t.
213 4233 244 4294 6.
271 4255 306 4315 p.
331 4231 405 4294 867.
451 4233 538 4297 Suet.
568 4229 692 4294 Dotnit.
718 4233 749 4293 1.
782 4234 837 4294 Ἀ.
863 4253 894 4299 u.
921 4231 983 4292 881
1010 4228 1079 4313 (81)
1104 4251 1209 4292 rerum

160 4333 281 4416 potitus
307 4347 366 4398 est.
412 4334 455 4400 A.
479 4357 511 4396 ιι.
534 4334 595 4397 819
618 4333 687 4412 (96)
712 4345 855 4396 mortuus
877 4345 934 4395 est.
