2958 4840
234 383 297 448 59⁰

298 539 468 602 Suetonius
492 543 699 602 autem-hane
721 537 899 602 orationem
922 561 1004 604 anno
1027 541 1087 602 sou
1105 536 1291 617 (boclan-

235 641 290 706 dio
312 642 455 728 quintum
479 643 610 706 consule
632 641 784 724 assignat.
809 642 841 704 in
864 643 929 704 vita
954 643 1093 706 Neronis
1116 645 1146 703 7.
1182 643 1293 725 Apsul

233 758 367 828 patrem
389 750 562 808 consulem
583 769 649 828 pro
674 746 940 808 Bononiensibus
962 746 1079 818 latine,
1104 766 1169 826 pro
1191 749 1286 809 lilto-

236 850 305 911 sliis
326 862 428 932 atque
451 849 632 913 Iliensibus
653 870 778 931 graece
800 850 901 911 uerba
910 846 1023 934 fecit.

271 1013 339 1071 apud
353 1019 452 1070 patrem
472 1011 609 1071 consulem]
645 1028 667 1056 a.
690 1008 738 1056 8⁰4
758 1011 823 1069 (51),
853 1019 877 1056 ut
906 1026 933 1054 ex
954 1015 1041 1056 ceteris
1069 1009 1179 1056 Stietouis
1206 1015 1287 1054 serbis

306 1107 414 1158 apparet.

520 1221 550 1278 ὓ.
572 1221 671 1280 Oratio
692 1237 744 1292 pro
765 1219 1004 1276 Bononiensibus.

303 1351 399 1417 Dicta
421 1373 447 1421 a.
470 1353 531 1414 806
555 1353 623 1432 (53)
646 1353 814 1414 seecundum
838 1350 999 1423 'faciturm
1022 1370 1051 1413 a.
1068 1349 1131 1411 804
1152 1351 1221 1428 (bt)
1239 1371 1292 1411 se-

239 1458 376 1520 cundum
402 1455 600 1525 Suetonium,

304 1557 411 1621 Tacit.
437 1559 554 1621 Annai.
580 1557 636 1632 tt,
668 1559 719 1623 58.
767 1557 909 1622 Decimo
937 1555 1039 1622 Istnio
1068 1560 1110 1638 Q.
1142 1557 1292 1619 Haterio

238 1662 435 1724 consulibus
457 1665 550 1725 XVI
567 1681 677 1722 annos
699 1671 803 1723 natus
826 1663 923 1726 Nero
945 1661 1123 1724 Octauiam
1151 1659 1186 1720 in
1216 1678 1289 1720 ma·

239 1765 441 1826 trimonium
462 1763 602 1843 accepit,
626 1775 729 1846 rstqste
750 1762 875 1824 studiis
897 1763 1049 1825 honestis
1077 1773 1109 1824 et
1130 1763 1289 1845 eloquen-

240 1866 309 1928 tiae
331 1865 446 1947 gloria
478 1865 693 1938 enitesceret,
725 1885 832 1926 eausa
853 1865 1031 1929 Iliensium
1065 1876 1225 1945 suscepta
1248 1897 1289 1907 -—

238 1979 434 2051 perpetrat,
477 1979 514 2027 nt
536 1965 678 2030 Ilienses
712 1965 806 2029 omni
842 1967 979 2049 publico
1013 1988 1151 2030 munere
1181 1969 1291 2028 soloe-

243 2083 376 2133 rentur.
432 2069 564 2134 Eodem
598 2081 738 2132 oratore
772 2069 981 2133 Bononiensi
1020 2069 1174 2132 coloniae
1214 2068 1292 2151 igni

241 2175 385 2235 batestae
407 2172 607 2235 stsbventum
629 2171 755 2234 centies
777 2173 928 2235 sestertii
948 2173 1146 2254 largitione.

307 2275 395 2338 Suet.
420 2277 511 2338 Nero
536 2278 566 2337 7.
611 2275 706 2356 aptsd
726 2287 861 2356 patrem
890 2278 1062 2338 consulem
1088 2296 1155 2355 pro
1178 2277 1292 2336 liono-

242 2377 415 2441 niensibus
437 2378 552 2452 latine,
574 2399 640 2459 pro
663 2377 807 2442 Rhodiis
829 2390 932 2462 atque
954 2376 1135 2441 Iliensibus
1165 2397 1291 2458 graece

243 2479 465 2572 uerbafecit.

579 2622 606 2680 3.
627 2620 726 2677 Oratio
745 2638 799 2693 pro
819 2621 950 2678 Rhodiis.

310 2749 538 2820 lituinias
568 2752 636 2830 (ts)
669 2755 840 2814 secundum
866 2751 1034 2828 Taciturn,
1066 2773 1095 2814 a.
1127 2753 1189 2816 soi
1222 2755 1294 2832 (51)

246 2855 419 2916 secundum
445 2853 644 2917 Suetonium.

312 2956 420 3019 'facia
434 2960 519 3021 Ano.
547 2958 597 3030 tt,
616 2957 666 3021 58.
699 2957 840 3021 Decimo
862 2958 963 3022 lunio
985 2958 1183 3040 Q.Haterio
1201 2981 1293 3020 coss.

246 3091 287 3104 -·-
309 3059 466 3121 redditur
488 3059 632 3123 Rhodiis
653 3061 810 3134 libertas,
835 3061 972 3122 ademta
1001 3081 1101 3142 saepe
1130 3073 1191 3122 ortt
1217 3061 1293 3138 fir·

247 3172 351 3231 mata,
374 3173 479 3241 prout
501 3163 595 3223 bellis
618 3163 774 3224 externis
807 3175 1003 3225 meruerant
1032 3175 1094 3224 aut
1123 3163 1217 3225 darni
1239 3185 1292 3224 se·

246 3260 375 3322 ditione
397 3263 624 3343 deliquerant.

310 3362 397 3422 Suet.
424 3365 513 3424 Nero
540 3366 569 3422 7.
588 3365 692 3444 Apud
710 3377 846 3446 patrem
869 3371 1041 3430 consulem
1064 3403 1104 3414 —-
1124 3369 1293 3450 proliba-

246 3462 313 3525 atis
335 3475 436 3547 atque
458 3465 639 3528 Iliensibus
661 3487 785 3549 graece
807 3468 909 3530 verba
923 3468 1036 3558 fecit.

456 3603 485 3660 4.
508 3603 646 3660 Laudatio
667 3606 793 3662 funebris
813 3605 926 3665 Claudii
947 3610 1090 3666 Caesaris.

310 3733 358 3794 Ea
382 3745 428 3795 est
451 3733 533 3796 dicta
558 3757 586 3802 a.
610 3739 670 3798 807
695 3736 774 3820 (54).
800 3739 907 3802 Tacit.
929 3739 1042 3805 Aonal.
1068 3739 1119 3814 13,
1136 3740 1168 3801 3.
1193 3749 1292 3800 testa-

245 3847 309 3910 tur,
335 3856 401 3898 carn
425 3856 441 3896 a
465 3837 583 3898 Seneca
607 3861 674 3901 esse
698 3839 920 3920 compositam.

311 3940 400 4000 Suet.
425 3939 516 4001 Nero
540 3942 571 4002 9.
596 3943 708 4003 Orsus
729 3962 752 4002 a
772 3943 911 4022 pietatis
933 3945 1172 4019 ostentatione,
1191 3945 1295 4007 Clau-

245 4040 342 4101 dium
363 4040 634 4121 apparatissimo
651 4039 791 4130 fisnere
823 4049 966 4119 elatum,
989 4044 1142 4108 laudauit
1175 4067 1295 4109 conse·

243 4140 431 4223 oravitque.
