2958 4840
1176 353 1236 415 587

181 513 337 575 oratione
358 510 555 593 plenissime
577 532 599 572 a
622 509 762 576 Tiberio
784 511 1030 585 conlaudatus,
1061 512 1234 592 plurimas

182 629 302 695 sponte
325 636 449 676 causas
471 614 565 694 apud
586 612 816 674 centumuiros
837 612 921 694 egit.
950 633 1017 693 pro
1049 635 1117 697 qua
1139 638 1176 676 re
1198 615 1233 676 in

184 717 325 779 basilica
346 717 436 781 Iulia
458 716 532 778 eius
555 725 672 776 statua
694 715 807 794 posita
829 727 891 776 est.
925 719 1124 776 consulatus
1147 717 1235 780 duos

184 820 300 900 gessit.
326 841 457 882 rrxores
481 819 599 880 babuit
610 818 710 888 duas
728 817 877 898 primam
894 817 1100 892 Domitiam,
1115 819 1235 882 deinde

181 923 433 1004 Agrippinam,
467 922 561 984 illam
594 921 757 996 uuritam,
793 922 879 981 lianc
911 932 1058 982 matrem
1081 921 1235 984 Neronis

180 1025 355 1088 Caesaris.

217 1167 333 1226 Crispus]
371 1167 505 1212 Scholiasta
525 1167 649 1213 confundit
670 1169 766 1212 Vibium
786 1169 898 1222 Crispum
923 1183 975 1212 cum
996 1167 1113 1212 Passieno
1132 1167 1233 1229 Crispo.

252 1259 330 1300 orrruis
348 1258 422 1312 enim,
442 1271 502 1312 quas
521 1257 565 1299 lroc
585 1259 637 1300 loco
658 1257 765 1315 tradidit,
785 1259 813 1299 ad
833 1255 983 1300 Passienum
1006 1255 1081 1301 filiurn
1100 1259 1232 1312 pertinent,

253 1352 276 1388 ut
294 1359 365 1398 supra
384 1345 487 1387 diximus
508 1359 531 1399 p.
555 1341 614 1388 534.
653 1345 782 1391 Passienus
800 1345 863 1390 enirn
890 1348 934 1390 sub
954 1347 1054 1390 Tiberio
1075 1347 1133 1390 vixit
1152 1351 1175 1390 et
1193 1350 1232 1392 de·

253 1434 324 1478 cessit
343 1432 442 1476 Claudio
467 1434 615 1490 imperante,
638 1431 722 1478 Vibius
741 1434 841 1488 Crispus
868 1439 946 1478 sutem
975 1437 1050 1478 inulto
1080 1435 1159 1478 iunior
1186 1441 1232 1490 est,

253 1521 296 1564 sub
322 1521 417 1564 Neroua
436 1521 518 1564 floruit
540 1527 563 1565 st
589 1522 633 1564 sub
657 1523 794 1566 Domitiano
824 1527 934 1566 mortuns
955 1528 1000 1568 est.
1040 1522 1129 1568 Dubito
1146 1528 1234 1578 auteur,

255 1615 341 1660 utrum,
361 1611 422 1665 quod
435 1611 566 1653 Scholiasta
586 1611 651 1669 dicit,
666 1607 771 1667 Crispus
790 1611 919 1666 ruriniceps
940 1608 1102 1654 Viselliensis
1123 1613 1151 1654 de
1165 1611 1235 1654 Vibio

254 1698 340 1752 Crispo
360 1713 389 1740 nn
409 1699 436 1742 de
456 1699 543 1753 Crispo
562 1697 678 1742 Passieno
698 1699 876 1757 intelligendum
896 1700 935 1741 sit.
975 1699 1042 1754 Quod
1064 1697 1083 1741 si
1103 1705 1183 1743 sutem
1206 1702 1234 1743 ad

255 1785 353 1828 Vibium
370 1785 522 1830 referendum
541 1791 587 1839 est,
608 1787 775 1845 corrigendum
797 1785 975 1846 Vercellcnsis‚
996 1791 1019 1829 ut
1039 1800 1067 1830 ex
1087 1787 1165 1832 Taciti
1179 1789 1236 1832 Dia·

258 1877 313 1933 ¹⁰5⁰
332 1880 440 1930 apparu.

401 1994 427 2050 1.
455 1994 555 2051 Oratio
573 2011 628 2065 pro
648 1995 732 2050 Vibio
752 1995 885 2050 Secundo
906 1996 1004 2051 tratre.

254 2128 334 2186 Acta
360 2135 407 2186 cst
429 2145 521 2185 causa
543 2146 572 2185 a.
597 2124 658 2184 813
683 2126 762 2202 (60).
807 2123 931 2187 Annius
952 2125 1087 2188 Faustus
1112 2148 1241 2189 accusa-

187 2239 240 2289 tor
263 2238 344 2288 erat.
378 2226 484 2287 Tacit.
510 2225 597 2288 Hist.
622 2225 652 2300 2,
680 2227 728 2288 10.
756 2223 856 2288 Cous.
911 2224 1015 2296 'l'acit.
1043 2228 1159 2291 Annal.
1189 2231 1239 2303 14,

189 2329 242 2390 28.
266 2329 346 2390 Fine
369 2328 454 2389 amri
478 2329 599 2391 Vibius
625 2329 800 2413 Secundus
831 2351 929 2412 eques
952 2351 1120 2392 romanus
1142 2354 1241 2394 accu-

188 2431 342 2492 santibus
355 2429 496 2493 Mauris
519 2431 787 2512 repetundarum
810 2432 996 2495 damnatur
1018 2445 1121 2517 utque
1135 2435 1241 2498 Italia

187 2533 363 2616 exigitur:
386 2553 427 2594 ne
449 2533 611 2615 graviora
631 2553 744 2615 poena
764 2531 991 2620 afficeretur,
1014 2537 1106 2600 Vibii
1127 2537 1242 2620 Crispi
1265 2553 1275 2570 ⁶

176 2633 320 2726 fratris
341 2635 463 2717 opibus
484 2635 610 2698 enisus.

416 2774 445 2830 2.
475 2774 575 2831 Oratio
595 2776 841 2832 continuanium
861 2773 1010 2834 Faustam.

254 2909 338 2969 Acts
361 2917 407 2968 est
430 2927 522 2968 causa
546 2927 573 2969 a.
600 2906 660 2968 823
684 2909 764 2984 (70).
795 2907 901 2970 Tacit.
926 2907 1015 2971 Hist.
1040 2912 1071 2987 2,
1097 2913 1149 2972 10.
1181 2912 1242 2976 Vi·

191 3009 265 3071 bius
289 3009 444 3090 Crispus,
467 3007 631 3089 pecunia,
655 3009 827 3090 potentia,
850 3010 990 3092 ingenio
1018 3011 1109 3074 inter
1130 3016 1244 3076 claros

192 3111 305 3194 magis
327 3132 431 3194 quam
453 3111 543 3172 inter
564 3111 688 3184 bonos,
711 3111 865 3175 Annium
888 3118 1053 3176 Faustum
1075 3116 1244 3200 equestris

197 3214 350 3286 ordinis,
374 3213 433 3296 qui
466 3212 675 3294 temporibus
699 3215 854 3278 Neronis
885 3215 1072 3280 delationes
1088 3215 1245 3308 factita-

197 3329 311 3390 verat,
336 3316 384 3377 ad
404 3315 634 3398 cognitionem
665 3329 806 3378 senatus
834 3320 997 3381 vocabat.·
1018 3340 1098 3382 nam
1128 3342 1246 3384 recens

192 3421 319 3482 Galbae
340 3419 538 3501 principatu
559 3431 764 3480 censuerant
783 3433 915 3500 putres,
940 3434 978 3482 ut
1000 3435 1244 3486 accusatorum

192 3543 317 3583 causae
339 3534 575 3584 noscerentur.
599 3520 635 3581 id
656 3533 797 3583 senatus
819 3525 1014 3584 consultum
1048 3525 1142 3584 curie
1175 3525 1246 3585 iac·

198 3636 328 3698 tatum,
353 3634 385 3684 et
405 3633 512 3703 prout
531 3633 655 3703 potens
678 3623 728 3683 vel
750 3622 850 3702 inops
872 3645 953 3684 reus
974 3624 1162 3698 inciderat,
1194 3627 1246 3688 in·

187 3725 342 3802 firmum
365 3736 428 3786 aut
450 3724 600 3786 calidum
624 3723 849 3786 retinebatur.
872 3726 920 3786 ud
946 3727 1009 3788 hoc
1036 3729 1185 3790 terroris
1213 3740 1247 3790 ct

191 3831 345 3909 propria
366 3827 399 3889 vi
422 3827 566 3909 Crispus
588 3826 789 3888 incubuerat
812 3827 999 3890 delatorem
1019 3826 1163 3917 fratris
1189 3830 1245 3891 sui

190 3941 400 4009 pervertere.
433 3964 475 3974 -
519 3961 558 3974 ·-
582 3931 675 3992 Mox
705 3929 890 3990 damnatus
919 3941 970 3992 est
995 3933 1159 4006 Faustus,
1191 3952 1248 3995 ne-

194 4051 369 4116 quaquam
401 4055 442 4094 eo
474 4052 620 4094 assensu
641 4030 800 4105 ciuitatis,
826 4053 925 4114 quem
952 4032 1111 4114 pessimis
1140 4034 1246 4097 mori·

193 4135 256 4196 bus
280 4147 466 4196 meruerat.
491 4133 615 4218 quippe
638 4133 751 4214 ipsum
774 4133 933 4215 Crispum
949 4134 1085 4198 easdem
1103 4156 1247 4198 accusa-

194 4237 304 4298 tiones
327 4259 404 4297 cum
426 4237 584 4319 praemio
605 4237 802 4298 exercuisse
813 4238 1052 4311 meminerant,
1066 4258 1125 4302 nec
1135 4257 1248 4321 ppena

195 4339 365 4413 criminis,
390 4341 451 4402 scd
473 4342 567 4402 ultor
589 4337 801 4420 displicebat.
