2984 4842
1191 364 1251 428 395

198 521 322 584 Consul
345 541 375 581 a.
404 521 460 584 591
490 519 567 602 (53).
594 519 674 582 Post
701 518 897 582 consulatum
918 520 1117 602 provinciam
1135 524 1248 586 Mace·

198 622 326 688 doniam
359 620 503 702 diripuit.
549 624 589 683 A.
629 621 689 684 595
724 619 791 704 (59)
831 620 1020 695 maiestatis,
1061 646 1131 685 cum
1167 623 1249 688 inter

198 725 385 789 coniuratos
411 722 566 789 Catilinae
594 724 716 798 fuisset,
745 745 761 786 a
784 725 836 786 M.
860 722 974 788 Coelio
1000 725 1109 801 Rufo,
1137 725 1248 790 deinde

197 831 442 910 repetundarum
475 849 490 888 a
528 825 569 890 C.
604 825 741 890 Caninio
768 826 865 890 Gallo
893 828 1082 908 postulatur.
1119 827 1250 892 Eiectos

197 929 382 993 inexilium
414 928 445 991 in
475 929 606 991 insulam
633 927 872 1008 Cephalleniam
900 928 996 1006 abiit,
1027 934 1109 994 unde
1133 953 1161 995 a.
1190 933 1248 994 tot

198 1033 265 1116 (tt)
288 1034 425 1096 Romam
449 1031 557 1095 rediit.
585 1030 686 1094 Cous.
713 1032 876 1095 Drumaun
900 1045 924 1094 t.
955 1037 984 1094 l.
1013 1055 1046 1114 p.
1076 1035 1146 1099 531.

464 1208 490 1262 l.
532 1208 632 1264 Oratio
653 1209 790 1264 adversus
811 1207 991 1266 Ciceronem.

264 1341 366 1404 Caura
387 1341 645 1403 aeramento
667 1341 746 1418 (bl).
775 1339 934 1403 Antonius
953 1363 1024 1402 cum
1049 1342 1245 1405 consulatum

199 1455 341 1526 peteret,
378 1440 513 1505 ambitus
547 1464 564 1504 a
594 1440 755 1507 Cicerone
790 1464 863 1505 reus
895 1443 1015 1518 factus,
1043 1457 1074 1506 at
1106 1443 1245 1508 frustra:

199 1557 327 1609 creatur
349 1546 430 1608 enim
458 1545 580 1608 consul.
619 1544 704 1608 Vide
733 1556 953 1626 argumentum
985 1547 1162 1610 Orationis
1191 1547 1246 1612 Ci-

198 1648 333 1711 ceronic
355 1648 391 1710 in
413 1660 498 1729 toga
519 1645 680 1710 candida.
711 1648 889 1709 Ferebatur
914 1647 1020 1713 oratio
1044 1647 1085 1712 C.
1113 1648 1247 1713 Antonii

199 1754 352 1814 adversus
375 1749 586 1824 Ciceronem,
613 1761 646 1812 ut
674 1748 774 1812 refert

245 1851 423 1917 'Asconius
449 1852 481 1916 in
515 1854 606 1916 Orat.
640 1851 672 1914 in
707 1855 801 1934 Toga
836 1854 968 1916 candida
1000 1876 1032 1936 p.
1060 1855 1112 1918 95.
1158 1855 1249 1920 Huic

199 1956 354 2042 orationi
378 1956 553 2020 Cicer-onia
575 1969 608 2020 et
638 1955 787 2020 Catilina
812 1968 845 2019 et
871 1957 1045 2020 Antonius
1074 1969 1248 2020 contume-

198 2061 283 2123 liose
305 2059 575 2141 responderunt,
607 2058 700 2141 quod
724 2061 837 2120 colum
856 2071 1035 2140 poterant,
1067 2060 1190 2122 invecti
1211 2059 1246 2122 in

200 2164 384 2227 nouitatem
418 2162 505 2224 eino.
562 2165 778 2223 Feruntur
811 2181 982 2244 quoquc
1017 2162 1249 2224 orationes

200 2267 365 2329 nomine
395 2264 574 2327 illorum
604 2263 766 2336 editae,
793 2281 880 2324 non
902 2264 950 2325 ab
973 2263 1084 2344 ipcie
1107 2263 1246 2346 carip-

201 2381 285 2436 tae,
312 2367 385 2430 ced
405 2369 455 2429 ab
471 2364 697 2431 Ciceronis
719 2365 1118 2437 obtrectatoribus,
1143 2387 1248 2449 quaa

202 2469 346 2532 nereio
367 2487 419 2531 an
441 2468 585 2532 catino
608 2468 669 2529 ait
692 2466 915 2548 ignorare.

266 2571 481 2653 Quintilianus
503 2593 545 2634 ex
564 2567 700 2634 Antonii
727 2567 875 2633 oratione
898 2571 990 2632 affert
1012 2570 1129 2646 locum,
1151 2593 1245 2656 quem

201 2675 300 2756 ipsius
340 2672 475 2738 Antonii
511 2696 580 2737 esse
621 2685 732 2756 putat,
768 2693 876 2735 verum
908 2673 1115 2736 declamatori
1144 2673 1250 2756 potius

200 2776 387 2840 tribuerim:
402 2799 473 2840 nam
487 2779 567 2839 haec
586 2777 654 2859 ipsa
670 2779 769 2839 verba
782 2775 1044 2839 declamationem
1060 2787 1092 2838 et
1107 2779 1248 2840 umbram

200 2879 307 2960 potius
331 2879 457 2962 sapiunt
483 2903 576 2964 quam
600 2900 707 2942 veram
738 2896 875 2941 causam.
909 2877 1008 2944 Conf.
1034 2879 1187 2964 Madwig
1211 2882 1249 2943 de

202 2981 349 3046 Asconio
369 3004 404 3063 p.
427 2983 482 3044 75.

264 3085 397 3166 Quintil.
421 3085 457 3160 9,
487 3083 524 3158 3,
552 3084 604 3145 94.
657 3079 919 3172 Hpoocno'doorc
948 3084 1050 3159 dicit,
1080 3106 1186 3168 quae,
1211 3101 1249 3152 tat

202 3191 375 3262 maxime,
400 3198 554 3250 cernetur
579 3207 659 3250 sane
690 3185 726 3248 in
755 3186 912 3268 pluribus
931 3187 1138 3270 propositio,
1167 3191 1250 3273 quia

201 3303 262 3353 aut
289 3290 437 3372 cingulis
475 3291 593 3352 rtatim
623 3289 717 3354 ratio
754 3289 975 3364 subiiciatur,
1006 3303 1045 3354 ut
1074 3303 1127 3355 eet
1156 3293 1251 3375 apud

116 3418 126 3442 ·
201 3396 239 3456 C.
272 3392 483 3456 Antonium:
513 3391 580 3455 Sed
609 3413 716 3476 neque
749 3403 985 3455 accuratorem
1012 3415 1090 3456 eum
1122 3407 1247 3471 metuo,

201 3497 260 3578 qni
282 3517 358 3556 cum
392 3496 573 3569 innocens,
606 3515 713 3578 neque
739 3497 997 3577 competitorem
1026 3517 1168 3571 vercor,
1193 3497 1252 3582 qui

202 3619 279 3659 cum
294 3597 481 3672 Antonius,
506 3617 612 3680 neque
634 3601 807 3662 consulem
830 3618 943 3679 opero,
968 3599 1027 3681 qui
1047 3611 1098 3661 ert
1113 3599 1245 3665 Cicero.

202 3711 263 3760 cut
283 3699 408 3780 positia
432 3700 564 3767 dnobus
588 3699 789 3774 mitridate,
816 3701 935 3762 eodem
958 3702 1081 3765 ordine
1101 3702 1251 3785 cingulis

203 3801 366 3862 continua
388 3803 575 3876 reddatur,
600 3804 699 3884 qualo
727 3803 822 3883 opud
843 3805 989 3865 Brutum
1014 3805 1054 3867 de
1077 3805 1250 3866 dictatum

203 3906 265 3968 Cn.
289 3905 455 3986 Pompeii.

267 4007 398 4072 Scholia
420 4005 594 4070 Bobieusia
621 4006 652 4068 in
677 4009 770 4071 Orat.
796 4029 827 4087 p.
857 4006 944 4068 Sulla
967 4027 1001 4087 p.
1024 4007 1097 4067 353.
1143 4005 1251 4067 Noui·

202 4121 308 4173 tatem
330 4109 506 4174 Ciceronis
529 4108 629 4170 multi
658 4107 794 4191 quidem
822 4130 886 4190 per
908 4107 968 4168 illa
992 4119 1150 4187 tempora
1170 4127 1249 4170 con-

201 4212 354 4274 tumeliis
376 4211 515 4292 agitare
543 4197 744 4284 voluerunt,
770 4222 808 4272 ut
830 4207 980 4274 Catilina
1000 4219 1033 4269 et
1056 4205 1197 4272 Clodiae
1219 4223 1253 4274 ct

202 4313 292 4394 ipre,
318 4313 474 4396 quamuis
495 4314 628 4394 collega
637 4309 781 4400 fuerit,
807 4314 845 4376 C.
869 4309 1053 4374 Antonino.
