2976 4844
307 531 371 583 walt,
397 532 420 572 d.
441 529 464 571 h.
484 541 533 572 war
557 527 594 572 bei
615 528 735 574 marera
756 524 798 572 der
819 525 912 572 Ceasar
934 528 975 582 ist,
999 529 1041 570 dra
1063 527 1093 570 ist
1115 527 1195 572 dieser
1214 528 1286 574 llirlr·

306 624 344 662 ter
366 617 405 660 fur
431 619 467 662 die
489 617 572 661 Fran:
599 631 626 659 er
650 617 690 662 hat
719 617 756 660 ein
787 616 900 662 iudiciuin
924 617 953 661 de
980 615 1089 660 moribus
1116 616 1285 675 adaugenda.)

308 707 435 762 imperium
465 706 527 762 qnod
551 706 642 750 ridetur
666 703 737 748 habet
761 702 861 759 (dieser
882 703 980 750 Richter
1002 704 1041 748 hat
1065 705 1101 750 die
1123 704 1202 750 Stratie
1226 707 1285 750 nach

307 793 449 839 Gntddnlten
470 806 498 835 zu
520 794 672 846 bestiarum,
693 794 737 834 wie
760 792 797 835 ein
820 791 914 836 Censor
939 794 998 836 nach
1017 792 1160 839 Gutditnken
1183 793 1286 838 Minner

307 886 376 925 nater
397 881 436 926 die
459 882 575 925 Aerrrier
598 885 721 926 tersetzen
745 878 828 934 kann),
853 882 872 924 si
892 882 948 937 quid
970 895 1083 935 perverse
1106 885 1214 938 tetreque
1236 882 1284 925 far·

307 977 354 1013 tum
377 975 413 1015 est
432 984 445 1012 a
465 971 585 1026 muliere3
605 971 731 1017 multatur.
753 965 773 1010 ri
796 971 875 1013 vinum
899 967 960 1013 bibit
980 967 1038 1024 (dns
1058 971 1089 1013 ist
1109 968 1151 1012 das
1171 982 1285 1023 perverse

305 1058 423 1111 lacere);
448 1058 469 1101 si
491 1071 545 1101 eum
567 1059 646 1102 alieno
671 1057 725 1101 viro
752 1057 835 1112 probri
860 1059 916 1114 quid
939 1055 1005 1110 ferit,
1032 1058 1204 1100 condemnatur
1227 1059 1284 1111 (das

306 1147 338 1190 irt
357 1146 399 1189 das
416 1151 477 1190 tetre
497 1143 610 1200 lacere).
648 1147 680 1190 So
703 1147 734 1190 ist
754 1147 793 1192 die
812 1147 990 1200 interpunction
1010 1146 1181 1190 herznstellen.
1221 1143 1284 1190 Mul·

305 1240 369 1280 trun·
391 1249 420 1278 an
441 1235 483 1280 der
504 1235 566 1288 Des,
592 1237 764 1280 coadunantur
784 1236 809 1280 in
831 1237 935 1278 raderer
955 1235 1038 1280 Weise
1060 1235 1096 1278 als
1116 1233 1189 1278 durelr
1211 1233 1281 1280 Geta.

304 1323 349 1367 Die
369 1337 444 1381 ganza
467 1323 551 1376 stede,
574 1322 707 1368 berunders
728 1326 770 1367 dar
789 1324 916 1378 imperium
935 1325 997 1380 qued
1015 1323 1107 1366 ridetur
1124 1322 1204 1374 habet,
1223 1323 1282 1368 wind

303 1412 356 1456 klar
379 1412 451 1456 durch
470 1413 508 1455 die
528 1410 667 1470 Erziihlung
687 1413 727 1456 der
749 1413 804 1456 Vel.
831 1411 865 1456 Μ.
887 1411 956 1458 Vlll.
981 1408 1004 1464 2,
1026 1407 1048 1454 3,
1068 1433 1097 1443 -
1130 1409 1162 1453 Et
1181 1412 1283 1464 pruden-

304 1500 350 1543 tius
372 1512 430 1545 sene
451 1501 589 1555 acutiusque
612 1502 782 1555 interpretetus
805 1504 840 1543 est
864 1499 962 1543 Catonis
983 1497 1057 1542 verba
1084 1497 1191 1556 Gliltling
1213 1511 1283 1554 quarn

303 1587 374 1632 Rein.

271 1709 417 1770 muletatur]
448 1713 508 1758 Rein
528 1726 551 1768 p.
571 1710 639 1758 20¹:
668 1711 792 1757 Multutur·
814 1714 845 1756 ist
866 1726 911 1756 nur
931 1725 976 1756 von
998 1715 1040 1756 der
1060 1712 1083 1756 in
1103 1713 1180 1756 einem
1199 1712 1282 1770 Abzng

305 1802 347 1844 der
364 1803 406 1844 dos
429 1800 589 1845 bestelrenden
612 1801 750 1845 Geldstrefe
771 1815 799 1844 zu
822 1801 957 1846 rerslehen.

269 1927 293 1970 ri
311 1927 394 1970 rinrrm
414 1923 486 1984 didit]
515 1926 580 1970 Pttn.
605 1927 667 1971 tttst.
693 1924 735 1986 14,
757 1922 798 1970 13.
826 1925 882 1971 Non
898 1926 990 1970 licebat
1003 1923 1114 1985 seminis
1134 1925 1226 1970 Romae
1247 1927 1280 1970 ei·

305 2028 364 2058 num
384 2014 477 2058 didere.
516 2013 660 2059 Invenimus
679 2017 745 2058 inler
764 2016 891 2074 exemplu,
912 2013 1019 2076 Egnatia·
1038 2013 1148 2060 Mecenii
1165 2028 1280 2075 retorem,

304 2101 370 2160 quod
391 2103 475 2146 einum
497 2101 602 2147 bibisset
620 2118 632 2146 e
652 2102 728 2158 dolio,
751 2099 911 2161 intersertam
925 2099 996 2161 sueti
1016 2117 1032 2146 α
1053 2103 1154 2157 marito,
1178 2117 1280 2162 eramque

237 2185 241 2192 ’
303 2189 390 2233 raedis
415 2205 430 2232 α
450 2187 552 2234 Romulo
580 2191 728 2236 absolutum.
776 2191 869 2236 Fabius
892 2189 977 2235 Pictor
1003 2191 1030 2234 in
1056 2189 1197 2235 Annalibus
1224 2191 1280 2235 raia

305 2278 432 2338 arripnit,
456 2285 607 2335 matronam,
629 2280 695 2338 quod
715 2281 818 2334 locutor,
841 2281 868 2323 in
890 2280 980 2339 quidne
1001 2285 1075 2322 erunt
1097 2281 1181 2323 elam
1206 2280 1280 2322 rina·

303 2369 359 2414 riae
383 2368 471 2421 cellar,
492 2369 687 2427 resignandam,
706 2381 723 2412 ιι
739 2370 794 2412 cuir
816 2368 902 2414 inedia
920 2369 986 2414 mari
1005 2375 1127 2416 coactam.
1165 2366 1208 2416 Gn.
1227 2365 1279 2410 Do-

302 2459 390 2503 mitius
413 2455 492 2501 index
513 2457 706 2514 pronuntiavit,
738 2458 868 2500 rnulierem
893 2457 974 2501 rideri
999 2458 1058 2514 plur
1086 2455 1179 2502 tibure
1204 2468 1279 2516 quum

302 2545 454 2591 valetudinis
472 2559 553 2588 edura
570 2547 624 2589 ono
643 2545 776 2599 insciente,
800 2550 825 2588 et
844 2544 898 2589 dole
918 2544 1054 2589 mulctavit.

295 2664 533 2728 Pliniusdtist.
558 2667 609 2738 tl,
637 2666 687 2727 13.
726 2663 811 2728 Cato
838 2664 1021 2746 (scripsit),
1047 2663 1121 2726 ideo
1145 2661 1278 2745 propin·

232 2791 315 2854 quos
339 2765 466 2830 lerninis
492 2766 635 2830 osculum
659 2769 745 2843 dare,
772 2780 805 2829 ut
827 2767 957 2842 scirent,
985 2788 1022 2828 an
1043 2778 1191 2829 ternetnrn
1212 2767 1278 2828 ole-

231 2881 314 2934 rent.

266 3011 337 3074 Cato]
375 3017 401 3060 in
426 3017 539 3061 oratione
566 3015 596 3061 de
617 3015 685 3071 dote,
721 3024 745 3061 ut
766 3031 795 3062 er
816 3017 888 3062 Gellii
910 3019 962 3060 toro
985 3029 1057 3069 supra
1077 3019 1213 3060 anemorato
1237 3029 1277 3070 rp-

302 3109 379 3159 paret.

364 3335 411 3390 dl.
447 3333 547 3391 Oratio
571 3339 609 3391 uti
631 3336 740 3406 praeda
761 3338 793 3392 in
815 3340 963 3408 publicum
983 3341 1134 3398 reseratur.

294 3485 390 3548 Hane
424 3483 602 3550 orationem
635 3508 705 3548 cunr
736 3488 880 3571 sequenti
913 3493 967 3556 De
993 3491 1130 3572 praeda
1158 3489 1277 3552 militi-

230 3587 294 3650 bus
321 3587 511 3650 dividunda
540 3586 624 3650 inter
653 3591 816 3653 censorias
841 3591 976 3656 Catonis
997 3588 1163 3663 recensui,
1194 3610 1276 3673 quo-

229 3688 312 3752 niam
340 3690 482 3753 censoris
510 3688 709 3770 potissimum
737 3703 828 3770 erat,
864 3693 1058 3775 providere,
1089 3702 1122 3754 ut
1148 3691 1273 3755 aerario

229 3795 311 3856 bene
336 3793 571 3856 consuleretur.
618 3793 699 3858 Cum
731 3793 814 3856 euim
845 3792 1054 3856 intellexisset
1080 3793 1181 3868 Cato,
1213 3793 1274 3856 im·

227 3909 392 3977 peratores
417 3917 561 3976 magnam
593 3901 729 3980 praedae
762 3906 885 3977 partem
911 3895 941 3956 in
966 3916 1055 3956 suurn
1083 3919 1170 3959 usum
1198 3918 1275 3960 eou-

229 4011 357 4064 vertere
382 3998 510 4075 solere,
537 4013 568 4062 et
593 3998 782 4084 largitiones
808 3990 918 4059 eorum
942 4001 1070 4062 modum
1097 4003 1275 4094 excedere,

227 4100 407 4186 militesque
433 4101 610 4184 corrumpi,
634 4101 677 4164 ita
702 4112 735 4161 ut
757 4097 874 4182 exigua
897 4112 1016 4164 tantum
1039 4106 1177 4185 praedae
1194 4083 1274 4184 ¹pars

227 4202 259 4267 in
288 4204 450 4287 publicum
481 4204 638 4268 aerarium
672 4201 872 4265 referretur:
908 4204 1074 4288 praecepit
1103 4204 1273 4280 oratione,

226 4319 341 4386 quanta
371 4310 508 4389 praedae
540 4327 616 4388 pars
650 4303 865 4387 reipublicae,
898 4319 1014 4392 quanta
1046 4305 1272 4391 imperatoris,
