2976 4844
1196 375 1256 436 105

205 533 363 615 citroque
401 540 601 615 tantamque
635 529 825 594 amicitiam
858 529 1117 615 relinquemus?
1155 531 1259 616 Quod

205 637 286 698 illos
311 633 460 696 dicimus
484 633 632 697 voluisse
654 633 780 722 facere
810 634 847 696 id
876 652 938 696 nos
966 633 1106 716 priores
1124 631 1256 724 facere

206 736 481 819 occupabimur?

272 841 303 902 6.
338 838 409 922 Qui
443 837 615 902 acerrime
647 838 818 902 advorsus
852 861 911 902 eos
945 839 1049 913 dicit,
1078 839 1129 902 ito
1151 839 1255 916 dicit,

206 942 339 1005 hostcis
370 941 519 1004 voluisse
541 941 645 1018 fieri.
690 940 818 1026 Ecquis
850 953 902 1004 est
931 943 1071 1004 tandem
1099 943 1158 1025 qui
1182 964 1259 1008 vos·

206 1055 358 1121 trorum,
380 1044 475 1129 quod
496 1044 543 1106 ad
564 1065 639 1108 sese
664 1045 821 1122 attineat,
846 1065 994 1128 aequum
1013 1056 1159 1118 censeat,
1175 1067 1258 1128 poe-

207 1168 274 1210 nus
296 1147 381 1210 dare
406 1147 449 1210 ob
477 1168 555 1210 cam
580 1169 672 1222 rem,
703 1148 796 1233 quod
823 1159 998 1230 arguatur
1022 1151 1110 1212 male
1125 1148 1258 1238 facere

209 1249 388 1314 voluisse?
417 1251 543 1326 Nema,
570 1249 714 1333 opinor:
740 1271 823 1312 nam
847 1273 925 1333 ego,
950 1252 1043 1335 quod
1063 1252 1110 1314 ad
1130 1273 1183 1314 me
1204 1263 1258 1314 ut·

207 1352 307 1426 tinet,
337 1352 457 1416 nolim.

275 1458 306 1518 7.
330 1455 424 1538 Quid
446 1455 563 1518 nunc?
594 1457 714 1540 Ecqua
740 1453 879 1518 tandem
904 1457 964 1518 lex
990 1467 1042 1520 est
1067 1469 1139 1520 tam
1162 1477 1258 1520 acer-

208 1557 272 1634 ba,
306 1579 394 1642 quae
429 1558 545 1620 dicat:
584 1559 622 1623 Si
656 1558 733 1644 quis
765 1558 852 1622 iliud
873 1556 1006 1648 facere
1047 1558 1256 1636 voluerit,

210 1659 302 1725 mille
324 1661 438 1724 minus
460 1660 641 1724 dimidium
652 1659 825 1752 familiae
847 1656 976 1725 mulcta
992 1675 1080 1725 esto.
1124 1662 1162 1726 si
1182 1661 1260 1747 quis

207 1766 289 1847 plus
314 1765 506 1848 quingenta
529 1765 655 1845 iugera
684 1765 808 1827 habere
832 1767 897 1828 col
905 1765 1036 1838 uerit,
1061 1776 1160 1826 tanta
1177 1786 1259 1846 poe·

211 1878 374 1941 mesto,
410 1877 443 1929 et
466 1866 498 1928 si
523 1867 601 1949 quis
625 1867 793 1929 maiorem
815 1887 965 1949 pecuum
991 1887 1173 1929 numerum
1199 1869 1259 1930 ha-

210 1969 291 2032 bere
326 1968 531 2044 voluerit,
569 1980 705 2030 tantum
740 1969 885 2031 damnas
922 1981 1010 2031 esto.
1055 1970 1164 2052 Atqui
1197 1990 1260 2032 nos

214 2071 333 2135 omnia
361 2075 467 2154 pluro
495 2071 620 2135 habere
649 2074 828 2148 volumus,
864 2083 897 2134 ct
926 2072 964 2134 id
996 2072 1093 2134 nobis
1121 2073 1261 2155 impune

211 2185 277 2236 esi.

277 2275 309 2338 8.
343 2276 412 2340 Sca
439 2276 470 2340 si
498 2279 666 2340 honorem
702 2296 770 2339 non
804 2297 951 2361 aequum
984 2289 1049 2358 est
1069 2278 1190 2342 haberi
1218 2279 1264 2342 ob

213 2399 291 2442 eam
315 2401 401 2453 rem,
428 2381 522 2463 quod
549 2380 631 2442 bene
644 2377 779 2470 facere
804 2381 951 2442 voluisse
977 2380 1056 2463 quis
1081 2381 1176 2456 dicit,¹
1204 2401 1262 2444 ne-

213 2501 278 2565 que
299 2478 391 2565 fecit
415 2493 550 2544 tamen:
573 2475 826 2546 Rhodiensibus
849 2484 936 2544 mole
961 2482 1045 2556 erit,
1078 2502 1146 2544 non
1168 2481 1262 2564 quod

214 2586 304 2646 male
322 2581 519 2672 fecerunt,
538 2582 610 2646 'sed
637 2584 720 2668 quia
747 2583 895 2646 voluisse
921 2581 1084 2646 dicuntur
1102 2581 1262 2673 facere?

278 2687 311 2750 9.
343 2685 557 2750 Rhodienses
582 2687 750 2769 superbos
774 2707 848 2748 esse
875 2685 992 2762 aiunt,
1029 2683 1067 2748 id
1090 2685 1261 2749 obiectan-

213 2800 285 2865 tes,
322 2789 415 2873 quod
445 2787 529 2852 mihi
560 2801 593 2852 et
625 2789 742 2852 liberis
773 2788 857 2853 meis
883 2789 1022 2854 minime
1051 2789 1119 2852 dici
1148 2788 1260 2852 veiim.

214 2890 291 2954 Sint
318 2911 402 2954 sane
429 2889 585 2973 superbi.
635 2885 729 2974 Quid
759 2892 796 2955 id
823 2892 869 2954 ad
895 2913 958 2956 nos
986 2891 1140 2955 attinet.⁹
1176 2891 1261 2957 Idne

214 2991 416 3069 irascimini,
447 2993 479 3056 si
504 2994 582 3080 quis
609 2995 791 3078 superbior
826 3007 877 3058 cst
907 3016 1012 3079 quam
1043 2995 1135 3058 nos?

252 3138 276 3183 1.
314 3137 374 3184 Scio
395 3137 487 3199 solere]
523 3140 587 3184 idem
606 3137 674 3186 locus
696 3155 710 3184 s
732 3141 812 3186 Genio
834 3136 874 3195 13,
895 3138 928 3184 24
946 3141 1081 3196 repetitur:
1101 3136 1140 3193 M,
1159 3135 1218 3184 Cato
1235 3140 1263 3184 irs

285 3227 410 3294 orationis
424 3227 567 3295 principio,
586 3241 660 3286 quam
683 3225 752 3272 dixit
769 3226 797 3270 in
819 3231 910 3272 senatu
924 3240 974 3290 pro
992 3224 1185 3282 Rhodiensibus,
1206 3242 1264 3272 cum

286 3315 357 3360 vellet
379 3329 421 3360 rss
442 3316 521 3360 nimis
540 3326 681 3374 prosperus
702 3313 796 3368 dicero,
820 3315 902 3359 tribus
921 3314 1053 3383 ¹uocabulis¹
1066 3313 1137 3382 'idem
1154 3316 1264 3387 sentisn-

285 3401 353 3448 tibus
377 3401 456 3448 dixit.
496 3401 579 3448 Verba
602 3404 658 3447 eius
678 3400 740 3447 haec
759 3409 837 3447 sunt:
860 3395 922 3447 Scio
939 3405 1021 3447 solers
1034 3402 1167 3462 plerisque
1186 3401 1267 3448 homi·

199 3531 203 3540 ,
284 3491 358 3536 nibus
382 3491 409 3535 in
432 3490 508 3536 rebus
530 3489 650 3536 secundis
674 3497 746 3550 atque
767 3491 884 3549 prolixis
905 3487 976 3550 atqui
995 3491 1131 3550 prosperis
1152 3495 1265 3537 animum

288 3579 425 3634 sxccilsrs,
448 3585 520 3640 atque
538 3579 683 3637 superbiam
704 3585 776 3638 atque
790 3575 923 3638 ssroeiom
941 3591 1090 3638 augescere.
1147 3617 1148 3620 ,

252 3703 278 3748 in
300 3703 375 3748 rebus
398 3702 531 3764 secundis]
566 3704 593 3748 in
611 3705 688 3748 addidi
715 3701 843 3747 ex'Geilio
866 3699 907 3756 1³,
932 3699 974 3751 21.
1011 3703 1092 3761 Vulgo
1112 3704 1187 3746 deest.

253 3827 552 3890 atque-atqus-atqus]
591 3831 650 3877 hans
676 3831 821 3886 particulam
845 3834 909 3872 sinat
935 3828 1015 3883 Cato,
1042 3833 1107 3872 amat
1130 3826 1264 3871 vetustissi-

286 3931 340 3962 mus
357 3919 458 3976 quisque
477 3922 603 3970 auctorum
624 3919 773 3970 latinorum:
791 3919 857 3982 quod
873 3906 959 3984 postes
978 3916 1066 3960 imitati
1087 3920 1142 3959 sunt
1163 3915 1197 3958 Μ.
1216 3913 1265 3956 Διι-

289 4006 366 4051 relius
387 4007 520 4062 imperator
541 4011 612 4063 atque
632 3987 735 4050 Fronto.
782 3997 825 4049 Ille
846 3989 909 4050 enim
932 3985 993 4059 apud
1015 4005 1162 4047 Frontonem
1185 4000 1265 4056 Epist·

289 4096 317 4138 ad
343 4094 379 4143 Μ.
400 4095 532 4139 Gaesarem
560 4095 577 4138 1.
603 4090 628 4148 2,
651 4091 691 4140 16.
718 4107 745 4162 ρ.Ι
761 4087 810 4160 ‚⁶¹⁰
836 4095 873 4138 ed.
900 4090 972 4136 Rom.
1020 4089 1078 4150 Ego
1100 4087 1147 4131 tibi
1168 4087 1199 4132 sie
1217 4103 1264 4147 pa·

287 4187 361 4226 trono
379 4194 433 4227 meo
451 4179 489 4226 Μ.
509 4181 599 4226 Porcio
617 4181 719 4242 gratias
738 4193 798 4241 ogo,
817 4178 883 4238 quod
900 4192 956 4224 eum
973 4176 1062 4221 crebro
1079 4175 1187 4222 lectitas.
1226 4175 1265 4220 Tu

289 4267 352 4316 mihi
374 4269 405 4316 de
427 4267 453 4316 0.
476 4265 566 4328 Crispo
587 4270 662 4314 timeo
683 4261 845 4327 ut''tsm‘quom
864 4265 965 4326 gratias
984 4273 1061 4324 agere
1079 4251 1178 4322 possis.
1206 4277 1265 4308 susm
