2992 4840
234 377 295 442 stt

225 537 312 627 fuit
328 538 417 600 enim
439 539 493 600 Μ.
511 537 642 618 Lepido
658 548 691 598 et
706 540 746 598 L.
759 538 880 600 Oreste
900 559 986 600 coss.
1002 550 1165 622 quaestor
1180 543 1287 603 Grac-

237 642 338 715 chus,
365 639 522 701 tribunus
552 641 703 716 Pennus,
729 639 822 701 illius
841 643 896 704 Μ.
913 641 1040 718 filius,
1065 643 1124 724 qui
1146 665 1222 704 cum
1244 647 1287 725 Q.

238 741 338 806 Aelio
364 744 484 803 consul
494 739 597 831 fuit,
622 740 730 803 sedis
753 743 870 806 omnia
884 763 1020 805 summo
1034 763 1180 825 sperans
1195 745 1289 808 aecli-

237 843 336 906 lieius
358 856 410 906 est
436 855 607 906 mortuus.

272 983 300 1032 G.
317 985 479 1045 Gracchum]
525 991 559 1032 M.
584 989 678 1034 Pennus
700 991 722 1033 in
760 991 881 1034 tribunatu
909 992 985 1048 legem
1010 993 1062 1034 tulit
1087 994 1114 1034 tle
1141 993 1289 1056 peregrinis5

307 1091 377 1133 qnam
399 1077 428 1120 C.
451 1075 573 1120 Gracchus
595 1078 725 1131 dissuasit,
777 1084 800 1121 ut
829 1080 852 1121 in
879 1077 1027 1122 orationibus
1050 1077 1078 1122 C.
1102 1078 1203 1123 Gracchi
1234 1093 1290 1122 mcx

312 1165 427 1208 dicemus.

305 1339 462 1425 Equidem
495 1339 620 1401 Iunium
647 1341 789 1402 Pennum
820 1362 884 1402 non
914 1340 997 1402 inter
1030 1353 1176 1403 oratores
1202 1353 1289 1404 retu-

238 1441 363 1519 lissem,
387 1441 448 1504 nisi
471 1441 600 1504 Ellendt
625 1444 663 1502 nd
684 1441 854 1505 Ciceronis
880 1443 984 1504 locum
1008 1466 1039 1524 p.
1056 1443 1111 1504 82.
1136 1441 1168 1504 id
1193 1443 1290 1506 secis-

240 1556 303 1619 sct,
328 1544 508 1607 orationum
534 1544 637 1607 Penni
662 1544 847 1626 particulam
877 1548 959 1626 apud
978 1544 1116 1608 Plinium
1135 1546 1221 1608 Hist.
1237 1546 1289 1620 38,

243 1645 277 1720 2,
302 1647 333 1709 9.
357 1645 421 1727 lcgi
443 1656 543 1708 ratus.
590 1645 640 1708 lbi
667 1646 748 1709 enim
774 1646 928 1732 legimus:
961 1647 1128 1730 Equitum
1154 1647 1291 1731 quidem

239 1749 343 1811 etiam
368 1769 491 1810 nomen
516 1749 630 1830 ipsum
655 1770 756 1830 saepe
778 1749 950 1812 variatum
974 1762 1047 1824 est,
1071 1752 1107 1812 in
1129 1750 1183 1812 bis
1205 1771 1289 1833 quo·

239 1873 303 1933 que
322 1851 381 1934 qui
406 1851 452 1911 ud
473 1850 665 1933 equitatum
687 1847 924 1913 trcibebantur.
971 1855 1105 1917 Celeres
1129 1852 1192 1913 sub
1217 1855 1289 1930 tto,-

170 2014 175 2032 ,
241 1956 334 2016 mulo
359 1954 563 2035 regibusque
587 1955 753 2036 appellati
779 1965 877 2028 sunt,
911 1954 1031 2016 deinde
1044 1954 1289 2044 flexumines,

239 2067 361 2138 postea
383 2056 546 2130 trossuli,
583 2078 661 2116 cum
689 2057 854 2138 oppidum
885 2057 919 2117 in
947 2060 1072 2119 Tuscis
1092 2059 1181 2118 citra
1209 2060 1291 2122 Vol·

241 2159 350 2220 sinios
384 2158 458 2220 sine
495 2161 566 2220 ullo
599 2159 753 2240 peditum
787 2159 987 2220 adiumento
1020 2158 1187 2240 cepissent
1218 2159 1291 2221 eius

241 2259 413 2335 vocabuli,
447 2251 548 2344 idque
576 2261 714 2322 decreuit
737 2263 831 2322 ultra
856 2264 894 2324 0.
917 2262 1122 2324 Gracchum.
1168 2261 1291 2326 Iunius

239 2375 350 2438 certe,
386 2365 445 2445 qui
478 2366 522 2424 ab
557 2363 711 2426 amicitia
739 2363 813 2426 eius
842 2365 1063 2426 Gracchanus
1093 2367 1288 2446 appellatus

239 2476 308 2540 est,
332 2466 501 2548 scriptum
518 2465 657 2549 reliquit
671 2466 726 2528 his
740 2465 868 2527 verbis:
907 2466 1024 2550 „Quod
1038 2467 1085 2527 ad
1101 2479 1289 2550 equestrem

240 2569 397 2632 ordinem
427 2568 598 2650 pertinet,
637 2581 740 2630 antea
781 2571 951 2630 trossulos
980 2570 1166 2644 vocabant,
1200 2590 1289 2630 nunc

240 2671 369 2753 equites
397 2685 536 2747 vocant,
569 2673 712 2755 ideoque
738 2671 821 2755 quia
847 2692 916 2733 non
938 2671 1135 2754 intelligunt
1156 2685 1288 2734 trossu-

240 2775 293 2834 los
317 2795 437 2835 nomen
465 2775 547 2856 qnid
576 2777 703 2850 valeat,
728 2777 854 2836 multos
876 2775 982 2854 pudet
1005 2797 1045 2836 eo
1068 2775 1205 2836 nomine
1228 2795 1290 2854 op·

238 2874 401 2956 pellari“,
426 2886 458 2937 et
484 2898 643 2950 cucusam,
669 2897 756 2960 quae
780 2899 887 2958 supra
914 2878 1066 2938 indicata
1082 2887 1152 2948 est,
1176 2897 1285 2958 expo-

242 2977 293 3038 nit
316 2976 505 3060 invitosque
534 2979 721 3041 etiamnum
743 2991 858 3042 tumen
882 2982 1051 3042 trossulos
1076 2977 1204 3040 vocari.

306 3115 371 3177 Sed
405 3119 523 3178 duabus
557 3118 755 3197 potissimum
785 3117 887 3180 causis
919 3117 1071 3182 Ellendtii
1107 3115 1290 3198 opinionem

241 3215 448 3278 refellendam
477 3218 631 3282 arbitror.
681 3221 826 3283 Prinnnn
856 3219 1028 3282 verisimile
1050 3241 1113 3282 non
1138 3231 1201 3295 est,
1226 3221 1290 3281 hoc

243 3317 327 3380 lunii
342 3317 553 3400 fragmentum
574 3344 615 3384 ex
633 3322 779 3385 oratione
802 3326 937 3408 quadarn
963 3321 1094 3402 petitum
1116 3341 1204 3382 esse:
1233 3319 1290 3382 sti·

242 3421 290 3482 lus
313 3419 395 3484 enirn
418 3433 448 3484 et
470 3424 563 3486 color
583 3424 701 3485 indicat
722 3416 844 3506 potius,
870 3448 910 3486 ex
935 3424 1090 3486 historico
1115 3444 1182 3484 esse
1204 3445 1290 3484 sum·

242 3533 320 3586 turn.
365 3525 489 3586 Deinde
512 3525 636 3588 Iunium
661 3526 758 3588 Plinii
781 3527 906 3589 lunium
932 3529 1074 3588 Pennum
1099 3547 1167 3586 esse
1186 3545 1290 3608 neg0,

242 3629 298 3688 sed
319 3627 424 3708 potius
445 3630 495 3688 M.
515 3629 640 3690 Iunium
664 3631 886 3691 Gracchanum
912 3627 1150 3709 intelligendum
1177 3645 1291 3688 censeo

243 3727 298 3811 qui
322 3733 360 3790 de
382 3741 573 3810 potestatum
597 3730 664 3792 iure
688 3731 828 3812 scripsit.
853 3731 925 3795 Cic.
949 3731 998 3792 De
1026 3729 1170 3811 Legibus
1191 3729 1221 3800 3,
1240 3729 1291 3800 20,

244 3831 297 3893 49.
333 3831 467 3893 loannes
491 3835 603 3911 Lydus
624 3835 673 3895 De
691 3833 876 3916 Magistrat.
903 3831 1017 3913 populi
1041 3829 1166 3893 romani
1188 3830 1243 3900 lib.
1259 3833 1289 3889 1.

242 3933 296 3994 21.
319 3954 353 4012 p.
374 3933 432 3996 139
457 3937 507 3995 ed.
534 3936 635 3996 Bekis.
660 3934 797 3996 eiusdem
820 3934 897 3996 facit
922 3933 1132 3995 mentionem:
1155 3925 1292 4005 Ἰούνιος

244 4036 278 4098 Γ
273 4032 449 4120 purpureis
471 4038 503 4100 ἐν
529 4037 572 4126 τῷ
592 4043 664 4124 περὶ
686 4037 847 4114 ἐξουσιῶν.
887 4036 981 4100 Cous,
1005 4035 1153 4096 Niebuhr
1175 4035 1220 4095 H.
1247 4034 1290 4094 R.

244 4145 268 4194 t.
287 4135 318 4195 2.
346 4157 379 4216 p.
400 4138 450 4197 12.
481 4137 909 4202 OrelliusinOnomastico.
938 4139 1161 4224 Westermnnn
1184 4157 1218 4216 p.
1236 4135 1290 4197 90.

247 4235 411 4300 Drumann
435 4250 460 4299 t.
479 4241 507 4300 lt.
532 4263 566 4320 p.
585 4241 636 4301 51.
