2958 4840
261 402 322 464 ⁶28

296 562 420 626 praetori]
456 563 593 614 Srinmecb.
615 559 692 614 Epist.
715 560 730 602 t.
753 556 783 608 8,
806 553 847 599 it.

296 655 422 722 pontifici]
463 660 523 702 tuit.
545 661 560 701 t.
584 657 612 712 1,
636 653 676 699 tt.
710 655 790 699 Maior
809 659 887 697 auteur
908 651 1014 706 pontifex
1032 651 1188 703 Srrnmecbus
1212 649 1313 701 dieitur,

338 751 391 806 qnia
411 751 438 792 de
459 749 534 790 classe
555 747 710 801 patriciorum
730 743 881 786 sacerdotum
899 740 952 783 luit.
992 740 1071 782 nnius
1091 729 1221 800 MXXX,

299 841 446 902 correctori]
483 847 500 891 i.
522 859 543 891 e.
565 844 679 898 praetori.
709 840 863 892 Simuiacbns
887 841 1010 881 corrector
1031 850 1050 880 ς.
1072 841 1169 890 praetor
1190 835 1314 878 Liternino

333 940 356 977 st
374 935 523 976 Bruttiorum
542 937 593 976 arnt
613 946 637 974 a.
661 927 724 974 1118
745 923 834 984 (365),
862 927 926 968 Maio
947 930 1005 968 teste
1026 937 1048 977 p.
1071 920 1155 968 XXX·
1178 925 1215 976 ed,
1238 924 1312 968 Rom.

333 1037 355 1065 a.
380 1018 453 1064 ¹823.
475 1026 498 1064 ct
519 1019 621 1064 Orellio.

301 1119 387 1162 comiti
405 1117 460 1162 ord.
476 1115 557 1174 tertii]
575 1115 610 1158 Ex
630 1113 826 1167 inscriptionibus
846 1111 955 1154 norirnos
975 1109 1078 1153 comites
1097 1107 1199 1152 ordinis
1210 1109 1307 1166 primi,

336 1205 454 1258 secundi,
475 1205 553 1250 tertii.

297 1304 444 1361 proconsuli
461 1299 575 1361 Africae]
612 1315 632 1344 e.
653 1316 676 1344 u.
700 1297 764 1342 titt
785 1295 869 1352 (³73).

299 1398 427 1458 praesecto
446 1398 528 1456 urbis]
565 1413 587 1442 a.
609 1413 631 1444 u.
656 1394 719 1440 1137
740 1393 828 1454 (881).

300 1495 409 1556 consuli]
445 1513 469 1544 a.
491 1512 514 1541 u.
539 1492 705 1550 11111391).

331 1618 412 1678 Etim
434 1617 528 1678 vitam
549 1613 741 1696 produxisse
761 1634 860 1696 usque
882 1615 920 1674 ad
941 1633 1053 1674 annum
1077 1612 1207 1675 circiter
1231 1615 1313 1674 1168

265 1721 373 1796 (tto),
408 1717 520 1779 scribit
543 1718 650 1779 Maius
679 1715 710 1777 in
734 1717 798 1777 vita
821 1714 1020 1794 Symmachi,
1050 1736 1142 1800 quam
1174 1727 1205 1777 et
1234 1718 1312 1778 edit.

266 1817 504 1882 Mediolanensi
531 1841 560 1879 a.
594 1819 692 1888 1816,
732 1828 763 1877 et
794 1816 926 1879 editioni
951 1819 1114 1882 Romanae
1149 1839 1179 1880 a.
1218 1819 1312 1880 1823.

266 1920 395 1984 adiecit.
436 1920 537 1986 Conl.
562 1919 682 2000 Heynii
707 1918 851 1984 Censura
875 1919 995 2003 ingenii
1018 1933 1049 1983 et
1073 1941 1194 1983 morum
1219 1922 1315 2000 Sym·

268 2023 369 2085 nrachi
393 2024 424 2087 in
449 2025 605 2106 Opuscnl.
631 2027 785 2086 Acadeni.
810 2023 853 2084 Τ.
879 2025 910 2086 6.
935 2047 969 2104 p.
996 2025 1129 2086 1-18,

330 2127 493 2191 Ausonius
523 2126 555 2189 in
585 2125 740 2208 Epistolis
770 2125 1020 2205 Symmachianis
1043 2128 1065 2188 l.
1100 2131 1127 2194 1.
1156 2150 1211 2208 ep.
1242 2128 1312 2190 32:

267 2230 379 2292 Modo
409 2231 582 2312 intelligo,
618 2249 721 2312 quam
745 2233 864 2291 mellea
886 2253 941 2292 res
972 2231 1016 2293 sit
1045 2232 1177 2303 oratio,
1209 2251 1316 2314 quam

269 2331 451 2407 delenifica
474 2345 506 2393 et
529 2353 632 2415 qinom
655 2332 766 2392 suada
775 2329 970 2421 facundia.
994 2335 1056 2397 lile
1072 2333 1312 2408 suauissimus,

267 2434 498 2524 ille-floridus
521 2435 572 2496 tui
595 2435 763 2496 sermonis
786 2433 954 2520 afflatus!
1005 2435 1111 2498 Haud
1132 2435 1315 2519 quisquam

268 2537 318 2596 ita
341 2537 442 2609 nitet,
473 2549 510 2597 ut
532 2549 752 2617 comparatus
776 2536 836 2598 tibi
859 2559 925 2600 non
949 2538 1097 2601 sordeat.
1148 2537 1235 2620 Quis
1264 2536 1317 2598 ita

269 2639 397 2719 Aesopi
418 2651 646 2711 contectalem,
672 2639 749 2721 quis
766 2639 972 2717 sophisticas
991 2640 1158 2703 Isocratis
1180 2641 1315 2702 conclu·

239 2749 243 2755 '
267 2739 398 2813 cinnes,
419 2742 495 2824 quis
513 2741 561 2801 ad
576 2743 832 2825 enthymemata
852 2742 1112 2814 Demosthenis,
1143 2753 1204 2803 aut
1228 2762 1315 2822 opia-

267 2843 406 2903 tentiam
431 2844 626 2906 Tullianam
657 2854 718 2904 aut
746 2845 996 2925 proprietatem
1017 2845 1129 2907 nostri
1153 2843 1314 2908 Maronis

268 2945 435 3005 accedat?

332 3029 521 3092 Macrobius
549 3030 580 3092 in
605 3031 764 3093 Saturnal.
797 3030 853 3093 lib.
884 3032 922 3104 5,
958 3035 987 3092 1.
1042 3034 1201 3112 Quattuor
1232 3041 1315 3091 sunt

268 3152 397 3211 genera
419 3132 571 3194 dicendi:
594 3134 788 3215 copiosum,
814 3135 849 3194 in
872 3155 939 3216 quo
962 3134 1162 3196 dominatur
1181 3133 1313 3204 Cicera,

269 3233 382 3304 breue,
400 3233 434 3292 in
452 3255 520 3316 quo
534 3237 707 3296 Salustius
723 3248 865 3316 regnat5
883 3235 1026 3309 siccum,
1045 3236 1137 3318 quod
1152 3235 1318 3298 Frontoni

268 3331 494 3412 adscribitur3
518 3336 649 3414 pingue
671 3349 704 3397 et
719 3337 920 3427 floridum,
953 3339 988 3398 in
1012 3359 1079 3420 quo
1102 3338 1233 3401 Plinius
1257 3341 1316 3400 Se-

270 3434 402 3496 cundus
433 3435 605 3518 quondam
625 3448 667 3510 ,et
694 3458 783 3498 nunc
814 3443 932 3502 nullo
961 3440 1319 3502 ueterumminor

270 3549 419 3600 noster
443 3541 720 3622 Symmachus
743 3541 958 3606 luxuriatur.

334 3639 552 3703 Cassiodorus
575 3641 605 3702 in
630 3641 775 3706 Historia
798 3643 958 3724 tripartita
981 3645 1038 3707 lib.
1054 3649 1092 3721 9,
1119 3647 1169 3708 23.
1216 3649 1319 3730 Sym·

271 3745 410 3806 machus
430 3744 520 3804 inter
536 3755 713 3806 senatores
727 3748 936 3828 praecipuus
950 3749 1154 3821 habebatur,
1174 3760 1319 3832 eratque

269 3845 406 3908 romani
426 3845 552 3928 eloquii
571 3846 765 3910 eruditione
784 3848 963 3924 mirabilis,
988 3841 1087 3913 cuius
1110 3851 1211 3914 multi
1233 3872 1319 3936 quo-

271 3969 334 4030 que
358 3947 580 4027 reperiuntur
602 3948 693 4010 iibri.

333 4050 482 4111 Socrates
516 4047 603 4146 llist.
633 4050 821 4114 Ecclesiast.
853 4053 908 4118 lib.
945 4057 982 4132 5,
1020 4057 1072 4118 11.
1130 4051 1321 4142 Σύμμαχος

270 4151 399 4236 πρῶτος
426 4157 485 4233 μέν
514 4147 553 4230 ἦν
582 4151 639 4232 τῆς
670 4154 702 4217 ἐν
728 4149 836 4247 Ῥώμῃ
859 4151 1054 4240 συγκλήτου.
1081 4153 1320 4244 Ἐθαυμάζετο

269 4253 302 4312 tt
332 4253 382 4315 ἐπὶ
405 4247 571 4317 παιδεύσει
594 4247 700 4336 λόγων
718 4249 924 4342 Ῥωμαϊκῶν,
954 4256 1096 4347 καὶγὰρ
1124 4256 1215 4350 αὐτῷ
1237 4265 1321 4327 πολ-
