2970 4836
252 361 294 420 60

252 521 414 602 exempla
442 519 476 580 iu
504 518 614 581 literis
643 530 722 580 sum
755 519 1048 600 castigalissimae
1079 519 1293 601 discipliuae.

253 625 367 684 Unum
386 634 437 684 est
461 621 709 684 huiuscemodi.
755 623 884 685 Censor·
912 621 1075 703 adigebat
1100 623 1142 685 cle
1173 625 1297 686 uxori-

252 725 315 786 bus
335 727 473 786 solenne
496 724 753 786 iusiurandum.
791 724 904 788 Verba
925 736 1025 787 erant
1047 727 1097 786 ila
1116 739 1298 808 concepta:

254 829 305 888 Ut
326 839 370 888 tu
393 850 445 888 esc
464 826 597 888 animi
619 826 686 888 lui
707 827 923 888 sententia
943 849 1124 889 texerem
1145 829 1299 890 habes?

252 930 322 1012 Qui
351 928 509 1005 iurabat,
539 929 719 991 cavillator
740 929 881 1011 quidam
903 941 937 992 et
958 931 1116 992 canicula
1137 943 1170 992 et
1194 931 1299 994 nimis

253 1032 478 1094 ridicularius
499 1030 597 1121 fuit.
654 1036 690 1096 Is
717 1034 831 1093 locum
864 1053 938 1094 esse
968 1031 1033 1095 sibi
1065 1033 1132 1095 ioci
1163 1033 1299 1095 clicencii

252 1147 364 1209 ratus,
394 1156 471 1196 cum
493 1135 553 1208 ita,
582 1147 619 1195 ui
643 1156 716 1196 mos
740 1146 830 1208 erat,
855 1154 976 1197 censor
998 1135 1165 1196 dixisset:
1193 1137 1236 1197 Ut
1259 1147 1298 1197 ta

252 1260 300 1300 ecc
320 1236 429 1299 animi
452 1237 504 1298 lui
525 1237 694 1300 sententia
721 1259 870 1299 uxorem
899 1237 1027 1300 habes?
1054 1238 1174 1300 Habeo
1202 1238 1297 1322 equi·

252 1341 347 1413 clem,
376 1341 504 1423 iuquit,
531 1363 697 1416 uxorem,
724 1340 872 1402 sednon
899 1342 1011 1401 hercle
1034 1363 1081 1402 coc
1102 1340 1210 1402 animi
1232 1341 1298 1404 mei

251 1443 432 1506 sententia.
479 1446 570 1506 Tum
593 1463 715 1504 censor
735 1463 833 1516 eum,
858 1442 952 1526 quod
973 1443 1206 1525 intempestive
1228 1445 1298 1506 las·

252 1547 410 1619 emisset,
444 1545 479 1607 iu
511 1545 670 1607 aerarios
701 1545 843 1618 retulit,
877 1565 1083 1628 causamque
1113 1547 1200 1606 hanc
1230 1546 1299 1609 ioci

251 1649 409 1711 scurrilis
431 1648 526 1729 apud
547 1669 584 1710 se
606 1647 689 1710 dicti
712 1646 928 1728 subscripsit.

315 1753 370 1814 Ex
393 1749 442 1812 his
466 1749 592 1832 quidem
616 1748 725 1810 verbis
750 1770 812 1812 non
834 1760 978 1829 apparet,
1005 1748 1158 1813 Catonem
1182 1750 1213 1812 in
1234 1753 1299 1813 Na·

251 1853 349 1918 sicam
369 1851 538 1937 reliquisse
560 1852 752 1916 orationem.
798 1851 861 1914 Sed
884 1873 954 1912 cum
977 1850 1111 1928 Livius,
1136 1865 1169 1915 ut
1199 1876 1298 1934 supra

252 1957 406 2032 vidimus,
437 1956 538 2030 dicat,
571 1976 589 2016 a
619 1953 743 2018 Catone
773 1953 806 2016 in
836 1975 961 2028 omnes,
991 1977 1073 2038 quos
1106 1968 1159 2018 aut
1188 1967 1297 2020 senatu

252 2058 404 2122 movisset
434 2069 487 2119 aut
517 2056 635 2142 quibus
667 2078 782 2140 equum
814 2055 996 2132 ademisset,
1031 2057 1196 2121 orationes
1228 2080 1297 2121 esse

252 2165 394 2235 habitas,
424 2181 502 2223 vcro
529 2171 576 2222 est
601 2158 720 2234 simile,
746 2159 828 2221 idem
852 2181 922 2222 cum
949 2159 1081 2235 fecisse,
1108 2183 1179 2224 aum
1201 2160 1296 2224 Nasi-

252 2286 320 2328 cam
345 2275 483 2337 notaret,
509 2261 535 2324 si
561 2273 648 2324 certe
672 2261 790 2324 Nasica
812 2273 864 2324 aut
890 2274 1020 2326 senator
1043 2274 1095 2325 aut
1121 2285 1218 2348 eques
1245 2265 1296 2326 fu·

252 2379 321 2431 erat
335 2368 438 2450 (quod
460 2362 598 2447 dubito).
644 2365 724 2444 Quis
741 2363 822 2426 enim
846 2365 900 2426 hic
924 2363 1040 2428 Nasica
1063 2365 1114 2439 sit,
1140 2365 1296 2428 incertum

252 2481 319 2546 θεῖς
354 2482 388 2532 ut
414 2467 476 2530 iam
506 2467 637 2548 Lipsius
659 2465 691 2528 in
719 2466 883 2547 Operibus
907 2479 931 2529 t.
955 2469 985 2530 l.
1010 2490 1045 2550 p.
1069 2469 1142 2531 208.
1166 2467 1297 2549 proles·

251 2596 304 2638 sue
327 2585 393 2636 est:
418 2593 510 2636 nemo
538 2569 621 2635 enim
644 2568 885 2632 celeberrimum
913 2582 1006 2655 atque
1030 2569 1297 2652 sapientissimum

250 2676 366 2752 virum,
388 2674 429 2737 P.
448 2672 636 2738 Cornelium
659 2671 846 2753 Scipionem
869 2672 1032 2748 Nasicam,
1054 2672 1296 2756 intelligendum

249 2789 355 2860 putet.
407 2777 479 2839 Imo
508 2779 546 2838 de
569 2796 607 2838 eo
635 2773 765 2837 omnino
789 2773 883 2847 nihil,
908 2785 1002 2858 atque
1024 2795 1064 2837 ne
1085 2795 1201 2837 nomen
1223 2775 1296 2859 qui·

251 2883 480 2951 demonstat,
505 2889 538 2940 ut
561 2897 602 2940 ex
626 2875 763 2939 editione
790 2876 905 2940 Orellii
925 2885 1025 2956 patet.

285 3037 394 3070 uxorem
409 3021 498 3082 habes]
526 3023 692 3080 Quaerebetur
713 3037 727 3066 a
748 3035 848 3066 censore
871 3021 899 3064 de
921 3020 1022 3079 singulis
1044 3020 1145 3081 civibus,
1167 3019 1294 3064 haberent-

321 3127 350 3162 ue
373 3125 462 3157 uxores
485 3126 514 3155 en
536 3111 641 3156 coelibes
666 3115 764 3155 essent:
788 3110 833 3155 hoe
854 3121 969 3154 censores
991 3121 1063 3165 saepe
1087 3108 1188 3164 pecunia
1208 3110 1293 3154 multa-

320 3206 386 3246 runt.
423 3199 572 3244 flenrlcheen
592 3201 620 3244 ed
639 3200 692 3244 Cic.
716 3201 733 3246 Ι.
755 3197 773 3247 Ι.

286 3329 314 3372 iu
332 3325 446 3370 aerariis
464 3323 561 3384 retulit]
589 3325 625 3369 De
640 3330 696 3369 note
709 3324 753 3368 hae
771 3322 930 3380 ignominiosa
951 3336 973 3369 r.
984 3322 1093 3383 Gotlling
1110 3323 1252 3372 Geechichle
1267 3323 1291 3366 d.

320 3418 383 3463 rom.
406 3416 509 3462 suem.
536 3427 560 3470 p.
581 3409 641 3460 ³43.

431 3635 480 3693 27.
513 3633 613 3692 oratio
631 3633 663 3690 in
688 3632 721 3690 L.
744 3631 911 3690 Cornelium
933 3629 1107 3700 Scipionem.

314 3765 428 3830 Livius
447 3767 499 3840 39,
522 3768 575 3828 llll.
609 3769 651 3831 ln
676 3763 831 3847 equitatu
853 3754 1130 3840 recognoscendo
1154 3761 1196 3820 L.
1219 3758 1291 3821 Sci·

245 3871 344 3956 pioni
366 3870 534 3955 Asiageni
558 3869 739 3948 ademptus
758 3882 878 3946 equus.

282 4015 416 4078 Asiageni]
445 4017 577 4073 Asiegense
596 4014 613 4058 i.
634 4025 660 4068 q.
680 4007 811 4060 Asiaticae,
835 4016 967 4062 cognomen
988 4004 1018 4049 1..
1037 4005 1167 4061 Scipionis.
1204 4008 1291 4052 1.δί-

316 4109 373 4152 don.
393 4102 600 4160 spernacum.
625 4095 657 4151 l,
678 4091 721 4140 80.
768 4093 877 4138 Gronov.
897 4091 1001 4140 Observ.
1023 4091 1055 4148 4,
1079 4091 1140 4140 391.
1162 4094 1207 4153 (p.
1229 4089 1288 4138 531.

319 4196 358 4238 ec.
377 4188 506 4241 motus.)

310 4307 464 4376 Aurelius
488 4302 611 4368 Victor
638 4307 676 4369 de
702 4303 777 4367 Vir.
804 4302 908 4368 lllust.
933 4325 963 4368 c.
986 4302 1038 4368 53.
1078 4299 1192 4383 Scipio
1212 4299 1288 4364 Asi:
