2992 4840
481 587 509 645 3.
544 589 691 645 Dissnasto
711 589 784 661 logis
803 589 945 663 Papiriae.

255 747 302 810 Ea
328 747 434 811 oratio
459 769 489 811 a.
505 747 567 810 623
592 748 869 828 (131)(11111111.

255 851 296 915 C.
313 851 463 932 Papirius
480 850 591 916 Carbo
607 852 754 915 tribunus
770 851 874 934 piebis
890 874 973 917 anno
990 854 1052 918 623
1072 853 1162 940 (131)
1180 877 1237 921 ro-

192 954 353 1038 gationem
368 953 458 1028 tulit,
480 966 514 1016 ut
528 958 659 1017 eundem
677 953 837 1017 tribunum
854 955 959 1037 plebi,
988 957 1114 1040 quoties
1128 958 1236 1034 vellet,

192 1079 304 1120 creare
327 1056 454 1132 liceret,
478 1060 534 1120 sed
557 1057 690 1119 Laelius
713 1068 744 1122 et
760 1057 870 1140 Scipio
894 1058 1070 1124 Africanus
1092 1061 1237 1144 rogatio·

193 1181 261 1244 nem
296 1158 523 1223 dissuaserunt.
582 1159 625 1225 C.
654 1161 822 1225 Gracchus
853 1174 966 1224 contra
999 1161 1096 1226 suasit
1130 1163 1234 1248 legem

190 1262 403 1344 popularem,
438 1285 518 1348 quae
549 1261 724 1348 effecisset,
759 1274 793 1326 ut
825 1261 998 1327 auctoritas
1028 1277 1059 1328 ct
1092 1266 1237 1347 potentia

192 1364 391 1446 optimatium
422 1365 631 1432 minueretur.
682 1368 755 1429 Lex
783 1366 906 1449 perlata
936 1386 999 1429 non
1027 1378 1087 1432 est.
1133 1366 1234 1432 Cous.

178 1456 280 1528 'Livii
305 1466 395 1548 Epir.
419 1467 478 1530 lib.
497 1468 550 1532 59.

256 1568 377 1633 Cicero
395 1571 509 1635 Laelio
533 1571 586 1634 25.
633 1572 775 1651 Concio,
798 1593 885 1657 qaae
905 1595 952 1636 ex
968 1572 1238 1656 imperitissimis

191 1684 349 1750 constat,
379 1685 498 1736 tamen
531 1673 687 1737 iudicare
720 1678 833 1752 solet,
865 1677 950 1760 quid
977 1676 1115 1741 intersit
1147 1676 1237 1739 inter

188 1778 417 1859 popularem,
445 1775 575 1853 idest,
599 1790 851 1841 assentatorem
872 1791 905 1841 et
924 1781 1028 1843 leuem
1053 1780 1178 1856 civem,
1203 1791 1237 1842 et

191 1880 281 1942 inter
309 1891 524 1942 constantem
551 1901 709 1943 seuerum
729 1892 763 1943 et
782 1903 937 1964 grauem.
982 1884 1115 1966 Quibus
1142 1884 1235 1946 blan-

192 1983 288 2046 ditiis
312 1985 351 2047 C.
368 1982 530 2064 Papirius
552 2003 663 2065 nuper
686 1983 857 2076 influebat
873 1984 909 2046 in
924 2006 1029 2048 aures
1049 1987 1235 2062 concionis,

191 2107 269 2148 cum
281 2083 408 2176 ferret
426 2088 536 2168 legem
555 2086 595 2148 de
620 2087 767 2149 tribunis
778 2087 888 2169 plebis
907 2087 1119 2165 reficiendis.
1154 2089 1237 2152 Dis·

191 2188 364 2250 suasimus
386 2208 461 2251 nos.
498 2186 599 2253 Cous.
617 2186 659 2252 C.
677 2188 819 2253 Gracchi
835 2191 940 2254 oratio
962 2202 1057 2276 atque
1074 2189 1235 2255 Africani.
1271 2193 1275 2200 '

440 2477 470 2534 a,
504 2476 605 2534 Oratio
623 2491 676 2548 pro
693 2491 724 2534 ss
742 2477 819 2550 apud
838 2479 987 2550 populum.

256 2647 348 2709 Haec
372 2666 465 2707 causa
492 2645 615 2708 aliunde
639 2656 713 2708 nota
737 2666 801 2707 non
826 2656 890 2722 est,
914 2647 968 2708 scd
995 2667 1066 2708 cum
1085 2644 1235 2723 sciaurus,

192 2749 338 2812 Laelium
367 2769 435 2812 sese
465 2748 596 2811 muitum
629 2746 819 2829 opposuisse
849 2746 891 2812 C.
920 2747 1056 2830 Papirio
1088 2747 1236 2813 Carboni

193 2863 286 2938 atque
303 2849 479 2925 Gracchis,
502 2850 689 2933 praesertim
709 2849 743 2912 in
760 2849 956 2915 dissuasione
978 2852 1058 2934 legis
1071 2851 1233 2933 Papiriae,

193 2953 364 3017 verisimile
382 2963 449 3030 est,
474 2955 513 3015 ab
535 2953 584 3016 his
606 2977 675 3016 eum
699 2956 784 3036 apud
805 2953 961 3037 populum
985 2975 1075 3017 reum
1095 2953 1234 3032 sactum,

193 3057 301 3120 1.(123
321 3055 410 3136 (131)
435 3054 484 3118 vel
508 3057 569 3118 625
592 3056 694 3133 (129).

222 3145 223 3148 ¹
255 3161 370 3222 Festus
391 3181 425 3240 p.
440 3159 514 3221 3111.
561 3163 692 3223 Satara
707 3169 738 3220 et
753 3156 819 3220 cibi
835 3163 933 3240 genus
957 3179 998 3222 ex
1021 3159 1118 3222 variis
1135 3162 1235 3224 'rebus

193 3259 354 3325 ¹conditum
378 3272 475 3324 estet
495 3261 549 3324 lex
572 3259 678 3324 rnultis
699 3259 769 3324 aliis
791 3259 917 3344 legibus
933 3261 1077 3325 conferta
1083 3305 1234 3326 .....

192 3365 231 3429 G.
251 3363 391 3427 Laelius
411 3364 448 3425 in
468 3357 529 3438 ea,
554 3385 659 3447 quam
676 3375 746 3447 pro
775 3385 812 3426 se
836 3364 951 3426 dixit:
983 3364 1074 3428 Dein
1091 3377 1235 3448 postero

192 3464 247 3528 die
271 3467 373 3548 qnasi
394 3487 459 3548 per
484 3478 642 3530 saturam
665 3467 844 3530 sententiis
866 3467 1051 3551 expuisitis
1076 3467 1113 3531 in
1138 3468 1232 3531 dedi-

191 3569 321 3632 tionem
341 3569 524 3652 accipitur.

226 3749 335 3810 Sotura]
355 3766 379 3797 r.
393 3752 603 3812 G'ottiinchsch.
625 3753 651 3800 d.
666 3754 728 3796 r'orn.
743 3752 846 3797 staatsr.
870 3765 894 3807 p.
907 3747 967 3797 353.
990 3754 1029 3810 qui
1043 3755 1159 3810 explicat,
1180 3755 1235 3814 quit

260 3840 305 3884 lex
324 3845 414 3884 satura
433 3843 473 3886 sit.

227 3979 254 4028 0.
269 3982 390 4044 Laelius]
414 3985 491 4029 Laelii
511 3984 584 4029 rerba
603 3985 663 4038 apud
677 3985 775 4029 Festum
795 3983 949 4042 exciderunt3
970 3987 993 4028 id
1006 3986 1070 4029 enirn
1084 3990 1233 4041 exemptum,

262 4074 325 4130 quod
338 4073 399 4128 apud
412 4086 466 4118 curn
479 4074 591 4127 deinceps
605 4073 709 4130 tegitur,
730 4086 760 4118 ex
772 4073 869 4116 Salustii
888 4072 1001 4128 iugurtha
1015 4068 1058 4128 29,
1074 4068 1098 4119 1.
1121 4077 1234 4118 sumtum.

262 4153 451 4205 Gramrnaticuru
464 4164 543 4205 autern
556 4161 633 4214 ipsum
647 4159 670 4202 in
684 4173 712 4203 aa
724 4174 751 4204 re
764 4172 874 4212 errasse,
890 4165 915 4201 ut
927 4157 1070 4200 Perizonius
1082 4159 1106 4200 in
1123 4157 1237 4203 Animad-

260 4261 325 4294 rcrs.
340 4249 427 4292 histor.
441 4262 465 4303 p.
481 4245 529 4294 379
552 4246 701 4300 arbitratur,
721 4244 846 4302 probabile
859 4258 906 4288 uon
920 4248 966 4288 cst.
1003 4243 1067 4286 Vere
1088 4245 1161 4302 igitur
1172 4247 1237 4292 naut·

260 4338 326 4382 ierus
338 4337 449 4383 adnotata
469 4332 630 4398 Ercidarunt
639 4332 722 4378 Laelii
734 4331 808 4380 rerba
821 4337 844 4377 et
856 4331 966 4378 Salustii
979 4343 1076 4378 nomen.
1128 4385 1130 4388 .
