2992 4844
1210 357 1270 418 999

290 512 390 576 Conf.
423 514 488 578 Dio
517 514 646 579 Cassius
679 517 865 595 Fragment.
894 515 945 577 99.
982 512 1120 577 Orosius
1147 516 1184 586 5,
1217 516 1268 578 15.

227 618 422 679 Plutarchus
437 618 569 697 Quaest.
596 619 730 681 Roman.
756 639 789 697 p.
817 617 890 678 300.
912 619 962 678 ed.
988 617 1121 678 Hutten.
1145 617 1271 695 (Note-

226 740 302 780 mus
332 720 510 782 Plutarchi
541 742 710 792 errorem,
760 721 817 802 qui
846 717 1000 801 quamvis
1028 719 1270 780 damnatarum

228 823 374 883 nomina
387 821 584 894 Aemiliam,
605 822 791 895 Marciam,
816 821 985 883 Liciniam
1001 822 1135 894 habeat,
1157 833 1271 882 tamen

226 947 298 986 rem
324 925 371 984 acl
390 923 522 987 Punica
542 937 700 1006 tempora
723 921 850 1013 refert.
872 923 999 984 Ellendt
1023 945 1056 1003 p.
1085 924 1227 1002 LXXI.)

290 1042 364 1107 Cic.
394 1045 487 1106 Brut.
515 1045 568 1105 43.
622 1044 793 1132 Defendit
821 1048 969 1107 Crassus
995 1044 1165 1106 Liciniam
1192 1044 1272 1109 Vir·

225 1148 363 1228 ginem,
400 1168 477 1207 cum
503 1167 613 1208 annos
645 1148 767 1229 viginti
798 1159 831 1208 et
865 1158 994 1228 septem
1027 1159 1129 1208 natus
1162 1158 1271 1217 esset,·

226 1250 260 1309 in
285 1270 327 1310 ea
349 1249 426 1330 ipsa
449 1270 556 1310 causa
571 1247 657 1337 fuit
690 1249 1008 1331 eloquentissimus,
1036 1233 1271 1332 orationisque

227 1352 300 1412 eins
322 1352 471 1433 scriptas
492 1351 656 1434 quasdem
678 1364 798 1433 partes
825 1353 973 1435 reliquit.

534 1591 562 1647 4.
604 1591 704 1647 Suasio
725 1595 796 1663 legis
816 1595 964 1651 Serviliae.

293 1723 338 1784 Ea
383 1721 489 1786 oratio
529 1723 613 1786 dicta
647 1737 694 1788 est
729 1747 758 1787 a.
798 1725 858 1785 048
892 1724 993 1802 (100).
1051 1725 1092 1804 Q.
1116 1720 1271 1785 Servilius

229 1823 355 1905 Caepio
391 1826 498 1888 consul
540 1848 569 1889 a.
606 1829 667 1888 048
700 1829 789 1906 (100)
824 1825 926 1910 legem
963 1823 1160 1888 iudiciariam
1190 1823 1272 1899 tulit,

228 1948 289 2012 qua
315 1926 442 2002 iudicia,
467 1950 548 2012 quae
571 1952 668 2010 penes
695 1943 873 2014 equestrem
898 1926 1040 1992 ordinem
1062 1939 1162 2002 erant,
1183 1949 1273 1991 sena·

229 2029 350 2091 toribus
379 2029 633 2095 restituerentur.
686 2031 822 2096 Crassus
852 2053 918 2094 eam
953 2030 1067 2104 suasit,
1092 2042 1122 2091 et
1150 2028 1273 2111 Caepio

229 2131 299 2194 iude
327 2133 480 2213 patronus
515 2145 638 2196 senatus
676 2133 909 2216 appellabatur.
967 2131 1040 2196 cie.
1073 2135 1110 2193 de
1147 2133 1272 2198 lavent.

232 2239 268 2310 1,
293 2235 346 2297 49.
374 2233 480 2296 Τειοίῐ.
512 2236 629 2297 Annal.
662 2237 717 2308 lt,
752 2236 804 2296 00.
832 2236 996 2296 Drumann
1020 2246 1044 2296 t.
1073 2235 1108 2308 2,
1135 2255 1169 2313 p.
1197 2234 1270 2295 490.

229 2335 338 2398 Baiter
358 2334 390 2397 in
411 2336 519 2400 indice
546 2337 651 2420 legum
675 2335 825 2400 Tulliano
848 2359 875 2397 s.
899 2359 931 2398 v.
955 2338 1014 2398 lex
1032 2336 1190 2399 Seruilia.
1211 2336 1273 2396 Sea

231 2459 292 2501 non
325 2438 377 2500 diu
409 2461 444 2502 ea
484 2439 596 2501 mansit
631 2438 791 2520 valuitque
828 2438 899 2499 lex:
947 2460 1017 2499 narn
1047 2439 1169 2498 duobus
1202 2435 1272 2498 sere

231 2538 317 2602 annis
343 2553 428 2623 post,
457 2563 539 2604 anuo
564 2539 693 2603 circiter
720 2541 783 2602 650
805 2541 894 2617 (104)
922 2539 964 2604 C.
993 2539 1149 2602 Servilius
1175 2539 1274 2601 Glau-

232 2642 279 2704 cia
311 2642 413 2726 legem
440 2642 677 2726 promulgavit,
703 2664 764 2728 qua
795 2641 911 2704 iudicia
937 2640 1139 2706 senatoribus
1170 2644 1273 2704 denuo

231 2758 352 2826 erepta,
378 2744 602 2830 equitibusque
629 2745 751 2807 reddita
775 2757 857 2808 sunt.
904 2744 975 2808 Cic.
1003 2767 1037 2825 p.
1065 2745 1178 2806 Scaur.
1201 2742 1271 2806 init.

231 2847 303 2910 Cic.
321 2849 414 2910 Brut.
433 2848 485 2912 62.
514 2849 676 2910 Drurnann
704 2860 728 2911 t.
757 2850 789 2910 2.
814 2871 847 2930 p.
873 2847 946 2910 489.
993 2847 1154 2908 Extabant
1173 2844 1272 2927 igitur

231 2953 310 3014 duae
340 2949 428 3032 leges
458 2951 613 3013 Serviliae
644 2949 845 3024 iudiciariae,
879 2951 993 3024 altera,
1024 2971 1040 3010 a
1066 2949 1108 3027 Q.
1133 2947 1273 3011 Servilio

233 3051 397 3132 Caepione
421 3054 561 3127 consule,
584 3055 702 3129 altera,
728 3074 745 3113 a
766 3052 807 3117 C.
833 3052 972 3116 Servilio
995 3049 1128 3115 Glaucia
1143 3052 1273 3115 tribuno

231 3154 277 3235 pl.
307 3155 380 3215 lata.
407 3155 530 3236 Caepio
562 3167 592 3216 et
616 3155 750 3218 Crassus
781 3177 868 3228 earn,
893 3158 932 3217 de
955 3177 1016 3237 qua
1039 3157 1103 3218 hoc
1127 3154 1201 3220 loco
1225 3154 1273 3217 di·
1348 3193 1353 3200 -

232 3256 343 3331 cimus,
371 3258 473 3338 legem
496 3280 637 3321 suasere.

295 3377 368 3440 Cic.
388 3380 480 3440 Brut.
506 3380 558 3442 43.
604 3383 658 3443 Eo
682 3381 741 3462 (Q.
767 3379 880 3441 Mucio
905 3379 1074 3458 Scaevola)
1097 3379 1132 3440 in
1149 3363 1278 3442 rostris

231 3480 368 3541 sedente
394 3483 505 3544 suasit
528 3484 708 3546 Seruiliam
730 3487 840 3564 legem
864 3486 1023 3545 Crassus.
1049 3513 1088 3522 -
1111 3483 1178 3544 Sed
1192 3485 1274 3542 haec

232 3582 350 3644 Crassi
376 3605 453 3644 cam
479 3585 571 3645 edita
600 3585 716 3647 oratio
742 3596 811 3656 est,
841 3605 944 3665 quam
967 3595 999 3644 te
1023 3605 1124 3663 saepe
1151 3585 1275 3664 legisse

232 3685 435 3758 certeseia,
460 3699 624 3768 quattuor
647 3700 679 3748 et
714 3687 861 3764 triginta
889 3695 964 3745 tam
986 3686 1129 3746 habebat
1151 3685 1279 3756 annos,

233 3783 440 3870 totidemque
476 3791 577 3850 annis
608 3789 692 3850 mini
722 3799 834 3849 aetate
860 3789 1072 3868 praestabat.
1112 3785 1155 3847 iis
1185 3786 1275 3846 enim

233 3889 428 3952 consulibus
457 3912 534 3952 eam
566 3894 677 3972 legem
709 3891 842 3963 suasit,
879 3890 1000 3972 quibus
1035 3887 1110 3950 nati
1141 3907 1274 3948 sumas.

233 4013 264 4054 c.
289 3991 342 4053 44.
388 3993 482 4056 Mihi
504 3993 641 4074 quidem
666 4013 689 4052 a
711 3992 865 4072 pueritia
889 3990 989 4074 quasi
1016 3985 1276 4074 magistrafait

232 4093 293 4156 illa
315 4094 351 4154 in
377 4097 488 4175 legem
519 4092 701 4174 Caepionis
727 4094 862 4166 oratio,
887 4094 923 4153 in
941 4112 1010 4173 qua
1024 4101 1064 4166 *et
1085 4088 1277 4152 auctoritas

231 4209 381 4258 ornatur
411 4207 569 4269 senatus,
603 4216 670 4276 qao
692 4216 759 4274 pro
786 4195 907 4256 ordine
936 4193 996 4252 illa
1031 4189 1211 4265 dicuntur,
1245 4204 1278 4255 et

232 4299 363 4359 invidia
397 4296 589 4358 concitatur
631 4297 665 4355 in
707 4295 860 4358 iudicum
897 4307 928 4356 et
965 4293 999 4354 iu
1033 4302 1276 4366 accusatorum
