2976 4844
1208 361 1246 422 77

197 519 292 602 quod
320 529 484 580 temetum
511 518 629 600 prisca
654 497 777 602 lingua
802 517 1063 600 appellabatur,
1091 518 1246 584 abstinu-

197 621 268 684 isse
293 621 423 696 dicunt,
451 620 724 706 institutumque,
752 634 790 684 ut
812 621 972 704 cognatis
993 623 1149 684 osculum
1157 619 1246 711 fer·
1304 625 1308 634 ’

198 736 277 786 rent
298 724 569 805 reprehendendi
591 745 708 799 causa,
736 737 774 787 ut
796 724 884 787 odor
906 723 1073 785 indicium
1083 721 1242 814 fuceret,

198 828 231 890 si
252 827 427 889 bibissent.
472 829 585 910 Atque
607 830 689 890 haec
712 827 849 910 quidem
873 826 909 889 in
932 826 987 900 iis,
1011 827 1133 910 quibus
1153 827 1244 902 dixi,

198 929 295 993 libris
319 931 528 1012 pervulgata
553 942 646 1005 sunt,
672 930 734 994 sed
757 935 812 995 M.
838 933 925 996 Cato
947 950 1015 991 non
1036 933 1148 993 solum
1168 929 1245 992 exi·

197 1032 379 1106 stimulas,
410 1033 472 1096 sed
502 1035 688 1096 mulctatus
720 1054 855 1118 quoque
889 1053 912 1096 a
944 1031 1056 1096 iudice
1086 1031 1246 1096 mulieres

198 1132 314 1224 refert
336 1155 406 1198 non
431 1134 555 1210 minus,
580 1135 612 1198 si
632 1135 749 1200 vinem
770 1136 806 1199 in
830 1157 878 1211 se,
901 1133 1057 1220 quamsi
1075 1136 1245 1217 probrum

198 1248 233 1300 et
257 1238 470 1301 adulterium
491 1237 726 1301 admisissent.
780 1240 895 1304 Verba
925 1241 982 1302 M.
1009 1239 1151 1302 Catonis
1183 1238 1245 1300 ud·

198 1341 326 1423 scripsi
350 1362 397 1403 eo:
423 1341 601 1415 oratione,
633 1363 721 1424 quae
746 1339 949 1403 inscribitur
974 1343 1034 1402 De
1061 1341 1177 1414 dote,
1209 1342 1245 1403 in

198 1442 325 1528 quaid
345 1464 478 1527 quoque
502 1442 753 1526 scriptumest,
778 1441 821 1506 in
837 1441 1011 1505 adulterio
1034 1463 1165 1506 uxores
1187 1444 1244 1506 de·

198 1549 387 1628 prehensas
412 1545 464 1610 ius
479 1543 607 1635 fuisse
635 1545 770 1609 moritis
796 1567 933 1609 necare.

265 1649 347 1722 Vir,
374 1647 496 1733 inquit,
521 1669 598 1710 curn
627 1648 814 1712 divortium
826 1648 927 1740 feeit
952 1651 1108 1725 mulieri,
1137 1649 1246 1713 iudex

195 1773 265 1834 pro
288 1772 429 1814 censore
455 1763 525 1813 est:
550 1751 745 1834 imperium,
773 1753 866 1835 quod
888 1752 1035 1828 videtur,
1061 1752 1180 1815 habet:
1213 1751 1245 1816 si

198 1855 283 1939 quid
308 1875 469 1937 perverse
496 1863 648 1937 tetreque
658 1855 809 1945 factum
834 1867 885 1918 est
908 1875 930 1916 α
952 1855 1112 1931 muliere,
1138 1858 1244 1919 mulc-

198 1968 319 2028 tatum
358 1957 389 2018 si
419 1955 535 2018 uinum
567 1955 667 2031 bibit,
703 1956 734 2020 si
766 1979 844 2019 cum
874 1957 988 2020 alieno
1021 1959 1096 2021 viro
1124 1957 1247 2039 probri

198 2058 283 2144 quid
300 2055 419 2148 fecit,
456 2059 716 2122 condemnatur.
763 2059 812 2122 De
843 2058 912 2123 iure
942 2072 1045 2124 autem
1076 2058 1246 2124 occidendi

197 2162 240 2224 ita
264 2160 418 2242 scriptum
444 2172 511 2225 est:
545 2165 586 2226 In
615 2161 790 2226 adulterio
820 2185 969 2226 uxorem
996 2176 1094 2227 tuum
1128 2162 1159 2226 si
1186 2162 1245 2226 de·

194 2265 458 2346 prehendisses‚
482 2265 556 2328 sine
581 2264 712 2328 iudicio
734 2265 861 2348 inpune
887 2287 1041 2331 necares.
1094 2268 1163 2330 Illa
1187 2277 1241 2341 te,

198 2367 231 2429 si
253 2379 293 2430 tu
317 2368 576 2444 adulterarene,
608 2367 721 2450 digito
752 2388 823 2430 non
852 2367 996 2432 uideret
1021 2367 1243 2451 contingere,

198 2489 306 2553 neque
332 2471 388 2533 ius
408 2483 473 2544 est.

233 2615 408 2676 existimatos]
442 2618 526 2661 osculo
550 2619 614 2665 doto.

233 2739 367 2786 divortium
378 2738 448 2802 fecit
467 2740 581 2802 mulieri]
622 2743 685 2787 Haec
708 2744 826 2802 iungenda
848 2756 901 2787 csse
923 2743 1008 2788 scribit
1029 2743 1088 2788 Rein
1111 2744 1159 2787 Dus
1180 2747 1243 2790 rbm.

268 2829 387 2885 Privatr„
410 2833 449 2888 qui
470 2832 547 2875 iocum
572 2832 606 2875 sic
630 2832 801 2886 interpretatur
822 2846 845 2887 p.
860 2829 926 2876 ¹92:
947 2833 1026 2876 Wann
1046 2834 1097 2877 sich
1116 2835 1158 2878 der
1174 2833 1245 2879 Gatte

268 2931 313 2961 ron
340 2920 420 2963 seinsr
442 2920 505 2963 trau
528 2919 652 2972 scheidu,
676 2933 704 2964 so
725 2921 826 2964 erkennt
850 2921 910 2965 tiber
932 2922 967 2965 sis
988 2923 1030 2965 der
1051 2921 1149 2966 Richter
1166 2923 1244 2980 gleich·

269 3006 346 3052 ciuem
370 3007 475 3066 Censor,
496 3009 522 3052 d.
542 3007 566 3054 h.
587 3021 673 3052 ausser
695 3009 737 3052 der
758 3021 802 3051 vor
825 3009 877 3052 dun
897 3009 1108 3068 Famiiisngericht
1129 3010 1245 3072 durchge·

269 3087 392 3153 {engeten
415 3095 552 3154 Scheidung
576 3096 654 3140 erhilt
678 3097 715 3141 sie
739 3109 784 3139 ron
807 3098 860 3139 dem
882 3096 1054 3151 Civitrichter,
1078 3099 1120 3142 der
1141 3099 1176 3144 ais
1198 3099 1245 3144 sit·

267 3185 400 3228 tenuetur
421 3183 529 3242 nuttriri,
551 3183 611 3226 noch
634 3184 687 3228 sine
709 3183 803 3244 suste,
822 3196 845 3226 z.
864 3183 892 3226 B.
915 3185 1015 3229 Verlusi
1034 3199 1061 3228 sn
1082 3186 1124 3229 der
1146 3183 1195 3230 Dos
1219 3200 1243 3229 u.

270 3285 290 3320 s.
317 3285 348 3319 w.
384 3271 419 3314 Er
440 3271 481 3314 hrt
501 3271 596 3316 Gewrlt
623 3272 683 3316 nach
708 3272 789 3316 hester
815 3271 1006 3332 Ucberzsugung
1028 3287 1056 3316 tu
1081 3274 1242 3318 sirtscheidsn.

269 3360 361 3418 Beging
383 3363 418 3404 sic
444 3366 519 3406 etwas
542 3360 686 3412 schlechtcs,
713 3372 741 3402 so
763 3359 841 3404 erhilt
862 3363 897 3404 sie
920 3361 1000 3404 strate
1021 3361 1061 3404 fiir
1082 3362 1134 3404 ihre
1158 3361 1247 3405 Sitten-

269 3448 398 3506 losigkeit:
429 3447 469 3490 hrt
487 3449 527 3492 sie
545 3447 604 3492 aber
624 3460 697 3505 sogor
715 3447 787 3491 Wein
811 3449 944 3504 getrunken
971 3449 1015 3490 und
1038 3451 1081 3492 mit
1102 3449 1179 3492 sinem
1204 3463 1245 3492 an-

269 3535 326 3580 dern
349 3535 399 3580 sich
419 3545 572 3594 vergcngen,
604 3547 632 3578 so
654 3535 714 3578 wird
739 3536 773 3579 sie
795 3535 939 3578 'verurtheitt
960 3535 1038 3590 (deun
1064 3537 1142 3580 dieses
1166 3549 1245 3582 waren

269 3624 307 3668 dic
337 3624 503 3668 schlimmtten
520 3623 675 3668 Vcrbrechsn
700 3623 769 3667 einer
796 3620 892 3676 Fran.)
939 3623 984 3666 Sed
1008 3624 1078 3667 aliter
1100 3625 1246 3682 interpungit

271 3716 294 3756 ct
317 3713 489 3768 interpretetur
507 3711 579 3756 rerba
601 3711 701 3757 Catonis
724 3709 887 3768 G'dttlingius:
911 3710 931 3754 is
953 3713 1016 3756 enirn
1039 3712 1123 3756 scribit
1144 3711 1245 3766 (Gensis.

270 3801 294 3844 d.
314 3802 377 3848 rbm.
398 3799 539 3844 Stestsverf.
563 3812 587 3854 p.
613 3791 693 3860 100):
719 3798 790 3842 Diese
811 3799 884 3842 siene
906 3798 948 3842 des
967 3797 1028 3842 Cato
1048 3801 1091 3858 gut
1111 3812 1156 3842 ron
1179 3800 1245 3843 einer

269 3887 346 3932 ireien
366 3887 438 3942 Ehe,
461 3889 506 3930 und
527 3887 618 3942 spricht
638 3886 704 3930 nicht
725 3899 771 3929 von
794 3886 871 3929 einsm
894 3886 1042 3930 Richteramt
1065 3889 1106 3930 des
1127 3887 1245 3947 Msnnes,

270 3977 311 4019 dcc
328 3975 439 4021 dersslbe
460 3975 522 4020 noch
541 3975 601 4018 nach
622 3977 666 4018 der
687 3974 831 4031 scheidung,
854 3979 922 4018 untcr
940 3971 1114 4028 Beibeheltung
1134 3973 1176 4016 der
1195 3987 1245 4016 rna-

205 4055 208 4064 *
270 4077 324 4123 uus,
345 4063 462 4122 susgebbt
484 4061 554 4116 habs,
580 4063 684 4106 sondern
706 4075 751 4104 von
776 4062 853 4104 einem
872 4058 1052 4118 geubhnlichen
1068 4057 1175 4102 Richter.
1205 4061 1245 4105 sie

270 4151 343 4194 tastu
365 4151 437 4195 also:
461 4147 507 4194 Vir
530 4161 584 4192 cum
609 4147 737 4193 divortium
762 4145 818 4193 iecit
847 4147 935 4204 (wsnn
958 4147 996 4190 die
1015 4143 1151 4204 scheidung
1171 4146 1247 4192 irrisi

259 4235 320 4282 vute
342 4237 486 4296 geschehen·
499 4236 545 4280 und
567 4237 609 4279 der
631 4235 706 4279 Manu
726 4233 827 4294 kirgbrr
849 4233 896 4287 ist)
916 4233 1010 4277 mulieri
1034 4231 1105 4275 iudex
1123 4245 1169 4288 pro
1191 4249 1246 4281 csn·
1292 4268 1296 4276 .

245 4337 325 4370 ..sore
348 4329 394 4380 ssi,
417 4323 466 4382 (so
485 4324 564 4374 erhilt
585 4324 626 4367 das
645 4323 718 4368 Weib
740 4323 808 4366 ihren
827 4321 925 4370 Richter
946 4321 990 4364 mit
1009 4319 1177 4370 censorischer
1198 4324 1248 4394 Ge·
