2992 4840
254 368 314 431 188

316 527 431 590 vater.
459 528 553 590 Max.
583 527 616 600 8,
643 528 680 600 1,
707 527 759 588 11.
811 526 1110 608 Quemadmodum
1135 530 1297 611 splendor

252 630 547 712 amplissimorum
562 629 716 691 virorum
731 628 766 690 in
778 629 1004 710 protegendis
1024 631 1093 692 reis
1105 632 1297 712 plurimum

253 733 380 806 voluit,
405 733 454 794 ita
476 732 512 794 in
532 731 766 812 opprimendis
791 751 859 792 non
890 751 972 794 sane
999 736 1145 795 multum
1167 736 1295 815 potuit.

252 834 333 917 quin
356 834 461 897 etiam
482 834 653 896 euidenter
675 833 810 906 noxiis,
835 833 918 895 dum
937 855 997 896 eos
1018 836 1138 897 acrius
1158 837 1295 920 impug·
1328 829 1331 833 ’

252 949 334 1011 not,
366 933 521 1028 profuit.
562 939 602 1000 P.
625 935 740 1018 Scipio
766 935 983 998 Aemilianus
1013 941 1054 1000 L.
1082 940 1219 1000 Cottam
1250 940 1297 1000 ad

250 1051 447 1122 praetorem
476 1038 661 1101 accusarit.
707 1038 813 1102 Cuius
839 1058 945 1099 causa
977 1060 1186 1122 quamquam
1211 1062 1295 1122 gra·

251 1141 401 1204 vissimis
424 1142 623 1204 criminibus
649 1152 725 1202 erat
755 1137 944 1228 confossa,
976 1141 1102 1222 septies
1128 1142 1296 1223 ampliata

250 1255 284 1306 et
306 1245 354 1304 ad
375 1243 533 1306 ultimum
556 1255 675 1304 octavo
700 1241 828 1302 iudicio
853 1242 1013 1303 absoluta
1035 1255 1105 1317 est,
1130 1244 1212 1326 quia
1233 1247 1294 1308 lto·

251 1346 359 1410 mines
380 1345 628 1427 sapientissimi
647 1344 873 1415 verebantur,
898 1365 940 1404 ne
962 1345 1173 1426 praecipuae
1195 1367 1294 1408 accu-

249 1449 380 1512 satoris
405 1447 625 1530 amplitudini
650 1445 829 1510 damnatio
852 1447 928 1508 eius
954 1448 1086 1510 donata
1111 1449 1293 1512 existima·

249 1563 360 1614 retur.

314 1698 432 1763 Cicero
466 1698 498 1759 in
527 1700 569 1779 Q.
592 1696 766 1762 Caecilium
790 1695 1009 1761 Divinationis
1032 1722 1061 1762 c.
1079 1700 1130 1764 21.
1172 1701 1292 1782 Neque

249 1801 340 1864 enim
363 1801 475 1882 magis
495 1800 629 1862 animos
651 1801 827 1862 hominum
842 1802 1037 1864 nocentium
1056 1824 1111 1864 res
1128 1824 1291 1885 umquam

250 1907 322 1966 ulla
346 1903 527 1965 commovit
548 1925 651 1986 quam
669 1905 751 1964 haec
771 1903 945 1964 maiorum
961 1905 1173 1967 consuetudo
1188 1908 1292 1987 longo

250 2006 430 2068 intervallo
457 2005 604 2086 repetita
628 2025 668 2065 ac
694 2007 827 2079 relata,
858 2006 1034 2068 sociorum
1058 2008 1292 2090 querimoniae

249 2107 382 2170 delatae
412 2108 459 2170 ad
490 2109 661 2169 bominem
697 2129 766 2170 non
804 2103 1074 2184 inertissimum,
1114 2122 1292 2192 susceptae

248 2211 292 2274 ab
315 2233 375 2286 ea,
398 2210 458 2293 qui
477 2210 654 2272 videbatur
682 2232 803 2272 corum
809 2209 988 2298 fortunas
996 2211 1077 2288 fide
1093 2212 1290 2294 diligentia·

248 2336 312 2399 que
338 2334 403 2376 suo
425 2333 529 2394 posse
552 2310 753 2402 defendere.
776 2348 816 2358 -
839 2347 880 2358 —
907 2314 1013 2377 Cuius
1034 2314 1290 2376 consuetudinis

247 2429 348 2500 atque
372 2415 521 2478 instituti
540 2427 660 2496 patres
684 2415 898 2499 maioresque
924 2429 1064 2479 nostros
1086 2437 1153 2480 non
1169 2417 1289 2500 poeni·

245 2520 337 2582 tebat
363 2530 452 2592 tum,
477 2538 556 2578 cum
572 2554 613 2564 -
628 2521 667 2580 P.
688 2516 896 2608 Africanus,
921 2520 1024 2582 homo
1041 2519 1185 2593 virtute,
1197 2518 1288 2609 for-

246 2634 350 2696 tuna,
382 2619 519 2704 gloria,
552 2621 653 2682 rebus
683 2621 792 2702 gestis
824 2620 1075 2702 amplissimus,
1105 2634 1289 2704 postquam

246 2725 297 2786 bis
318 2725 438 2785 consul
462 2733 495 2784 et
517 2743 637 2785 censor
650 2721 803 2811 fuerat,
836 2725 876 2786 L.
900 2726 1036 2786 Cottam
1064 2724 1098 2785 in
1124 2724 1289 2786 iudicium

245 2827 398 2889 vocabat.

309 2946 355 3008 id.
383 2969 417 3028 p.
447 2947 583 3010 Fonteio
611 2970 641 3010 c.
662 2949 712 3010 13.
752 2951 865 3028 Quam
884 2948 993 3008 multa
1008 2945 1155 3010 Manius
1179 2946 1287 3028 Aqui·

245 3050 314 3112 Iius
341 3051 473 3112 audivit
500 3050 535 3112 in
565 3073 630 3114 suo
657 3051 813 3113 iudicio?
844 3069 948 3133 quam
974 3050 1083 3110 multa
1103 3051 1144 3111 L.
1167 3052 1286 3123 Cotta,

193 3165 198 3176 ·
245 3152 388 3236 denique
415 3156 453 3216 P.
476 3154 649 3229 Rutilius,
680 3154 761 3237 qui,
795 3152 861 3214 etsi
885 3152 1070 3214 damnatus
1093 3162 1169 3226 est,
1205 3151 1288 3213 mihi
1324 3218 1329 3226 ¹

245 3254 380 3317 videtur
401 3267 515 3318 tomen
541 3256 631 3319 inter
658 3256 750 3318 viros
770 3254 920 3338 optimos
950 3266 1051 3337 atque
1080 3253 1287 3318 innocentis-

244 3357 350 3421 simos
372 3379 445 3420 esse
471 3358 718 3421 numerandus.

265 3543 272 3560 .
311 3497 417 3559 Taciti
432 3497 551 3560 Annal.
575 3496 611 3572 3,
636 3496 687 3558 66.
733 3497 859 3559 Gaium
873 3496 1030 3560 Silanum
1041 3497 1286 3577 proconsulem

243 3599 367 3674 Asiae,
392 3599 660 3681 repetundarum
677 3619 700 3660 a
717 3599 820 3662 sociis
832 3601 1060 3680 postulatum,
1083 3600 1286 3661 Mamercus

242 3704 425 3765 Scauruse
440 3701 696 3775 consularibus,
720 3701 844 3767 Iunius
866 3703 958 3765 Otbo
976 3711 1142 3782 praetor,
1167 3699 1285 3760 Bruti·

242 3803 320 3866 dius
352 3803 467 3885 Niger
498 3803 621 3866 aedilis
653 3803 758 3866 simul
786 3801 1005 3882 corripiunt,
1049 3799 1285 3884 obiectantque

241 3905 405 3969 violatum
434 3906 589 3988 Augusti
611 3925 755 3978 numen,
786 3915 939 3985 spretam
967 3903 1100 3967 Tiberii
1125 3903 1286 3966 maiesta-

241 4018 328 4084 tem,
365 4011 567 4072 Mamercus
590 4007 733 4090 antiqua
765 4008 925 4087 exempla
950 4005 1095 4081 iaciens,
1136 4010 1177 4069 L.
1204 4008 1284 4069 Got-

241 4120 313 4173 tam
333 4131 356 4173 a
373 4109 532 4192 Scipione
556 4108 751 4198 Africano,
777 4108 933 4172 Servium
948 4108 1093 4170 Galbam
1116 4127 1139 4167 a
1154 4110 1283 4169 Catone

239 4211 422 4289 censorio,
456 4215 495 4276 P.
524 4211 693 4276 Rutilium
724 4232 747 4272 a
771 4214 898 4276 Marco
925 4213 1058 4273 Scauro
1090 4215 1281 4271 accusatos.

240 4313 393 4376 videlicet
412 4313 526 4395 Scipio
546 4325 578 4375 et
605 4317 691 4378 Cato
714 4313 799 4376 talia
822 4311 1087 4376 ulciscebantur.
