2970 4836
237 376 276 436 16

302 533 461 613 Quaestor
484 554 512 597 5.
534 533 596 596 519
616 533 706 612 (205)
732 529 934 616 designatus,
952 553 1062 595 munus
1084 531 1155 596 iniit
1171 553 1200 595 5.
1218 533 1281 595 550

236 633 338 718 (tot).
372 633 715 710 (lineamento.

300 737 425 802 Aedilis
444 738 547 820 plebis
564 760 594 802 a.
611 739 673 801 555
691 735 790 820 (199).
823 740 963 802 Praetor
979 735 1144 802 Sardiniae
1161 759 1191 802 5.
1207 739 1281 803 555.

235 840 338 926 (198).
369 840 484 904 Livius
501 842 524 902 1.
543 841 595 916 31,
616 845 632 902 ’1
650 841 726 909 518.

301 943 422 1008 Consul
443 965 472 1005 5.
496 943 557 1006 559
577 941 675 1027 (195).
698 943 850 1008 XXXIX
870 954 1086 1018 5555555155,
1108 947 1280 1007 secundum

239 1049 450 1122 Ciceronem
469 1047 496 1110 si
516 1059 618 1110 nutem
639 1046 768 1110 Livium
786 1045 944 1130 sequeris,
966 1047 1086 1110 XLIV
1105 1066 1203 1110 annos
1225 1067 1281 1110 55-

237 1165 297 1226 tus,
313 1158 458 1234 (eamque
478 1150 633 1216 rationem
653 1149 821 1231 Zumptius
838 1148 870 1212 in
886 1148 1051 1212 annalibus
1069 1151 1109 1212 ed
1132 1151 1165 1214 h.
1183 1171 1214 1212 5.
1236 1160 1282 1214 551

237 1258 384 1333 seculus).

302 1357 467 1422 Tribunus
487 1354 630 1422 militaris
652 1355 683 1420 in
708 1355 795 1420 bello
815 1366 927 1418 contrn
948 1353 1144 1420 Antiochum
1172 1375 1282 1437 regern

240 1473 332 1544 gesto
359 1482 389 1523 5.
412 1462 472 1523 553
494 1463 595 1540 (191).
634 1458 708 1524 Cic.
732 1458 816 1522 Cato
841 1462 892 1521 to.

303 1564 429 1628 Censor
447 1583 476 1625 a.
495 1566 556 1625 570
578 1564 681 1640 (tut).

302 1668 456 1730 Mortuus
474 1677 521 1726 est
539 1685 569 1727 5.
587 1665 647 1725 505
665 1665 766 1740 (119),
785 1663 955 1731 LXXXV
968 1682 1068 1725 annos
1079 1674 1182 1725 55155.
1208 1661 1282 1727 Cic.

240 1771 342 1833 Bruto
362 1789 392 1832 5.
412 1769 468 1841 15,,
485 1768 538 1831 51.
566 1767 617 1841 10,
634 1767 686 1828 80.
717 1765 831 1828 Laelio
848 1785 877 1827 5.
895 1766 926 1827 3.
952 1764 1095 1828 Velleius
1113 1769 1142 1839 1,
1158 1766 1188 1828 3.
1214 1764 1282 1829 Ρ11-

240 1872 310 1936 nius
330 1869 414 1938 Hist.
434 1870 456 1932 l.
478 1869 622 1945 19,1,8.
649 1871 696 1942 15,
718 1869 767 1941 18,
787 1869 840 1930 00.
860 1867 909 1930 vel
925 1866 989 1931 XC
1010 1888 1108 1930 annos
1126 1879 1215 1932 natus
1231 1889 1282 1932 se·

240 1977 374 2038 cundum
396 1971 524 2034 Livium
546 1971 568 2034 1.
593 1973 651 2046 30,
676 1972 728 2032 10.
759 1971 925 2034 Plutarch.
956 1969 1029 2034 Cat.
1053 1993 1084 2033 5.
1109 1972 1158 2040 15.
1183 1971 1283 2035 Vale·

241 2077 414 2144 riusMax.
443 2075 557 2148 l.8‚7‚
576 2078 605 2136 1.

657 2223 868 2286 'l'cstirnoniru

305 2364 425 2430 Cicero
437 2363 468 2427 iu
488 2366 590 2427 Bruto
604 2385 630 2428 c.
645 2363 697 2439 15,
711 2364 763 2426 53.
787 2364 929 2428 Catonis
948 2366 1123 2428 orationes
1136 2385 1204 2428 non
1220 2366 1283 2428 mi-

240 2491 305 2530 nus
327 2466 550 2557 multoesere
570 2479 651 2528 sunt
668 2489 771 2550 qutun
789 2466 897 2530 Attici
912 2469 1053 2552 Lysiae,
1075 2469 1173 2530 enim
1191 2466 1285 2529 arbi-

240 2585 316 2634 tror
332 2570 506 2654 plurimas
526 2591 618 2644 5555,
645 2582 678 2632 51
701 2570 956 2654 quodammodo
983 2583 1034 2632 eet
1060 2572 1225 2663 nonnulla
1247 2570 1283 2632 in

240 2675 284 2737 iic
301 2674 406 2736 etiam
421 2673 511 2736 inter
528 2673 623 2753 ipsos
638 2673 840 2736 similitudo.
863 2673 969 2736 Acuti
984 2684 1076 2748 eunt,
1096 2674 1282 2753 elegantes,

231 2774 366 2867 faceti,
393 2776 528 2850 breues,
552 2775 613 2836 ned
633 2776 688 2837 1115
710 2796 858 2856 graecus
887 2775 931 2836 55
957 2774 1051 2836 omni
1075 2774 1176 2836 laude
1195 2773 1283 2852 feli·

240 2879 326 2942 5155.
372 2879 536 2942 Catonem
558 2898 638 2940 uero
665 2878 741 2960 quis
767 2889 969 2942 nostrorum
994 2887 1196 2948 oratorum,
1226 2875 1285 2958 qui

241 2980 379 3066 quidem
397 2999 486 3040 nunc
505 2989 603 3053 sunt,
628 2980 711 3062 legit
737 2992 798 3041 aut
824 2979 901 3063 quis
928 2978 1021 3040 novit
1048 2978 1213 3042 omnino?
1238 2981 1285 3044 At

241 3105 342 3167 quern
357 3082 480 3156 virum,
499 3081 549 3143 dii
567 3075 670 3145 'bonit
690 3082 806 3162 (mitto
820 3082 926 3144 civem
941 3092 1003 3144 aut
1018 3094 1212 3146 senatorem
1223 3093 1286 3144 cut

241 3185 508 3268 imperatorem)
537 3196 713 3248 oratorem
746 3185 837 3248 enim
870 3187 933 3249 hoc
967 3187 1042 3248 loco
1071 3187 1283 3269 quaerimus.

241 3288 328 3371 Quis
348 3287 407 3350 illo
427 3286 569 3368 grauior
591 3287 626 3350 in
644 3287 832 3363 laudando,
853 3288 1009 3350 acerbior
1031 3288 1066 3349 in
1089 3288 1285 3367 vituperan-

242 3392 299 3466 do,
324 3392 359 3454 in
378 3391 555 3454 sententiis
572 3392 747 3474 argutior,
769 3391 978 3454 inducendo
1001 3386 1285 3466 edisserendoque

241 3493 431 3558 subtilior?
464 3492 631 3584 Rffertae
656 3507 736 3556 sunt
768 3493 944 3556 orationes
972 3488 1122 3570 amptius
1151 3499 1286 3548 centum

242 3596 514 3681 quinquaginta,
537 3619 624 3681 quas
641 3597 778 3680 quidem
801 3595 912 3656 adhuc
934 3589 1122 3654 invenerim
1139 3600 1173 3651 et
1194 3591 1285 3672 iege·

243 3700 322 3774 rim,
339 3712 373 3762 et
389 3700 499 3764 555515
516 3711 550 3762 51
567 3700 668 3763 rebus
688 3695 900 3766 illustribus,·
921 3693 1000 3754 licet
1017 3713 1064 3754 ex
1085 3691 1138 3753 his
1156 3691 1286 3774 eligant

242 3824 302 3877 ea,
328 3824 414 3886 quae
431 3803 606 3866 notatione
623 3813 657 3863 51
675 3799 776 3862 laude
798 3798 905 3879 digna
922 3795 1008 3868 sint,
1029 3815 1148 3857 omnes
1168 3806 1285 3860 orato·

243 3905 316 3968 riae
337 3905 481 3968 uirtutes
504 3905 541 3966 in
563 3903 607 3966 iis
628 3901 856 3982 reperientur.
879 3902 950 3964 Gur
971 3897 1081 3981 igitur
1103 3900 1233 3984 Lysias
1253 3912 1285 3964 et

243 4008 440 4093 Hyperides
454 4016 609 4075 amatur,
628 4023 705 4064 eum
719 4000 859 4082 penitus
878 4001 1061 4084 ignoretur
1079 4003 1190 4066 05159
1213 4006 1286 4068 An-

243 4110 372 4192 tiquior
393 4120 445 4171 551
462 4106 566 4168 huius
584 4122 698 4164 sermo
718 4113 752 4164 et
768 4104 937 4186 quaedam
952 4105 1153 4169 horridiora
1169 4105 1282 4168 uerba.

160 4265 165 4278 .
243 4213 299 4275 Ita
318 4210 408 4273 enim
431 4220 504 4270 tum
530 4203 768 4287 loquebantur.
805 4206 848 4272 ld
870 4219 984 4282 muta,
1015 4209 1109 4293 quod
1130 4219 1203 4270 tum
1229 4206 1286 4268 1115

244 4333 312 4375 non
329 4309 461 4392 potuit,
485 4318 518 4368 et
538 4306 626 4369 adde
655 4327 840 4387 numeros,
869 4322 908 4374 ut
932 4312 1049 4395 aptior
1076 4311 1122 4374 511
1147 4307 1285 4378 arctior
