2984 4842
253 371 313 430 dib

316 523 395 587 ibid.
420 547 450 587 c.
475 524 526 587 ts.
572 522 677 605 Apud
698 539 760 582 nos
783 517 901 581 Cicero
926 514 1063 599 quidem
1083 527 1214 578 eeteros
1241 537 1298 578 eo·

253 627 399 690 cundem
420 638 613 708 temporum
636 623 783 686 disertos
805 618 1005 690 antecessit,
1032 619 1156 681 Caluus
1182 630 1299 680 autem

253 741 286 792 et
309 729 453 792 Asinius
476 739 509 790 et
530 731 658 791 Caesar
680 737 713 787 et
736 721 871 786 Coelius
893 731 926 781 et
951 723 1113 782 Brutus
1135 741 1200 782 suo
1222 721 1299 783 iure

251 843 284 894 et
310 830 486 912 prioribus
507 841 540 892 et
565 826 780 912 sequentibus
805 834 1073 904 anteponuntur.
1098 844 1157 884 nee
1184 821 1299 912 refert

254 933 345 1016 quod
372 931 461 994 inter
490 953 525 994 se
554 930 664 1012 specie
691 925 877 1014 differant,
905 945 983 986 cum
1005 945 1130 1005 genere
1157 946 1297 987 consen-

253 1034 353 1096 tiant.
377 1033 554 1096 astrictior
582 1033 724 1104 Calvus,
754 1026 973 1090 numerosior
995 1026 1160 1110 Asinius,
1186 1029 1298 1109 splen.

254 1135 369 1197 ‹lidior
392 1138 541 1210 Caesar,
564 1133 721 1196 amarior
743 1129 891 1201 Coelius,
917 1128 1100 1210 grauior
1120 1131 1296 1206 Brutus,

252 1237 480 1300 vehementior
512 1248 545 1298 et
576 1235 712 1317 plenior
742 1244 775 1294 et
812 1231 979 1292 valentior
1011 1230 1149 1294 Cicero:
1181 1253 1298 1295 omnes

253 1353 368 1402 tamen
390 1338 533 1402 eandem
559 1336 778 1399 sanctitatem
804 1332 1016 1416 eloquentiae
1028 1331 1181 1422 ferunt,
1210 1346 1248 1396 ut
1267 1335 1299 1397 si

252 1441 406 1504 omnium
433 1441 568 1522 pariter
603 1437 709 1500 libros
741 1437 777 1498 in
812 1456 952 1496 manum
982 1434 1166 1509 sumseris,
1194 1436 1296 1512 scias,

253 1544 407 1628 quamuis
427 1544 461 1604 in
482 1541 624 1603 diuersis
647 1539 813 1620 ingeniis,
839 1558 912 1620 esse
934 1537 1108 1620 quandam
1122 1536 1242 1599 iudicii
1256 1560 1298 1601 ac

253 1645 440 1708 voluntatis
462 1642 722 1706 similitudinem
744 1652 777 1701 et
798 1639 1051 1722 cognationem.

315 1763 482 1827 Plutarchi
507 1764 625 1825 Brutus
656 1781 686 1823 c.
706 1763 750 1823 a.
797 1754 982 1844 ‘Populati
1011 1765 1071 1846 plu
1093 1747 1152 1826 οὖν
1173 1756 1297 1841 ἤσκητο

249 1862 332 1956 πρὸς
361 1862 420 1941 τὰς
449 1859 663 1944 διεξόδους
693 1867 747 1926 καὶ
780 1857 880 1936 τούς
912 1856 1080 1945 ἀγῶνας
1102 1857 1298 1939 inundati

250 1968 455 2057 Βροῦτος,
474 1962 664 2046 Ἑλληνιστὶ
687 1967 722 2029 δὲ
745 1961 803 2044 τὴν
824 1958 1131 2054 ἀποφθεγματικὴν
1152 1968 1207 2030 καὶ
1222 1968 1304 2032 Λα-’

251 2066 391 2149 κυνικὴν
413 2064 606 2149 ἐπιτηδεύων
628 2067 862 2157 βραχυλογίαν.

288 2210 363 2284 πρὸς
381 2209 434 2276 τὰς
451 2208 610 2275 διεξόδους]
648 2215 736 2258 Brutus
762 2217 857 2267 parum
878 2217 942 2265 erat,
964 2213 1000 2255 rel
1021 2214 1048 2255 nd
1068 2213 1192 2257 dicendum
1210 2214 1238 2257 de
1259 2228 1297 2258 re-

326 2303 419 2358 publica
439 2305 515 2357 ample
536 2302 674 2356 etcopiose
699 2302 735 2345 vel
764 2303 792 2343 ad
818 2313 901 2344 caussas
926 2301 1029 2358 agendas
1047 2300 1166 2345 forenses.
1196 2301 1297 2345 Sensum

323 2392 404 2449 graeci
424 2389 531 2434 vocabuli
558 2389 686 2434 illustravit
712 2387 808 2432 Ernesti
834 2390 856 2431 in
882 2387 972 2432 Lexico
996 2387 1111 2432 Technol.
1131 2401 1213 2447 graec.
1233 2390 1295 2433 rhet.

322 2493 343 2522 s.
364 2493 388 2522 v.
408 2483 432 2523 st
450 2476 598 2536 Vcegeliuus
617 2482 708 2520 noster.

313 2599 427 2660 Aurel.
466 2597 585 2659 Victor
619 2597 657 2656 de
698 2595 771 2656 Vir.
813 2594 917 2656 Illust.
954 2595 1006 2657 82.
1062 2597 1118 2659 M.
1153 2599 1295 2676 Brutus,

251 2701 410 2762 auitnculi
452 2699 592 2762 Catonis
628 2697 804 2772 imitator,
853 2696 995 2760 Athenis
1033 2697 1294 2782 philosophiam,

252 2802 365 2868 Rhodi
386 2801 682 2884 eloquentiam
706 2800 836 2862 didicit.

501 2995 527 3048 l.
569 2992 667 3050 Oratio
687 2995 724 3050 de
744 2995 885 3050 dictatura
906 2995 1045 3066 Pompeii.

316 3126 396 3185 Eam
413 3124 530 3186 Brutus
553 3147 582 3188 a.
608 3129 667 3187 701
692 3126 759 3201 (53)
785 3123 914 3204 scripsit
941 3125 1163 3212 vulgavitque,
1184 3139 1217 3188 ut
1233 3127 1298 3190 dis·

250 3231 413 3301 suaderet,
438 3227 607 3310 quominus
640 3227 796 3288 dictatura
832 3226 1013 3288 deferretur
1037 3228 1212 3308 Pompeia,
1241 3228 1297 3312 qui

251 3329 343 3392 enixe
367 3329 553 3407 laborabat,
576 3341 610 3391 ut
632 3329 743 3390 consul
766 3326 797 3387 in
824 3347 937 3388 annum
963 3329 1023 3388 702
1040 3329 1107 3405 (52)
1131 3340 1297 3390 crearetur

250 3431 338 3494 solus
364 3431 566 3515 dictatorque
590 3441 621 3491 ut
643 3431 747 3490 ficret.

316 3533 450 3614 Quintil.
468 3536 503 3608 9,
528 3535 566 3606 3,
592 3532 642 3594 95.
686 3530 791 3610 Apud
811 3533 959 3592 Brutum
981 3530 1022 3591 de
1043 3530 1218 3592 dictatura
1232 3535 1293 3596 Cn.

251 3637 423 3718 Pompeii:
439 3639 596 3699 Praestat
618 3631 708 3693 enim
734 3633 862 3693 nemini
885 3633 1057 3714 imperare
1075 3655 1178 3716 quam
1192 3635 1297 3696 alicui

250 3741 397 3809 seruire;
419 3738 491 3798 sine
514 3735 575 3795 illo
596 3734 687 3794 enim
715 3734 823 3798 uiuere
853 3739 991 3798 honeste
1009 3737 1102 3811 licet,
1131 3759 1207 3800 cum
1233 3739 1296 3800 hoc

251 3839 384 3903 vivendi
405 3839 499 3897 nulla
520 3835 671 3897 conditio
693 3850 756 3899 est.

284 3987 340 4030 sine
358 3981 413 4038 illo]
449 3983 466 4026 i.
488 3995 512 4029 e.
531 3983 584 4025 sine
603 3984 713 4037 imperio.

285 4087 342 4117 cum
360 4069 416 4130 hoc]
453 4073 470 4120 i.
491 4084 514 4118 a.
534 4084 588 4114 cum
607 4073 730 4118 servitute.

314 4189 483 4254 Suetonius
499 4190 532 4254 in
549 4189 688 4256 Caesare
711 4191 761 4254 49.
805 4193 922 4258 Missa
944 4191 1049 4254 etiam
1058 4189 1169 4283 facio
1185 4189 1297 4252 edicta
1401 4209 1404 4214 ·

251 4289 375 4365 Bibuli,
392 4294 514 4373 quibus
534 4294 740 4378 proscripsit
764 4299 932 4376 collegam
952 4315 1053 4356 suum
1076 4292 1297 4377 Bithynicam

1468 907 1478 956 ι
