2992 4844
1173 329 1233 392 sta

250 483 325 548 Cic.
362 483 465 544 Bruto
500 481 553 542 16.
605 482 768 546 Omnium
798 483 1097 575 eloquentissimus
1126 496 1231 546 extra

184 591 271 652 hanc
303 586 421 648 urbem
459 588 502 648 Τ.
535 585 695 648 Betucius
724 587 858 648 Barrus
888 589 1100 662 Asculanos,
1132 587 1230 650 caius

185 703 268 754 sunt
302 689 435 772 aliquot
466 688 641 750 orationes
672 687 790 750 Asculi
826 688 977 763 habitae,
1012 689 1072 752 ilia
1101 692 1232 756 Romae

185 806 310 857 contra
331 791 549 872 Caepionem,
573 788 696 852 nobilis
717 810 813 864 sane,
837 790 894 852 cui
916 791 1068 856 orationi
1088 795 1230 877 Caepio-

186 897 241 962 nis
263 917 322 960 ore
345 892 523 974 respondit
545 892 678 957 Aelius.

506 1089 532 1144 1.
573 1087 722 1146 Orationes
742 1089 917 1146 Asculacae.
950 1159 951 1162 Ἴ

251 1223 370 1284 Earum
396 1219 565 1303 vestigium
589 1219 720 1282 nullum.
837 1237 839 1241 ·

345 1397 374 1454 2.
416 1396 515 1477 Oratio
536 1400 635 1453 contra
656 1397 691 1464 Q.
714 1397 866 1454 Servilium
887 1397 1072 1470 Caepionem.
1139 1398 1151 1420 ⁹

254 1529 334 1591 vid.
346 1539 429 1592 orat.
443 1532 486 1610 Q.
504 1528 641 1592 Servilii
656 1527 837 1609 Caepionis
851 1550 885 1609 p.
903 1527 978 1590 322.
1001 1529 1124 1611 Caepio
1136 1531 1232 1594 homa

189 1632 345 1696 factiosus
376 1641 407 1694 et
442 1629 627 1713 popularis,
659 1629 833 1693 inimicitia·
857 1649 935 1712 erga
972 1632 1024 1694 M.
1061 1631 1232 1697 Aemilium

191 1737 344 1798 Scaurum
372 1732 525 1810 celebris,
552 1733 638 1796 bello
668 1731 816 1796 Marsico
844 1733 912 1796 sive
938 1733 1051 1797 sociali
1075 1734 1173 1815 periit
1200 1757 1229 1798 a.

190 1836 352 1922 661(90).
384 1834 463 1899 Vid.
492 1837 660 1901 Onomast.
689 1835 881 1899 Tullianum.

483 2031 543 2088 Lll.
584 2032 617 2089 t.
639 2031 763 2090 Marcius
781 2030 936 2103 Philippus.

255 2176 336 2237 Eum
359 2185 464 2236 natum
491 2170 605 2234 scribit
626 2172 754 2234 Ellendt
780 2194 811 2252 p.
841 2171 1076 2248 Limata.
1105 2172 1166 2235 616
1183 2175 1233 2236 vel

192 2278 264 2350 616,
293 2278 554 2339 Westermannus
577 2286 680 2335 autem
702 2297 737 2356 p.
765 2275 842 2334 100.
863 2295 945 2336 anno
974 2275 1047 2337 629.
1072 2275 1234 2355 Quaestor

192 2401 223 2441 a.
249 2378 308 2440 616
336 2379 444 2458 (109),
469 2375 614 2439 tribunus
636 2376 681 2456 pl.
711 2397 740 2437 a.
771 2375 831 2436 660
857 2375 963 2453 (101),
988 2375 1096 2438 aedilis
1119 2398 1146 2444 a.
1172 2376 1233 2438 653

193 2481 301 2558 (101),
324 2490 455 2570 praetor
478 2501 507 2540 a.
537 2478 597 2540 656
625 2477 707 2564 (98),
734 2475 846 2540 consul
873 2498 902 2538 a.
927 2477 987 2538 668
1009 2477 1096 2555 (91),
1120 2498 1235 2542 censor

193 2604 221 2647 a.
246 2581 306 2643 668
330 2582 399 2662 (86)
425 2579 522 2644 luisse
545 2577 692 2643 traditur.

257 2706 433 2778 lacertum,
454 2723 493 2764 an
519 2699 680 2764 orationes
705 2699 874 2784 reliquerit
896 2698 1077 2783 Philippus.

260 2822 380 2888 Cicero
409 2824 513 2886 Bruto
542 2843 570 2890 c.
595 2823 648 2884 47.
698 2822 843 2885 Duobus
874 2821 1018 2883 summis
1047 2824 1175 2885 Crasso
1203 2834 1236 2883 et

196 2927 344 2992 Antonio
359 2930 400 2989 L.
426 2924 605 3007 Phiiippus
625 2925 813 3006 proximas
837 2923 1025 2997 accedebat,
1050 2923 1112 2986 sed
1131 2926 1237 3006 longo

194 3030 375 3092 intervallo
402 3040 517 3092 tamen
542 3025 747 3108 proximus,
781 3026 898 3110 itaque
919 3046 1015 3101 eum,
1047 3025 1113 3088 etsi
1138 3047 1237 3090 nemo

195 3131 439 3204 intercederet,
464 3130 580 3214 quise
603 3129 653 3190 illi
681 3124 896 3215 anteferret,
921 3148 1028 3213 neque
1050 3128 1237 3192 secundnm

195 3245 311 3294 tamen
340 3253 401 3294 nec
428 3230 570 3294 tertium
599 3231 763 3294 dixerim.
787 3230 855 3293 Sed
880 3241 995 3293 tamen
1017 3242 1117 3294 erant
1139 3253 1181 3294 ea
1201 3231 1237 3294 in

195 3335 367 3417 Philippo,
392 3355 496 3417 quae,
521 3333 675 3416 quisine
704 3333 961 3416 comparatione
983 3334 1122 3397 illoram
1144 3355 1239 3416 spec·

196 3447 305 3511 taret,
331 3435 417 3498 satis
440 3456 569 3518 magna
596 3436 743 3512 diceret,
776 3456 911 3498 summa
939 3436 1079 3498 libertas
1100 3435 1136 3497 in
1159 3457 1239 3498 ora-

195 3537 307 3612 tione,
338 3539 464 3600 multae
474 3535 657 3626 facetiae,
689 3539 776 3601 satis
805 3539 921 3600 creber
948 3537 984 3597 in
1014 3537 1238 3619 reperiendis,

197 3642 331 3702 solutas
355 3639 389 3700 in
412 3639 628 3722 explicandis
649 3639 838 3710 sententiis,
864 3650 940 3700 erat
960 3637 1066 3699 etiam
1080 3637 1240 3720 inprimis

199 3750 236 3801 ut
269 3741 479 3822 temporibus
507 3742 581 3806 illis,
605 3742 742 3824 graecis
776 3739 943 3804 doctrinis
975 3739 1173 3812 institutus,
1204 3739 1240 3800 in

198 3842 399 3904 altercando
420 3863 498 3905 oum
519 3842 637 3924 aliquo
665 3842 783 3904 aculeo
806 3853 837 3904 et
861 3841 1042 3904 maledicto
1052 3840 1228 3932 facetus..

263 3958 337 4024 Cio.
365 3963 458 4024 Brut.
491 3963 545 4024 45.
589 3963 645 4024 M.
675 3961 870 4024 Herennius
899 3981 1036 4022 summa
1064 3956 1240 4022 nobilitate

196 4064 388 4138 hominem,
421 4062 643 4144 cognatione,
677 4061 876 4137 sodalitate,
911 4059 1073 4140 collegio,
1105 4075 1242 4120 summo

198 4165 303 4228 etiam
317 4163 514 4250 eloquentia
533 4166 574 4225 L.
591 4161 787 4244 Philippum
807 4164 844 4225 in
864 4161 1064 4223 consulatus
1076 4155 1243 4240 petitione

196 4266 384 4349 superauit.
