2976 4844
1141 341 1202 404 135

214 517 272 548 unm
297 507 343 550 est.
383 502 497 548 Ceterum
525 503 626 550 Catonis
654 503 727 548 verbs
757 516 846 562 magu
872 503 1021 550 ubscuritate
1054 504 1201 549 laborast.“

214 593 317 636 mutuas.

176 731 227 775 pro
248 715 316 776 rep]
354 723 495 772 corruptum
516 721 584 773 puto.
622 731 669 761 nnn
694 717 806 761 convenit
827 717 886 762 illud
915 730 966 776 pro
993 715 1125 775 republica
1150 717 1200 761 rsi-

215 805 333 862 publicae
354 803 452 864 profui.

176 927 289 991 profuit]
322 928 414 989 profui
437 931 468 978 Α.
493 931 650 988 Augustinus.

211 1049 396 1116 Priscianus
422 1062 447 1113 t.
477 1053 507 1113 1.
532 1072 566 1130 p.
593 1049 667 1111 244.
711 1048 766 1112 Illi
800 1071 862 1130 pro
896 1049 993 1115 illius.
1048 1053 1135 1116 Cato
1164 1051 1201 1114 in

143 1158 203 1218 M.
234 1151 441 1218 Caecilium:
465 1153 553 1235 Quis
582 1151 634 1214 illi
663 1153 757 1215 morli
779 1173 854 1215 esse
882 1155 981 1216 uult?

184 1297 254 1359 quis]
292 1299 395 1357 etquis
424 1294 482 1358 apd}
510 1299 596 1342 Turis.
632 1297 777 1356 Lugendum·
797 1298 902 1356 ecquis,
937 1305 961 1343 nt
992 1302 1015 1344 in
1046 1301 1100 1347 cod.
1126 1301 1202 1358 Regio

219 1383 297 1433 7497.
322 1387 358 1431 tx
382 1401 446 1433 suec.
468 1385 548 1444 (teste
569 1381 719 1448 Duebnero)
744 1388 842 1448 legitur.

210 1505 298 1570 Vide
322 1505 517 1570 orationem
538 1505 574 1567 in
602 1509 641 1570 G·
666 1505 866 1570 Caecilium.

453 1757 501 1815 79.
532 1755 633 1815 Oratio
656 1759 699 1815 De
720 1760 888 1829 auguribus.

213 1891 352 1970 Quando
376 1911 480 1974 quare
507 1889 676 1952 occasione
701 1893 771 1953 data
797 1895 880 1956 hauc
904 1892 1085 1958 orationem
1109 1894 1201 1958 dixe·

147 1995 190 2057 rit
222 1993 326 2068 Cato,
354 1992 525 2056 incertum.
572 1995 635 2056 Sed
666 1993 804 2058 fortasse
835 1995 950 2059 Livius
981 2007 1201 2082 argumentum

148 2097 282 2160 tradidit
314 2095 375 2160 lib.
411 2097 464 2173 33,
502 2096 555 2159 42.
612 2097 681 2161 Sed
717 2119 884 2182 magnum
915 2113 1089 2164 certamen
1124 2124 1202 2164 cum

148 2201 310 2265 omnibus
333 2199 572 2264 sacerdotibus
599 2221 640 2262 eo
661 2221 754 2263 anno
765 2200 853 2292 fluit
878 2206 1119 2288 quaestoribus
1142 2228 1202 2268 ur·

151 2305 250 2366 banis
287 2307 330 2387 Q.
368 2303 475 2368 Fabio
508 2303 662 2366 Labeoni
696 2316 730 2366 et
763 2309 806 2369 L.
844 2308 997 2372 Aurelio.
1052 2309 1203 2374 Pecunia

151 2431 240 2491 opus
271 2421 371 2482 erat,
412 2406 506 2491 quod
540 2407 698 2468 ultimam
734 2408 937 2489 pensionem
967 2411 1135 2492 pecuniae
1165 2411 1201 2473 in

150 2512 278 2574 bellum
311 2514 456 2574 collatae
480 2509 634 2594 persolvi
660 2511 842 2590 placuerat
861 2511 1024 2592 priuatis.
1069 2517 1205 2594 Quam?

150 2627 244 2678 tores
267 2616 310 2677 ab
334 2613 530 2698 auguribus
549 2610 854 2697 pontificibusque,
878 2615 973 2698 quod
990 2613 1202 2697 stipendium

145 2741 212 2801 per
238 2719 362 2781 bellum
388 2737 457 2780 non
483 2715 721 2789 contulissent,
750 2717 922 2799 petebant.
968 2718 1022 2782 Ab
1039 2717 1200 2781 sacerdo·

149 2821 243 2885 tibus
270 2820 501 2905 nequidquam
527 2817 658 2880 tribuni
682 2818 791 2903 plebis
817 2819 1002 2903 appellati,
1032 2821 1202 2885 omnium·

151 2946 217 3009 que
242 2946 427 2996 annorum,
450 2944 515 3004 per
540 2942 627 3005 quos
652 2943 721 2985 non
746 2922 925 2998 dederant,
949 2937 1114 2986 exactsum
1136 2937 1200 2987 est.

152 3063 191 3074 -
215 3027 430 3092 -Comitia
457 3024 579 3088 deinde
608 3025 807 3088 consularia
834 3027 952 3089 habita
974 3048 996 3088 a
1021 3029 1076 3092 M.
1099 3029 1202 3091 Mar.

149 3133 236 3194 cello
264 3133 414 3193 consule.
460 3125 570 3191 creati
592 3131 751 3191 consules
781 3133 823 3193 L.
851 3129 1014 3195 Valerius
1037 3133 1200 3206 Flaccus,

151 3237 207 3298 M.
234 3232 382 3299 Porcius
408 3235 506 3296 Cata.

187 3394 216 3424 eo
235 3378 313 3439 anno]
352 3377 400 3424 ⁵58
421 3376 501 3436 (19⁶).

217 3496 316 3576 Cato,
344 3499 476 3581 opinor,
504 3523 541 3564 ea
568 3503 606 3564 de
632 3523 667 3564 re
696 3499 875 3564 orationem
901 3499 1023 3576 habuit,
1048 3520 1148 3586 eaque
1171 3498 1204 3562 in

153 3622 269 3664 aunum
296 3604 358 3666 558
382 3607 473 3682 (190)
498 3603 597 3667 cadit.

217 3705 332 3768 Festus
351 3728 386 3787 p.
410 3707 485 3768 241.
530 3705 702 3770 Probrum
722 3702 858 3786 virginis
878 3704 1022 3768 Vestalis
1043 3717 1077 3768 nt
1100 3706 1203 3788 capite

152 3804 339 3887 puniretur,
365 3807 432 3883 vir,
461 3807 517 3894 qui
541 3829 609 3872 eam
636 3805 872 3881 incestavisset,
898 3806 1088 3871 verberibus
1110 3829 1204 3870 neca·

152 3919 255 3986 retur,
282 3910 337 3973 lex
362 3911 431 3976 lixa
450 3911 483 3974 iu
508 3911 590 3974 atrio
613 3908 792 3973 Libertatis
812 3932 883 3972 cnm
903 3910 1009 3974 multis
1029 3909 1100 3973 aliis
1120 3906 1203 3991 legi-

151 4011 212 4074 hns
229 4011 388 4078 incendio
411 4025 577 4078 consumta
602 4025 660 4088 est,
686 4025 720 4074 nt
743 4013 787 4074 ait
808 4015 864 4075 M.
886 4015 972 4076 Cato
998 4012 1034 4073 in
1059 4031 1101 4072 ea
1122 4029 1202 4072 ora·

154 4113 265 4190 tione,
300 4137 389 4200 quae
412 4117 454 4178 de
476 4116 675 4196 auguribus
704 4113 919 4177 inscribitur.
964 4109 1095 4174 Actaeis
1120 4132 1204 4194 quo·

152 4237 229 4298 que,
255 4217 410 4301 uirgines
435 4219 591 4285 Vestales
615 4215 814 4285 sacerdotio
840 4210 1100 4295 exaugurat(as
1128 4214 1201 4295 pri·
1250 4266 1253 4274 .

152 4339 258 4397 muns,
284 4320 439 4403 deinde).
