2992 4844
1193 342 1254 406 987

206 502 292 566 dens
315 499 507 576 Antonius,
532 520 610 562 cum
637 499 747 562 scissa
769 510 860 562 veste
888 498 1085 574 cicatrices,
1113 499 1251 583 quasis

202 627 270 690 pro
288 603 408 687 patria
427 613 566 684 pectore
589 602 736 664 aduerso
761 601 983 684 suscepisset,
1005 601 1166 678 ostendit,
1184 623 1252 664 non
1351 671 1353 675 ,

206 705 378 771 orationis
404 704 523 766 habuit
548 704 743 781 fiduciam,
778 705 839 768 sed
866 705 974 767 oculis
1004 705 1126 786 populi
1162 726 1249 767 rom.

205 810 272 898 vim
299 807 437 881 attulit,
462 828 561 890 quem
590 807 649 869 illo
675 807 751 888 ipso
777 819 916 888 aspectu
947 807 1099 869 maxime
1121 818 1251 890 motum

205 912 241 974 in
266 914 347 987 hoc,
373 921 412 973 nt
430 910 620 972 absolveret
643 931 753 984 reum,
780 909 948 972 creditum
974 923 1036 972 est.

299 1197 329 1256 5.
369 1197 468 1255 Oratio
492 1213 543 1268 pro
563 1211 594 1252 se
618 1197 654 1252 de
676 1197 785 1254 ambitu
807 1201 905 1254 contra
925 1197 964 1255 Μ.
990 1197 1159 1254 Duronium.

268 1331 317 1392 Ea
344 1327 425 1390 dicta
452 1339 498 1392 est
517 1349 547 1391 a.
576 1327 635 1390 657
660 1329 740 1407 (97).
787 1328 867 1392 Cum
890 1331 940 1397 M.
968 1329 1128 1393 Antonius
1150 1339 1181 1391 et
1204 1331 1247 1392 L.

204 1433 339 1497 Flaccus
358 1453 508 1494 censores
524 1452 553 1494 a.
576 1433 634 1492 657
655 1428 721 1514 (97)
742 1432 921 1494 Duronium
938 1445 1045 1494 senatu
1065 1431 1249 1506 movissent,

204 1538 293 1620 quod
323 1535 425 1616 legem
455 1537 493 1595 de
521 1532 705 1596 coercendis
736 1533 958 1596 conviviorum
982 1533 1134 1596 sumtibus
1154 1534 1249 1596 latam

205 1637 350 1699 tribunus
367 1635 471 1717 plebis
485 1657 515 1698 a.
534 1635 593 1696 656
613 1637 680 1715 (98)
708 1637 939 1718 abrogaverat:
957 1635 1055 1697 iratus
1071 1635 1247 1699 Antonium

204 1742 242 1801 de
265 1738 383 1800 ambitu
405 1737 437 1800 in
461 1736 616 1818 petitione
639 1759 790 1800 censurae
815 1761 901 1800 rcum
927 1738 1015 1814 fecit,
1037 1741 1091 1799 sed
1112 1738 1246 1800 frustra.

202 1841 294 1905 Fasti
317 1841 398 1904 enim
426 1862 490 1903 non
514 1838 669 1914 indicant,
698 1863 767 1902 eum
791 1863 899 1902 inuans
918 1839 1116 1921 deposuisse.
1163 1842 1247 1902 Tur-

203 1945 302 2006 nebus
323 1941 499 2016 existimat,
524 1940 557 2003 in
590 1944 648 2003 bac
672 1963 766 2003 causa
796 1943 1008 2005 testimonium
1042 1953 1155 2005 contra
1178 1942 1247 2004 An-

202 2043 322 2107 tonium
352 2044 471 2106 dixisse
500 2042 541 2107 C.
572 2044 720 2107 Coelium
754 2045 909 2122 Caldam,
940 2045 1070 2130 eiusque
1102 2044 1150 2108 rei
1177 2043 1249 2106 fieri

202 2145 392 2210 mentionem
410 2146 583 2236 apuduCic.
608 2150 645 2208 de
672 2149 765 2210 Orat.
789 2147 812 2209 l.
839 2149 870 2225 2,
888 2151 938 2223 66,
956 2149 1029 2210 957.
1074 2151 1115 2212 In
1132 2147 1248 2211 Coelio

201 2270 284 2312 sane
306 2250 410 2311 etiam
432 2249 480 2310 ad
501 2271 642 2311 cansam
661 2250 743 2311 utile
753 2247 839 2337 fuit
859 2262 958 2312 tunm
973 2251 1078 2324 illud,
1103 2248 1245 2323 Antoni,

207 2373 285 2414 cnm
309 2354 364 2413 ille
385 2373 407 2412 a
429 2373 464 2413 33
491 2352 674 2433 pecuniam
701 2349 900 2439 profectam
934 2353 1060 2414 diceret
1087 2351 1184 2413 testis
1213 2363 1246 2412 et

205 2454 343 2516 haberet
358 2454 475 2529 filium
495 2454 739 2528 delicatiorem,
759 2455 902 2515 abeunte
928 2454 998 2516 iam
1021 2455 1096 2515 illo:
1118 2451 1247 2515 Sentin’

204 2575 319 2618 senem
348 2577 421 2618 3333
449 2569 578 2618 tactum
604 2555 751 2637 triginta
778 2555 893 2616 minis.
948 2554 1063 2618 Valer.
1096 2554 1191 2616 Max.
1216 2554 1246 2629 2,

201 2659 238 2734 9,
264 2659 296 2720 5.
343 2656 463 2722 Cicero
492 2662 530 2720 de
561 2659 654 2722 Orat.
688 2657 725 2734 9,
755 2657 812 2735 68,
843 2658 915 2720 stt.
972 2659 1108 2720 loannes
1135 2657 1246 2719 Seres·

201 2759 357 2824 heriensis
388 2764 436 2824 De
466 2763 554 2843 Nug.
589 2760 669 2824 Cur.
704 2761 799 2825 Vlll.
835 2761 867 2823 9.
919 2761 1121 2824 0333333333
1149 2770 1174 2822 t.
1214 2760 1244 2821 1.

198 2883 231 2946 p.
254 2863 305 2930 69.

247 3115 276 3172 6.
317 3113 414 3170 Oratio
432 3129 484 3185 pro
508 3113 540 3171 C.
565 3113 700 3170 Norbano
723 3115 822 3168 contra
844 3111 875 3168 P.
897 3111 1055 3183 Sulpicium
1078 3111 1193 3168 Rufum.

261 3255 309 3316 Ea
338 3253 445 3316 habita
477 3266 524 3316 est
552 3277 581 3317 a.
616 3255 677 3318 660
706 3254 786 3340 (96).
833 3253 874 3319 C.
906 3256 1077 3317 Norbanus
1098 3252 1245 3318 tribunus

196 3355 243 3437 pl.
258 3378 287 3419 a.
306 3357 367 3420 659
384 3359 462 3434 (95),
479 3360 576 3422 honio
592 3358 776 3433 seditiosus,
794 3361 837 3440 O.
855 3357 1023 3420 Servilium
1045 3355 1243 3438 Caepionem

198 3455 368 3522 maiestatis
393 3473 598 3524 accusaverat
629 3475 764 3544 propter
794 3460 943 3543 pecunias
968 3461 999 3522 in
1023 3461 1189 3523 consulatu
1211 3481 1241 3523 a.

201 3559 262 3622 668
278 3563 368 3642 (106)
384 3563 523 3626 Tolosae
540 3563 678 3644 direptas
696 3575 726 3626 et
741 3573 877 3644 propter
894 3564 1012 3624 cladem
1035 3561 1242 3637 Cimbricam,

196 3683 289 3746 quam
311 3664 489 3728 temeritate
521 3687 576 3728 sua
606 3687 636 3728 3.
662 3667 722 3729 669
752 3667 841 3744 (105)
862 3675 1013 3744 expertus
1037 3675 1119 3739 erat,
1140 3685 1243 3747 eoque

196 3765 346 3843 perduxit
362 3789 440 3842 rem,
461 3779 494 3828 ut
517 3766 619 3830 invito
639 3779 747 3830 senatu
778 3787 851 3828 reus
871 3767 1037 3845 Smyrnam
1062 3765 1241 3828 inexilium

197 3868 338 3929 cederet.
395 3869 476 3933 Cum
509 3882 610 3942 autem
649 3870 680 3932 in
715 3891 752 3932 ea
784 3889 875 3930 causa
910 3890 1024 3950 magna
1060 3879 1142 3931 esset
1173 3879 1242 3929 orta

195 3966 330 4046 seditio,
376 3971 465 4034 cuins
503 3983 617 4034 auctor
658 3973 764 4034 fuerat
803 3973 994 4046 Norbanus,
1036 3990 1054 4029 a
1096 3971 1136 4031 Ρ.
1170 3967 1242 4030 Sal·

194 4069 282 4153 picio
315 4073 404 4136 Rufo
430 4073 504 4155 lege
535 4073 766 4152 Appuleiade
798 4071 957 4136 maiestate
987 4071 1162 4150 postulatus
1197 4079 1244 4130 est

193 4195 225 4238 3.
247 4173 310 4237 660
332 4175 413 4252 (96).
459 4172 619 4237 Antonius
635 4195 704 4236 eum
728 4175 877 4248 defendit,
895 4185 927 4236 et
950 4169 1072 4234 iudices
1096 4168 1244 4232 absolve·

193 4288 280 4341 runt.
333 4274 414 4339 Via.
448 4273 651 4338 Hearicbsen
678 4279 717 4338 ad
749 4275 821 4342 Cle.
851 4274 906 4342 lib.
932 4276 970 4337 de
1005 4271 1100 4335 Orat.
1132 4271 1170 4348 2,
1190 4271 1241 4345 67,
