2992 4840
1093 357 1094 360 ¹
1179 337 1240 401 239

189 514 276 575 test,
301 498 383 584 quin
403 510 464 561 aut
487 497 569 561 olim
592 499 715 580 cupide
738 497 910 580 appetisse
927 508 989 559 aut
1004 515 1093 558 nunc
1112 507 1239 560 temere

189 604 392 686 repudiasse
422 600 596 664 dicamini.

225 764 287 809 price
306 762 351 792 voc
370 745 479 806 cupide}
517 747 641 792 Gracchus
664 750 803 792 exhortatur
822 749 954 804 populum,
985 751 1010 788 nt
1031 760 1092 790 nnnc
1112 749 1238 794 occasione

259 838 339 880 oblata
358 838 452 880 scelera
470 841 539 892 atque
558 836 657 880 iniurias
681 837 830 890 optimatium
852 835 981 878 ulciscatur
1001 839 1025 877 et
1036 835 1166 888 Popillium
1182 848 1239 880 con-

260 927 363 968 demnet.
403 923 466 966 llaec
486 923 559 967 verba
581 925 615 966 sic
636 927 659 967 in
681 929 788 966 nostruin
810 936 948 967 sermonem
969 923 1041 965 vertit
1055 921 1161 966 Niebuhr
1174 924 1236 967 ilict.

262 1019 278 1056 t.
294 1009 319 1055 2.
340 1007 441 1066 piei.
462 1013 500 1055 ed.
516 1009 588 1065 ida,
619 1011 715 1066 „llttlet
742 1012 816 1068 euch,
846 1011 931 1065 speech
953 1009 1121 1054 &Gracchus
1144 1023 1175 1054 zu
1196 1013 1238 1055 cler

258 1100 475 1157 Volksgemeinde,
496 1102 531 1144 als
551 1101 595 1143 der
618 1100 709 1161 blutige
731 1100 860 1156 luquisilor
881 1099 910 1142 P.
930 1099 1066 1153 Popillius,
1092 1099 1163 1144 lehre
1184 1099 1239 1156 lang

259 1201 303 1230 vois
323 1189 366 1229 den
387 1191 549 1244 sogenannten
570 1186 706 1242 Optitneten
727 1183 864 1239 bescbiitzt,
886 1186 977 1229 endlich
993 1200 1036 1230 vor
1050 1185 1152 1230 Gericht
1170 1187 1239 1230 stand

260 1300 289 1308 -
304 1277 356 1318 dass
376 1287 401 1318 es
416 1275 480 1318 nicht
493 1275 582 1328 heisse,
598 1277 636 1319 ihr
650 1277 723 1319 hiittet
740 1276 783 1317 mit
797 1274 893 1317 blindai·
906 1273 1073 1317 Leidenschaft
1088 1274 1236 1332 gewilnscbt‚

261 1365 306 1406 ultd
326 1365 367 1406 das
389 1363 481 1406 endlich
505 1375 559 1405 vain
585 1362 705 1406 Schicksal
728 1361 856 1406 Gew'ahrte
887 1361 1033 1419 leichtfertig
1057 1355 1238 1405 verschin'icht.“

255 1484 367 1545 Festus
395 1504 428 1562 p.
448 1483 521 1544 201.
557 1481 810 1556 occisitantur,
837 1503 930 1562 saepe
951 1479 1152 1543 occiduntur.
1183 1477 1237 1542 Sic
1280 1528 1311 1537 -

190 1588 228 1648 G.
256 1586 433 1647 Gracchus
462 1606 529 1666 pro
558 1585 684 1646 rostris
710 1583 746 1645 in
768 1587 806 1646 P.
833 1583 1038 1667 Popillium:
1072 1582 1238 1647 Homines

189 1686 287 1749 liberi
310 1707 398 1748 nunc
422 1687 459 1748 in
484 1685 611 1768 oppido
635 1683 871 1747 occisitantur.

245 1973 274 2030 8.
315 1973 413 2032 Oratio
439 1975 471 2030 in
496 1974 526 2031 Ρ.
550 1973 705 2045 Popillium
728 1973 886 2032 Laenatem
908 1976 1053 2046 posterior
1075 1976 1183 2034 circum

614 2069 816 2124 conciliabula.

252 2227 341 2288 Haec
365 2224 470 2288 oratio
492 2224 524 2287 in
546 2230 654 2290 eadem
682 2247 774 2288 causa
800 2226 924 2301 habita,
950 2229 990 2290 de
1017 2248 1078 2311 qua
1107 2225 1139 2290 in
1163 2246 1236 2289 ora·

188 2324 273 2390 tione
299 2332 511 2409 praecedente
538 2328 637 2390 locuti
662 2350 780 2390 surmus.

252 2428 294 2493 C.
323 2431 489 2492 Gracchus
519 2429 581 2491 iter
610 2427 688 2491 fecit
713 2452 772 2509 per
802 2428 888 2491 Latii
915 2429 1079 2505 civitates,
1114 2441 1148 2490 nt
1174 2429 1238 2492 cri·

188 2531 271 2594 inina
302 2531 436 2612 Popillii
465 2553 547 2615 quae
574 2529 606 2592 in
633 2529 857 2594 coniuratione
889 2531 1078 2593 Gracchana
1108 2519 1262 2593 corsini-¹

188 2635 296 2710 sisset,
329 2645 542 2716 cognosceret
568 2645 599 2694 et
624 2629 834 2716 conquireret
861 2632 1125 2715 quamplurima.
1164 2655 1235 2694 nam

187 2748 218 2798 et
243 2739 366 2800 Romae
395 2747 425 2798 et
449 2735 481 2798 in
509 2733 577 2796 aliis
606 2732 788 2797 civitatibus
812 2735 923 2798 Italiae
951 2736 1067 2798 intuitos
1093 2733 1238 2798 homines

189 2838 359 2902 occiderat,
402 2837 511 2922 Atque
536 2836 567 2900 in
594 2835 676 2901 soris
703 2836 771 2899 sive
803 2837 1026 2900 conciliabulis
1052 2840 1134 2899 hanc
1164 2859 1238 2901 ora·

187 2939 305 3005 tionem
330 2937 457 3015 habuit,
483 2961 581 3023 eaque
605 2939 750 3003 homines
779 2939 940 3015 incitavit,
972 2949 1005 3002 ut
1029 2939 1133 3002 oosoia
1156 2938 1238 3004 indi·

189 3053 298 3104 carent
324 3055 354 3104 et
376 3041 556 3105 testimonia
581 3039 735 3104 dicerent.

250 3146 300 3208 De
324 3140 546 3209 conciliabulis
577 3143 640 3207 vid.
666 3142 813 3208 Niebuhr
834 3145 963 3209 Hister.
991 3145 1033 3206 T.
1051 3145 1082 3208 2.
1116 3168 1149 3228 p.
1163 3145 1237 3209 394.

187 3245 264 3309 edit.
288 3251 317 3310 1.

252 3359 366 3420 Festus
392 3381 426 3440 p.
452 3361 525 3422 150.
570 3362 671 3424 Malo
697 3382 797 3422 cruce
824 3359 995 3423 masculino
1022 3380 1141 3443 genere
1169 3381 1239 3420 cuin
1263 3405 1295 3426 x

187 3457 270 3521 dixit
290 3462 467 3523 Gracchus
492 3459 528 3523 in
547 3463 725 3538 oratione,
751 3476 906 3546 quaeest
926 3463 961 3524 in
977 3467 1016 3526 P.
1038 3461 1237 3543 Popillium,

182 3563 397 3644 posteriore,
430 3575 492 3624 tarn
517 3563 770 3646 repraesentavit
793 3563 951 3651 antiquam
981 3563 1237 3626 consuetudinem

187 3684 280 3748 quam
308 3667 392 3728 hunc
423 3664 584 3741 frontem,
617 3679 711 3752 atque
739 3668 823 3728 hunc
849 3665 979 3748 stirpem
1008 3663 1089 3727 idern
1117 3663 1239 3751 antiqui

163 3765 349 3829 dixerunt.

249 3877 373 3940 Gellius
396 3881 425 3955 1,
448 3881 479 3941 ’1.
507 3881 658 3944 Verbum
672 3890 724 3940 est
740 3879 979 3956 indefinitum,
1006 3877 1100 3961 quod
1120 3877 1240 3956 graeci

185 3982 361 4061 appeliant
394 3976 658 4071 ἆπαρὲμφατον,
692 4001 752 4042 nec
780 3983 933 4044 numeris
967 4001 1028 4040 nec
1055 3974 1240 4060 generibus

181 4082 422 4163 praeserviens
452 4084 514 4144 sed
541 4083 686 4144 liberum
713 4084 862 4166 undique
892 4094 925 4144 et
952 4077 1237 4158 inpromiscuum.

185 4183 291 4265 Quali
310 4186 348 4248 C.
372 4187 549 4248 Gracchus
570 4183 671 4246 uerbo
695 4205 777 4246 usus
801 4196 853 4247 est
875 4184 910 4244 in
937 4178 1116 4250 oratione,
1139 4177 1240 4243 caius

186 4286 308 4350 titulus
329 4298 398 4350 est:
421 4290 481 4349 Dc
503 4292 546 4370 Q.
567 4284 766 4366 Popillio
789 4287 954 4348 circum
977 4275 1241 4342 conciliabo·
1272 4317 1315 4328 -—-
