2976 4844
1176 368 1235 431 155

180 527 313 607 plrlum
340 526 577 606 Fregellanum
611 523 667 586 Τι’.
696 525 845 586 Gracchi
868 528 906 587 P.
922 521 967 610 f.
984 523 1074 614 fere
1101 537 1233 600 aetate,

183 631 274 690 eiius
300 628 430 690 etium
459 627 604 690 oratio
628 639 692 689 est
718 648 797 706 pro
825 627 1099 710 Fregellanis
1123 631 1235 691 colo-

184 732 356 814 niisque
384 731 559 802 latinia,
591 730 736 791 liubila
762 730 804 791 in
831 743 998 792 senatu.

250 835 314 895 Sed
340 831 452 916 quaeri
480 844 599 913 potest,
628 854 665 893 an
691 831 862 894 verisimile
890 832 942 909 sit,
974 832 1151 914 Papirium,
1178 832 1233 917 qui

186 949 288 1000 aetate
312 935 363 999 Ti.
391 936 532 998 Gracchi
557 934 692 998 senioris
719 934 846 1009 vixerit,
873 957 954 998 anno
981 937 1041 999 599
1067 937 1158 1016 (195)
1181 940 1235 1000 ad-

186 1043 249 1101 huc
271 1039 354 1101 inter
378 1037 471 1101 vivos
496 1037 607 1124 luisse.
654 1038 796 1101 Orellius
819 1037 851 1098 id
874 1037 1015 1122 negavit,
1037 1039 1233 1102 orationem·

186 1164 249 1225 que
275 1141 401 1221 Papirii
428 1162 491 1203 non
524 1144 562 1202 ad
591 1140 676 1202 illam
710 1139 922 1203 rebellionem
953 1142 1233 1225 Fregellanorum,

187 1247 242 1306 scd
268 1247 305 1305 ad
332 1266 398 1306 rem
422 1243 645 1326 antiquiorem,
673 1265 755 1305 nunc
778 1243 919 1326 ignotam
944 1244 1143 1308 referendam
1164 1245 1233 1307 exi·

188 1345 305 1410 stimat.

254 1452 328 1533 Ego
356 1463 458 1512 autem
483 1460 572 1531 puto,
601 1446 777 1530 Papirium,
808 1451 833 1512 si
858 1439 940 1512 auno
962 1451 1022 1514 591
1044 1450 1144 1526 (153),
1169 1472 1233 1536 quo

189 1552 243 1616 Ti.
268 1554 435 1615 Gracchus
459 1549 574 1613 iterum
601 1552 713 1624 consul
737 1550 810 1627 fuit,
838 1551 940 1614 media
966 1553 1036 1615 fere
1062 1565 1163 1616 aetate
1184 1555 1235 1616 lu·

111 1717 115 1722 .
188 1657 267 1731 erit,
300 1677 399 1740 usquc
426 1658 466 1715 ad
493 1677 523 1716 a.
550 1656 610 1718 599
633 1653 721 1738 (195)
746 1654 842 1716 vitam
868 1657 1050 1734 producere
1076 1656 1233 1736 potuisse.

189 1759 317 1821 Ellendt
340 1779 470 1842 quoque
498 1771 612 1820 auctor
644 1768 713 1833 est,
740 1759 822 1820 hanc
847 1757 1023 1821 orationem
1051 1761 1090 1820 ad
1118 1781 1146 1821 a.
1173 1761 1234 1824 599

188 1863 277 1939 (195)
303 1859 482 1940 pertinere,
510 1863 565 1922 scd
592 1859 624 1921 in
650 1859 724 1922 loco
753 1859 924 1923 Ciceronis
951 1884 1012 1943 pro
1043 1863 1099 1925 Τι’.
1126 1866 1234 1926 Grac-

188 1965 244 2026 chi
270 1967 310 2027 P.
322 1961 367 2052 f.
390 1961 617 2045 corrigendum
641 1984 709 2024 esse
734 1975 841 2025 censet
865 1964 921 2027 Τι’.
939 1965 1088 2029 Gracchi
1113 1967 1165 2030 Τι’.
1172 1964 1232 2056 f.,
1331 1965 1338 1986 ‘

191 2079 224 2128 ut
249 2065 400 2129 Tiberius
426 2067 594 2129 Gracchus
621 2065 704 2127 filius
727 2065 914 2148 accipiatur.

397 2337 449 2393 IX.
484 2337 517 2392 L.
541 2335 673 2396 Aenilinu
696 2338 809 2394 Paullus
828 2336 1028 2396 Macedonicus.

255 2489 357 2550 Natus
376 2507 458 2550 atino
477 2487 607 2550 circiter
631 2510 662 2549 u.
683 2488 743 2549 595
761 2485 869 2563 (998);
892 2490 1031 2550 secundo
1053 2487 1136 2550 cuim
1156 2510 1234 2554 con-

190 2590 291 2678 sulatu
314 2590 544 2673 sexagenarius
570 2605 651 2655 erat.
697 2587 933 2664 Livineius,
958 2591 1010 2650 11.
1057 2591 1144 2653 Plut.
1170 2593 1234 2654 Ae-

191 2692 257 2754 mil.
286 2715 316 2754 e.
339 2695 390 2755 10.

257 2795 377 2858 Aedilis
400 2817 427 2858 a.
451 2796 512 2858 559
535 2795 647 2873 (199)ι
675 2807 809 2878 praetor
831 2817 859 2858 a.
882 2796 943 2858 553
969 2797 1073 2877 (191).

257 2898 465 2963 Consulatum
494 2899 594 2981 gessit
614 2921 643 2962 a.
669 2922 700 2962 u.
723 2899 784 2962 579
803 2899 894 2978 (189)
913 2910 943 2961 et
965 2900 1025 2962 585
1047 2901 1147 2979 (158),
1168 2924 1234 2987 quo

192 3023 275 3065 anuo
306 3001 420 3064 bellum
454 3013 566 3065 contra
597 3005 750 3066 Perseum
781 3021 890 3084 regem
924 3003 1137 3067 Macedoniae
1165 3027 1234 3070 sus·

193 3117 290 3185 cepit.

257 3205 450 3288 Triumphat
482 3228 510 3276 a.
538 3207 597 3270 587
627 3205 728 3292 (157).
781 3197 909 3272 Censor
937 3231 1020 3274 auno
1047 3211 1110 3274 590
1131 3209 1234 3295 (151).

193 3311 347 3374 Mortuus
371 3321 417 3371 est
441 3329 471 3372 a.
498 3310 561 3373 591
585 3311 688 3388 (150).

257 3411 377 3476 Cicero
403 3413 506 3476 Bruto
531 3435 560 3474 c.
585 3414 636 3488 20,
661 3415 711 3482 80.
755 3419 867 3498 Atque
895 3417 999 3479 etium
1018 3421 1059 3478 L.
1081 3420 1234 3493 Paullus,

195 3513 362 3602 Africani
380 3527 501 3596 pater,
529 3537 715 3596 personum
740 3518 910 3599 principis
940 3520 1023 3582 ciuis
1040 3518 1160 3609 facile
1184 3520 1237 3584 di·

194 3619 308 3681 nendo·
321 3617 494 3692 tuebatur,
520 3629 553 3679 et
575 3640 656 3681 vero
683 3619 880 3681 etiamtum
904 3625 1033 3684 Catone
1054 3623 1140 3687 uiuo.

256 3720 345 3784 Plut.
369 3719 488 3784 Aemil.
515 3742 545 3782 c.
566 3721 597 3783 9.
647 3717 727 3786 Οὔτε
747 3717 847 3805 λόγον
873 3717 965 3802 ἤσκει
987 3730 1060 3814 περὶ
1081 3727 1184 3802 δίκας.

213 3971 312 4029 Oratio
334 3975 411 4046 apud
429 3951 572 4046 ¹populum
593 3975 629 4030 de
649 3973 735 4029 rebus
757 3989 773 4029 a
793 3989 824 4030 se
843 3973 967 4030 inbelle
984 3973 1100 4032 Persico
1118 3975 1216 4044 gestis.

258 4124 401 4184 Extabat
431 4122 537 4186 Paulli
566 4121 691 4200 oratio,
723 4143 816 4206 quam
850 4125 887 4185 de
913 4123 1009 4183 rebus
1034 4143 1051 4182 a
1078 4144 1111 4185 se
1140 4125 1238 4207 gestis

194 4223 306 4308 paucis
330 4225 442 4289 diebus
469 4236 544 4308 post
566 4224 759 4306 triumphum
783 4244 865 4286 anno
887 4225 947 4286 587
964 4222 1052 4300 (157)
1073 4225 1194 4289 habuit.

259 4325 417 4410 Legimus
441 4327 473 4390 in
497 4324 602 4391 Fastis
630 4324 892 4405 Triumphalibus
922 4327 960 4385 ad
990 4343 1019 4384 a.
1051 4327 1237 4396 DXXCVl
