2970 4836
1198 351 1236 413 tt

188 517 379 595 tiarnensis,
404 517 508 603 (quie
531 517 681 601 Nequino
706 517 830 597 oppido
856 513 966 577 eiectis
989 511 1128 590 colomis
1153 522 1238 574 vete·

186 625 293 702 ri(bus
316 621 362 685 ibi
389 621 582 684 habitarunt.
618 623 704 686 Galo
730 621 783 698 in)
808 621 850 700 Q.
885 621 927 680 T.
961 637 1078 678 uersus
1103 619 1140 680 X
1161 615 1238 696 (ho-

189 726 364 788 minibus:
395 755 434 766 -
460 759 497 770 -
522 757 562 770 ·-

225 867 383 928 Ner-nensis]
423 871 447 913 ln
471 870 556 914 Paullo
580 871 666 927 legitur
689 867 856 914 Narnienses.

227 995 257 1056 Q.
283 995 313 1039 Τ.
338 1009 426 1040 versus
445 993 484 1054 X]
516 996 617 1040 Ursinus
641 998 774 1040 emendavit
796 996 822 1038 in
840 1008 869 1037 en
888 993 922 1037 od
942 991 1077 1036 Thermum
1099 991 1129 1036 de
1150 989 1178 1036 X
1197 989 1240 1036 ho·

262 1083 382 1130 minibus.
430 1085 454 1126 si
477 1084 608 1142 scribitur,
631 1089 655 1126 ut
675 1083 761 1126 Festus
783 1083 858 1135 aubi,
882 1083 909 1126 in
930 1080 959 1142 Q
981 1079 1081 1125 Ther-m.
1103 1079 1133 1125 de
1154 1079 1183 1125 X
1201 1078 1238 1134 h.,

263 1173 356 1214 erroris
378 1185 450 1216 causa
473 1171 567 1216 lucillus
588 1173 742 1229 intelligitur.
779 1170 808 1217 C.
830 1171 860 1218 0.
879 1171 978 1214 Mltller.

327 1403 372 1459 ll.
395 1403 495 1460 Oratio
524 1405 560 1459 de
585 1403 665 1460 salsis
689 1406 792 1474 pugnis
816 1407 915 1459 eontra
940 1402 1105 1458 Thermum.

259 1542 376 1607 Oratio
398 1564 480 1607 anno
505 1545 567 1605 564
589 1545 679 1621 (190)
701 1542 820 1605 habita.
871 1545 1103 1626 Argumentum
1130 1552 1240 1624 peten-

193 1651 267 1708 dum
295 1656 341 1708 est
365 1668 407 1708 ex
431 1646 649 1727 praecedenti.
700 1644 831 1727 Lipsius
855 1667 925 1706 cum
952 1656 1098 1725 putaret,
1125 1644 1240 1707 bacin

194 1747 343 1812 oratione
364 1747 492 1811 nonnisi
515 1752 553 1812 de
573 1749 687 1830 poenis
708 1747 789 1810 falso
811 1747 1068 1828 provincialibus
1088 1746 1242 1830 irrogatis

196 1849 355 1914 Catonem
379 1871 446 1912 esse
471 1863 627 1934 questum,
654 1849 888 1914 inscribendam
912 1871 979 1916 earn
1007 1871 1075 1912 esse
1099 1853 1152 1912 De
1166 1849 1243 1936 fol-

194 1953 245 2016 sis
269 1953 389 2033 poenis
416 1953 587 2016 arbitratus
610 1965 670 2016 est.
725 1952 896 2014 Variarum
922 1951 1112 2016 Lectionum
1133 1951 1190 2014 lib.
1209 1951 1240 2012 2.

198 2057 250 2116 tlt.
290 2055 424 2116 Erravit
445 2077 532 2128 sane,
558 2077 628 2116 cum
654 2076 718 2118 non
740 2058 779 2118 ad
803 2067 1021 2138 argumentum
1047 2053 1146 2118 totius
1169 2076 1241 2116 ora·

194 2155 310 2232 tionis,
337 2160 425 2242 quod
448 2180 544 2239 supra
566 2158 722 2238 exposui,
747 2160 802 2220 sed
823 2161 862 2219 ad
881 2158 1094 2242 fragmentum
1112 2168 1241 2230 tantum,

196 2263 283 2342 quod
311 2260 468 2343 reliquum
500 2271 563 2334 est,
598 2259 787 2341 respiceret.
835 2263 942 2324 Porro
974 2259 1029 2344 qui
1063 2261 1103 2322 cle
1123 2257 1242 2348 falsis

194 2362 317 2444 poenis
346 2362 429 2423 dicat
459 2383 521 2443 pro
558 2363 599 2425 de
629 2363 751 2444 poenis
776 2361 885 2453 falso
917 2363 1109 2446 irrogatis,
1147 2363 1241 2424 latine

196 2463 288 2547 loqui
315 2484 414 2546 nego.

262 2565 386 2628 Gellius
413 2568 465 2641 10,
494 2567 524 2628 3.
564 2567 598 2628 Si
628 2566 701 2650 quis
731 2578 812 2628 amat
842 2566 951 2647 priore
981 2566 1126 2641 idcirco,
1155 2570 1243 2649 quod

198 2668 339 2731 incomta
366 2679 396 2732 et
422 2668 534 2732 brevia
561 2682 592 2731 et
618 2689 682 2732 non
709 2689 868 2748 operosa,
896 2671 951 2730 sed
977 2668 1082 2730 nativa
1108 2669 1242 2750 quadam

199 2770 354 2834 suavitate
380 2782 471 2846 sunt,
505 2774 657 2855 quodque
690 2771 722 2833 iu
759 2770 798 2833 iis
831 2773 942 2833 umbra
972 2781 1003 2832 et
1033 2771 1127 2833 color
1153 2770 1243 2852 quasi

200 2894 318 2954 opacae
343 2873 509 2936 vetustatis
533 2885 600 2936 est:
628 2873 666 2949 is,
689 2871 815 2956 siquid
838 2872 949 2936 iudicii
971 2875 1077 2948 habet,
1101 2872 1245 2935 conside·

199 2989 249 3038 ret
260 2975 291 3037 in
305 2997 398 3038 causa
410 2975 481 3057 pari
494 2980 542 3040 M
541 3019 549 3037 .
565 2976 718 3053 Catonis,
729 2975 878 3038 hominis
889 2974 1108 3059 antiquioris,
1124 2975 1245 3039 oratio·

200 3100 282 3153 nem,
297 3081 336 3140 ad
345 3078 433 3142 cuius
445 3079 507 3141 vim
519 3090 549 3140 et
558 3077 683 3158 copiam
697 3079 864 3140 Gracchus
875 3100 934 3140 nec
946 3077 1132 3158 adspiravit.
1148 3078 1245 3140 Intel-

200 3180 290 3263 ligct,
311 3179 439 3261 opinor,
457 3180 612 3243 Catonem
631 3191 810 3243 contentum
836 3179 1016 3264 eloquentia
1040 3178 1149 3242 aetatis
1172 3201 1246 3242 suae

200 3305 265 3346 non
290 3281 402 3358 fuisse,
427 3295 458 3345 et
483 3282 516 3344 id
539 3281 600 3345 iam
623 3294 687 3343 tum
709 3282 818 3344 facere
842 3283 992 3356 voluisse,
1017 3285 1105 3365 quod
1126 3281 1246 3346 Cicero

200 3398 313 3468 postea
340 3383 490 3466 perfecit.
531 3389 573 3450 In
604 3406 644 3448 eo
677 3405 822 3466 namque
851 3383 954 3456 libre,
987 3385 1047 3468 qui
1072 3385 1113 3447 de
1129 3382 1248 3473 falsis

198 3490 327 3571 pugnis
350 3488 537 3570 inscriptus
564 3501 633 3561 est,
664 3489 715 3550 itu
737 3487 778 3550 de
802 3491 845 3570 Q.
868 3489 1019 3550 Thermo
1042 3501 1248 3572 conquestus

201 3603 274 3652 est:

267 3693 384 3769 Dixit,
415 3713 438 3755 a
464 3692 664 3758 decemuiris
688 3713 814 3774 parum
839 3692 903 3754 sibi
930 3693 1011 3756 bene
1036 3693 1168 3756 ciborio
1188 3716 1248 3756 ou-

204 3805 284 3856 rntn
313 3817 399 3868 esse,
434 3797 536 3860 iussit
570 3796 771 3858 vestimentu
801 3795 958 3871 detrahi,
993 3807 1095 3880 atque
1113 3795 1250 3886 flagro

203 3898 312 3960 coedi.
370 3899 591 3962 Decemviros
633 3897 810 3960 Bruttiani
849 3899 1092 3972 verberavere,
1136 3899 1249 3961 uidere

205 4001 303 4062 multi
330 4003 505 4064 mortales.
552 4001 639 4082 Quis
668 4004 754 4062 lianc
784 4000 1047 4073 contumeliam,
1080 4000 1156 4080 quis
1186 4001 1249 4063 hoc

204 4101 400 4183 imperium,
426 4104 502 4186 quis
522 4106 608 4164 hanc
631 4103 829 4165 seruitutem
841 4101 953 4193 serre
974 4101 1116 4182 potest?
1136 4103 1250 4165 Nemo

203 4206 266 4266 hoe
297 4228 363 4268 rex
396 4227 503 4268 ausus
528 4218 579 4268 est
594 4203 747 4295 sacere:
781 4226 864 4266 eane
888 4203 979 4280 fieri
1009 4203 1128 4277 bonis,
1161 4206 1249 4266 bono

203 4327 330 4388 genere
364 4309 504 4389 gnatis,
540 4308 620 4371 boni
648 4305 856 4369 consulitis?
890 4306 953 4368 Ubi
979 4305 1157 4369 societas?
1192 4307 1250 4370 ubi
