2958 4840
1136 422 1197 484 025

145 570 298 652 puerilia
327 571 522 634 literatores
552 571 671 632 habuit
702 567 879 634 Valerium
909 575 1059 639 Cordum
1089 591 1120 640 et
1151 584 1191 642 L.
1284 607 1287 612 ·

152 673 333 736 Veturium
366 685 399 734 et
430 673 612 735 Aurelium
646 675 840 755 Philippum
856 676 1030 762 'libertum
1061 683 1192 760 patris;

148 775 414 856 grammaticum
437 775 601 856 lupatria
614 779 783 838 Graecum
804 777 995 856 Nehonem,
1020 781 1191 845 rhetorem

148 877 386 958 Serapionem,
422 877 666 958 philosophum
689 879 884 950 Stilionem
914 884 1044 944 Rornae
1073 905 1190 964 gram-

148 975 291 1040 maticos
313 977 534 1052 Scaurinum,
563 979 723 1043 Scaurini
737 979 878 1056 filium,
907 984 1082 1046 cloctorem
1107 989 1190 1048 cele·

146 1081 352 1151 berrimum,
389 1083 542 1143 rhetores
573 1081 700 1145 Iulium
730 1085 930 1147 Frontinum
963 1098 995 1147 et
1026 1088 1189 1150 Baebium

146 1183 346 1245 Macrinum
365 1194 397 1243 et
416 1183 573 1246 Iulium
595 1184 880 1260 Granianum,
908 1187 1188 1252 cuiushotlie·

144 1305 221 1366 que
245 1283 468 1347 orationes
490 1281 1001 1376 declamataeferuntur.

448 1423 548 1480 cult.
585 1425 741 1480 Aleaandcr
763 1425 884 1482 Seuerus.

207 1538 308 1597 Natus
332 1558 360 1596 a.
386 1559 417 1597 u.
441 1538 502 1599 958
529 1537 632 1615 (205).
679 1537 801 1598 Eckhel
826 1541 942 1602 Doctr.
975 1543 1071 1604 Num.
1104 1553 1128 1604 t.
1154 1545 1185 1606 7.

144 1661 177 1716 p.
204 1639 276 1700 207.
322 1638 495 1719 Imperium
515 1637 585 1700 iniit
609 1661 637 1699 a.-
660 1641 719 1702 975
743 1641 846 1714 (222),
872 1643 910 1701 10
935 1664 1047 1704 annum
1075 1665 1185 1726 agens.

145 1737 314 1802 Occiditur
337 1759 366 1799 a.
392 1737 452 1799 988
475 1738 583 1815 (230),
609 1739 648 1800 29
672 1761 771 1802 annos
794 1755 895 1804 uatus.
983 1775 986 1782 ·
1143 1769 1149 1780 ·

582 1877 744 1935 Orationes.

208 1990 413 2073 Lampridius
431 1989 495 2052 vita
516 1991 695 2052 Alexandri
717 1994 829 2054 Severi
852 2016 882 2054 e.
907 1995 938 2055 3.
985 1996 1052 2058 set
1075 1997 1109 2057 in
1134 1999 1184 2057 lo-

145 2094 226 2155 tinis
249 2094 373 2155 titteris
396 2114 462 2158 non
487 2095 630 2154 multum
652 2094 822 2180 profecit,
856 2109 894 2158 ut
920 2118 973 2158 ecc
997 2099 1186 2160 eiusdem

143 2196 420 2258 orationibus
463 2208 662 2276 apparet,
709 2219 794 2278 quas
834 2199 869 2258 in
912 2210 1034 2259 senatu
1070 2201 1188 2262 habuit

142 2300 193 2359 vel
222 2299 256 2358 in
279 2297 517 2373 concionibus,
549 2319 634 2379 qttos
663 2300 757 2379 apud
779 2299 902 2361 milites
929 2303 980 2361 uel
1003 2301 1098 2381 optul
1124 2325 1186 2383 po-

140 2401 278 2480 pulum,
326 2421 386 2461 nec
415 2401 510 2462 valde
537 2383 667 2461 amavit
698 2401 842 2462 latinam
856 2400 1091 2490 facundiam,
1127 2405 1188 2464 sed

142 2503 270 2562 amarit
292 2501 462 2564 litteratos
484 2502 650 2564 homines.

297 2640 392 2696 CLIV.
414 2641 446 2694 P.
468 2639 591 2696 Licinius
613 2637 769 2704 Gallienus,
794 2617 937 2699 Valeriani
954 2645 1037 2712 filius.

204 2757 306 2815 Natus
329 2774 358 2814 a.
382 2776 414 2814 u.
436 2755 495 2814 971
521 2753 624 2830 (218).
670 2755 700 2814 Α
724 2766 814 2834 patre
830 2753 978 2818 Caesaris
1002 2754 1184 2836 dignitatern

142 2856 264 2918 obtinet
287 2877 316 2916 a.
344 2857 551 2934 10001258).
596 2855 739 2936 Imperio
762 2856 886 2938 potitur
917 2879 946 2918 a.
979 2859 1184 2932 10131200).

142 2961 294 3021 Mortuus
322 2969 370 3019 est
394 2980 423 3018 a.
450 2958 654 3037 10211208).

585 3097 748 3154 Orationes.

206 3209 361 3272 Trebellii
395 3208 555 3271 Pollionis
585 3210 721 3273 Gallieni
751 3212 813 3273 duo
843 3235 873 3271 c.
905 3215 955 3272 11.
1002 3211 1078 3274 Fuit
1104 3215 1185 3274 Gal-

139 3314 249 3376 lienus
271 3312 381 3396 (quod
406 3312 529 3394 negari
546 3332 613 3375 non
629 3313 763 3394 potest)
783 3313 999 3388 oratione,¹
1028 3326 1185 3395 poemate

140 3418 241 3498 atque
267 3416 424 3478 omnibus
446 3415 581 3476 artibus
608 3419 736 3477 clarus.
781 3417 895 3478 Huius
923 3429 973 3476 est
1003 3417 1089 3476 illud
1117 3417 1186 3496 epi·

139 3519 360 3591 thalamium,
395 3518 488 3598 quod
516 3518 608 3578 inter
637 3529 776 3580 centum
807 3530 928 3596 poetas
962 3517 1187 3596 praecipuum

139 3618 229 3703 fuit.
274 3624 433 3700 Longum
456 3631 526 3688 est,
554 3619 628 3680 eius
647 3638 764 3679 versus
791 3617 1083 3699 orationesque
1112 3637 1190 3677 con-

139 3734 289 3793 nectere,
322 3721 444 3803 quibus
473 3741 537 3782 suo
559 3733 714 3802 tempore
736 3731 807 3780 lam
831 3719 920 3780 inter
941 3730 1062 3800 poetas
1086 3736 1188 3800 quam

139 3825 230 3884 inter
249 3825 405 3886 rhetores
423 3823 573 3885 emicuit.
599 3824 666 3886 Sed
687 3822 783 3884 aliud
805 3823 839 3882 in
862 3822 1069 3902 imperatore
1086 3841 1189 3903 qttae·

140 3926 250 3999 ritur,¹
272 3925 371 3987 aliud
392 3927 428 3986 in
451 3937 592 3988 oratore
615 3928 666 3986 vel
686 3937 789 4007 poeta
801 3923 1013 4016 flagitatur.

469 4064 549 4122 CLV.
591 4065 736 4120 Postumus
757 4065 861 4118 iunior.

203 4179 335 4240 Eadem
358 4191 486 4250 aetate,
512 4197 579 4260 qtea
602 4177 795 4248 Gallienus,
823 4175 923 4236 uixit.

189 4323 263 4362 Maiori
275 4323 330 4361 Orat.
339 4322 395 4361 llam.
410 4321 487 4372 brugun.
505 4321 562 4360 cM.
934 4328 975 4386 40
