2966 4842
273 387 336 450 524

273 542 392 621 Cassii,
416 545 459 608 L.
481 540 680 608 Cornificius
702 539 935 606 accusationem
952 538 1046 608 Bruti
1070 542 1220 624 suscepit.
1258 543 1333 610 Nec

272 645 421 735 Agrippa
443 645 531 710 solus
555 665 680 708 causam
701 641 782 728 egit,
806 646 862 714 sed
878 641 1012 726 Capito.
1031 642 1146 707 Ateius
1161 646 1331 730 subscrip-

272 761 326 815 tor
351 747 428 812 fuit.
452 745 554 813 Cani.
579 747 744 810 Frandssn
766 767 800 830 p.
823 745 877 808 32.

288 911 301 936 ,
335 852 423 916 Plut.
447 851 551 914 Bruto
573 850 627 912 27.
668 843 706 915 ‘0
726 851 797 924 νέος
815 849 952 938 Καῖσαρ
978 841 1084 926 εὐθὺς
1102 847 1196 928 δίκας
1217 845 1329 942 φόνου

271 948 358 1020 κατὰ
379 951 442 1017 τῶν
462 956 533 1041 περὶ
559 947 616 1016 τόν
637 951 790 1039 Βροῦτον
803 945 935 1036 εἰςῆγεν,
951 943 994 1028 ὡς
1012 945 1118 1038 ἄνδρα
1133 951 1263 1038 πρῶτον
1293 949 1329 1020 ἓν

272 1051 390 1146 ἀρχαῖς
407 1059 481 1131 ταῖς
494 1054 664 1140 μεγίσταις
679 1047 888 1146 ἀνῃρηκότων
908 1047 1053 1146 ἄκριτον,
1068 1057 1124 1118 καὶ
1138 1049 1329 1145 κατήγορον

272 1159 426 1238 ἐπέστησε
445 1151 596 1248 Βρούτον
619 1161 679 1244 μὲν
697 1151 840 1222 Λεύκιον
862 1154 1101 1254 Κορνιφίκιον,
1133 1157 1327 1225 Κασσίου

272 1263 315 1328 δὲ
336 1253 522 1349 Μοίρκον
551 1253 800 1348 Ἀγρίππαν.
824 1254 1032 1351 ὠφλίσκανον
1054 1255 1113 1323 οὐν
1143 1255 1203 1336 τὰς
1232 1259 1328 1338 δίκας

272 1357 406 1450 ἐρήμας,
428 1355 701 1452 ἀναγκαζομένων
723 1363 834 1452 φέρειν
854 1360 975 1454 ψῆφον
996 1359 1060 1426 τῶν
1077 1361 1250 1428 δικαστῶν.

335 1464 481 1530 Velleius
505 1465 536 1543 2,
565 1463 618 1527 69.
665 1468 756 1547 Lege
778 1463 894 1542 Pedia,
917 1483 1020 1549 quam
1039 1465 1161 1527 consul
1179 1464 1319 1542 Pedius,

270 1570 402 1654 collega
422 1567 593 1643 Caesaris,
616 1568 756 1646 tulerat,
780 1566 948 1642 omnibus,
973 1565 1032 1654 qui
1048 1567 1231 1632 Caesarem
1249 1589 1316 1650 pa-

272 1683 360 1738 trem
382 1668 652 1761 interfecerant,
683 1689 775 1757 aqua
795 1669 935 1754 ignique
963 1668 1137 1732 damnatis
1159 1668 1324 1732 interdic-

271 1785 347 1841 tum
366 1784 454 1838 erat.
488 1775 565 1856 Quo
586 1782 740 1854 tempore
762 1771 902 1852 Capito,
935 1783 1085 1854 patruae
1119 1793 1232 1847 meus,
1267 1771 1323 1834 cir

272 1875 406 1939 ordinis
433 1873 612 1950 senatorii,
647 1874 873 1962 Agrippae
904 1872 1168 1957 subscripsit
1203 1873 1245 1936 in
1277 1875 1319 1938 0.

273 1977 487 2042 Cassium.

305 2120 435 2182 Agrippae
453 2118 615 2180 subscripsit]
651 2121 759 2180 Agrippa
778 2121 890 2167 Cassium
907 2133 975 2166 reum
994 2121 1060 2174 lecit,
1081 2134 1181 2178 eumque
1200 2122 1224 2166 in
1245 2135 1320 2165 eausa

341 2212 432 2269 agenda
451 2211 542 2258 sciuris
560 2209 590 2256 G.
609 2209 693 2259 Ateius
712 2208 809 2268 Capito.

634 2328 664 2385 2.
694 2327 795 2384 Oratio
814 2343 867 2398 pro
888 2367 895 2381 .
920 2369 926 2383 .
953 2367 960 2383 .

337 2459 458 2521 Seneca
478 2455 638 2526 Controv.
662 2458 686 2520 l.
712 2459 742 2520 2.
761 2480 796 2540 p.
821 2459 892 2522 295.
937 2461 1053 2523 Tanta
1074 2459 1134 2521 sub
1155 2457 1233 2520 dico
1247 2463 1324 2525 Au·

271 2573 378 2644 gusto
399 2560 539 2624 libertae
559 2558 664 2652 fuit,
695 2573 733 2623 ut
762 2560 983 2646 praepotenti
1004 2571 1085 2626 tune
1107 2563 1163 2625 M.
1186 2564 1320 2646 Agrip-

266 2685 335 2747 pae
357 2682 426 2726 non
454 2659 652 2752 defuerint,
686 2663 747 2747 qui
774 2663 1024 2746 ignobilitatem
1053 2663 1320 2745 exprobrarent.

273 2765 461 2851 Vipsanius
483 2764 645 2848 Agrippa
668 2761 815 2854 suerat.
868 2764 1028 2847 Vipsanii
1059 2785 1183 2828 nomen
1217 2769 1319 2850 quasi

269 2879 515 2954 argumentum
542 2877 708 2949 paternae
735 2867 940 2930 humilitatis
968 2869 1172 2942 sustulerat,
1202 2879 1235 2930 et
1256 2871 1316 2933 M.

249 2971 433 3055 ‚Agrippa
454 2969 642 3033 dicebatur.
686 2972 784 3034 Cum
805 2968 1066 3060 defenderet
1087 2991 1215 3045 reum,
1237 2967 1319 3058 fuit

269 3084 462 3149 accusator,
487 3071 547 3155 qui
572 3071 700 3136 diceret
720 3075 776 3137 M.
793 3073 1000 3155 Agrippam,
1022 3083 1056 3135 et
1077 3071 1170 3156 quod
1191 3072 1228 3135 in
1249 3094 1319 3136 me·

270 3171 367 3234 alium
387 3183 452 3246 est,
475 3174 607 3236 volebat
631 3173 837 3257 Vipsanium
858 3174 1018 3257 intelligi.

304 3276 386 3336 reum]
422 3275 565 3333 Vipsanium
584 3283 713 3337 quendam,
735 3277 857 3325 hominem
879 3281 1020 3326 obscurum.

345 3397 374 3454 3.
407 3394 506 3454 Oratio
526 3397 661 3454 aedilicia
681 3398 717 3453 da
737 3397 843 3454 tabulis
862 3397 1009 3471 signisque
1028 3401 1222 3473 publicandis.

332 3525 486 3611 Agrippa
508 3524 619 3592 aedilis
645 3526 763 3594 curulis
786 3549 817 3591 a.
846 3528 905 3592 721
931 3529 1001 3609 (33)
1029 3531 1112 3596 hanc
1140 3530 1319 3598 orationem

148 3643 151 3650 ’
269 3628 361 3706 dixit,
384 3652 447 3716 qua
469 3631 635 3698 Romanos
658 3633 844 3695 adhortatus
866 3643 930 3708 est,
953 3644 987 3698 ut
1019 3633 1108 3720 signa
1131 3632 1319 3716 tabulasque

268 3729 377 3812 polius
406 3729 624 3813 publicarent,
652 3732 721 3796 sive
751 3733 783 3796 in
814 3733 958 3816 templis,
984 3735 1086 3811 ioris,
1113 3733 1255 3800 basilicis
1283 3732 1318 3796 in

267 3832 432 3914 publicum
463 3853 553 3898 nsum
582 3845 754 3899 statuerent
778 3855 872 3918 quam
901 3835 934 3898 in
961 3835 1046 3900 villis
1068 3837 1316 3903 absconderant.

270 3932 404 3997 Constat
430 3932 612 4017 Agrippam
641 3934 726 3997 ultro
756 3947 905 4018 suscepto
935 3936 1103 4000 aedilitatis
1135 3939 1261 3999 honore
1287 3949 1320 3998 at

268 4055 367 4098 onere
381 4033 496 4116 partim
521 4033 666 4118 publico,
692 4035 808 4116 partim
834 4035 964 4119 privato
988 4049 1090 4100 sumtu
1112 4040 1225 4101 urbem
1244 4038 1317 4118 pnl-

266 4136 437 4201 chsrrimis
460 4135 627 4201 sanavisse
646 4135 812 4218 operibus.
836 4141 958 4207 Seneca
973 4142 1012 4202 ds
1024 4138 1197 4202 Beneficiis
1217 4139 1313 4213 aas.

264 4239 426 4320 Agrippa
444 4251 496 4302 tot
522 4240 558 4302 in
578 4239 661 4304 urbe
684 4239 842 4304 maxima
869 4261 977 4322 opera
1006 4241 1192 4315 emanata,
1227 4261 1317 4324 puae

263 4347 301 4396 et
347 4339 501 4416 priorem
549 4339 846 4424 magnificentiam
893 4342 1083 4418 vincerent,
1142 4355 1176 4404 et
1219 4344 1317 4406 nulla
