2992 4840
278 355 339 416 226

282 515 364 577 circo
396 513 605 584 Gracchi,
641 514 679 576 C.
709 512 882 584 Fannius,
925 513 1036 576 Carbo
1068 514 1233 596 Papirius
1270 537 1330 580 nec

277 615 553 700 praetereundus
577 616 741 678 Metellus
766 614 974 678 Numidicus
994 627 1027 677 ct
1050 619 1216 679 Scaurus.

344 718 423 781 ibid.
446 720 483 792 2,
506 718 543 792 ὁ,
568 721 598 778 1.
643 717 712 799 Qui
740 717 797 779 Ti.
825 720 1037 794 Gracchum,
1068 718 1159 780 idem
1183 721 1329 784 Caium

267 822 476 911 fratrem
498 821 573 883 eius
605 819 782 901 occupavit
796 817 918 908 fictor
941 831 1013 882 tam
1042 820 1227 885 virtutibus
1253 825 1329 886 cius

280 925 437 990 omnibus
453 945 556 1007 quam
571 924 649 984 huic
670 923 784 984 errori
807 922 972 997 similem,
997 923 1178 1005 ingenio
1199 926 1329 989 etiam

281 1027 619 1111 eloquentiaque
642 1029 770 1106 longe
790 1027 1175 1107 praestantiorem.

345 1128 434 1192 Livii
457 1128 547 1210 Epit.
573 1128 625 1190 60.
651 1133 688 1192 C.
703 1130 894 1204 Gracchus,
921 1128 978 1191 Ti.
996 1126 1142 1218 frater,
1167 1129 1327 1194 tribanus

276 1235 326 1315 pl.
349 1231 563 1316 eloquentior
588 1251 691 1313 quam
703 1227 843 1319 frater.

343 1352 431 1418 Plut.
456 1351 570 1414 Tiber.
596 1353 738 1414 Gracch.
766 1373 796 1414 c.
819 1351 850 1413 2.
893 1345 931 1416 ‘0
952 1345 1051 1435 λόγος
1069 1353 1128 1417 τοῦ
1147 1359 1206 1436 μέν
1220 1355 1328 1419 Γαΐου

280 1452 425 1547 φοβερὸς
455 1459 509 1520 καὶ
538 1450 733 1543 περιπαθὴς
760 1449 805 1530 είς
834 1452 997 1531 δείνωσιν,
1031 1449 1129 1533 ἡδίων
1159 1450 1192 1519 δ’
1221 1451 1238 1519 ὁ
1270 1455 1329 1520 τοῦ

285 1559 438 1646 Τιβερίου
462 1562 516 1622 καὶ
537 1558 668 1641 μᾶλλον
693 1553 863 1640 ἐπαγωγὸς
884 1553 1014 1635 ὅικτου,
1037 1557 1075 1649 τῇ
1102 1559 1137 1622 δέ
1163 1557 1243 1636 λέξει
1264 1581 1323 1622 κα-

280 1655 394 1747 θαρὸς
415 1664 472 1723 καὶ
496 1661 773 1744 διαπεπονημένος
796 1654 940 1747 ἀκριβῶς
962 1660 1097 1736 ἐκεῖνος,
1126 1654 1144 1722 ὁ
1165 1662 1200 1725 δέ
1221 1663 1329 1726 Γαΐου

278 1757 430 1837 πιθανὸς
451 1766 506 1826 καὶ
531 1765 760 1845 γεγανωμένος.
786 1796 824 1806 -
851 1795 888 1808 -
920 1762 973 1851 Τῴ
995 1757 1027 1826 δ’
1053 1758 1134 1841 ἤθει
1160 1759 1246 1826 κατὰ
1270 1759 1328 1842 τὴν

280 1865 339 1928 τοῦ
361 1859 462 1947 λόγου
480 1859 649 1954 διαφορὰν
667 1859 685 1928 ὁ
704 1870 763 1947 μέν
781 1860 922 1942 ἐπιεικὴς
941 1869 998 1929 καὶ
1012 1865 1137 1953 πρᾷος,
1162 1858 1232 1929 ὁδε·
1248 1889 1328 1950 τρα-

276 1963 337 2052 χὺς
360 1969 417 2030 καὶ
440 1963 640 2050 θυμοειδὴς,
663 1956 816 2031 ὥστεκαὶ
836 1963 927 2055 παρὰ
947 1961 1078 2051 γνώμην
1097 1965 1130 2031 ὲν
1153 1968 1198 2056 τῷ
1221 1970 1326 2052 λέγειν

280 2062 496 2158 ἐκφερόμενον
518 2063 675 2145 πολλοίκιςΙ
698 2063 748 2133 ὑπ’
773 2064 873 2154 ὀργῆς
896 2064 954 2147 την
970 2093 1002 2134 τε
1024 2065 1137 2158 (μονὴν
1157 2064 1328 2150 ἀποξύνειν

280 2176 335 2236 καὶ
355 2173 565 2256 βλασφημεῖν
584 2175 640 2236 καὶ
662 2165 896 2257 συνταράττειν
919 2167 976 2236 τὸν
1001 2168 1111 2256 λόγον.

344 2290 409 2356 Dio
433 2289 563 2355 Cassius
587 2293 720 2375 Fragm.
743 2289 891 2354 Peiresc.
919 2293 963 2354 N.
987 2293 1027 2356 90
1048 2293 1104 2372 (Ν.
1124 2293 1184 2356 217
1206 2292 1238 2356 in
1253 2314 1327 2356 ver·

280 2393 369 2458 sione
386 2392 530 2473 Tafclii).
545 2388 625 2473 ‘0(t
634 2391 719 2473 ἀιὀς)
741 2397 765 2460 I
769 2388 891 2481 ’ροίκχος
910 2391 968 2475 τὴν
985 2401 1045 2479 μέν
1059 2389 1189 2480 γνώμην
1209 2390 1327 2481 ὁμοίαν

279 2498 325 2588 τῷ
343 2493 477 2588 ἀδελφῷ
492 2488 583 2583 εἶχεν,
606 2498 640 2564 ἐν
655 2499 690 2562 δὲ
707 2499 900 2589 παρασκευῇ
920 2497 982 2564 τῶν
998 2491 1105 2582 λόγων
1121 2494 1205 2564 πολὺ
1221 2493 1327 2564 αὐτοῦ

232 2607 238 2626 “
278 2602 449 2691 προέφερε.

343 2727 476 2813 Dialog.
508 2731 558 2795 Dc
586 2730 781 2794 Oratoribus
812 2753 842 2793 c.
870 2729 922 2794 96.
973 2731 1012 2794 Si
1038 2729 1168 2794 omisso
1197 2730 1327 2813 optimo

280 2831 340 2894 illo
365 2844 399 2893 et
421 2830 681 2921 perfectissimo
707 2854 832 2915 genere
858 2833 1070 2916 eloquentiae
1099 2833 1258 2915 eligenda
1280 2833 1327 2895 sit

270 2931 403 3023 forma
436 2935 593 3008 dicendi,
633 2937 751 2997 malim
784 2936 864 2998 Gai
896 2936 1083 2999 Gracchi
1118 2934 1328 3016 impetum

279 3047 341 3097 aut
365 3040 404 3100 t..
425 3038 544 3101 Crassi
567 3038 803 3100 maturitatem
828 3059 929 3122 quarn
952 3037 1170 3101 calamistros
1188 3039 1327 3100 Maece·

281 3137 374 3198 natis
398 3150 459 3200 aut
482 3140 628 3202 tinnitus
654 3141 837 3203 Gallionis.
861 3141 948 3202 adeo
968 3141 1090 3202 melius
1114 3150 1185 3213 est,
1210 3150 1328 3201 orato·

280 3259 353 3300 rem
381 3243 432 3302 vel
456 3241 550 3302 hirta
577 3254 662 3324 toga
691 3242 832 3306 inducre
861 3263 965 3326 quam
979 3240 1128 3332 fucatis
1153 3252 1188 3302 et
1217 3262 1326 3304 mere-

280 3340 392 3404 triciis
417 3344 565 3406 vestibus
590 3344 774 3427 insignire.

342 3460 424 3524 ibid.
444 3486 473 3526 c.
492 3465 544 3525 18.
590 3465 713 3528 Catoni
738 3464 813 3526 seni
840 3477 1063 3546 comparatus
1090 3462 1195 3526 Caius
1218 3464 1326 3525 Grac·

281 3565 364 3628 chus
382 3566 519 3646 plenior
538 3577 571 3628 et
594 3567 744 3643 uberior,
769 3566 819 3629 sic
834 3568 990 3630 Graccho
1006 3565 1151 3648 politior
1165 3577 1198 3628 et
1222 3585 1325 3628 orna-

280 3665 351 3727 tior
375 3671 543 3743 Crassus,
572 3668 621 3730 sic
648 3680 794 3753 utroque
819 3668 1015 3732 distinctior
1045 3679 1077 3730 et
1100 3665 1267 3730 urbanior
1292 3676 1327 3728 et

279 3767 385 3831 altior
409 3769 541 3833 Cicero.

341 3888 521 3969 Appuleius
545 3889 713 3974 Apologia
736 3913 770 3972 p.
794 3891 854 3955 589
879 3891 956 3954 edit.
980 3892 1067 3956 oud.
1091 3909 1327 3974 quamcunque

279 3989 472 4053 orationem
497 3993 669 4054 struxerit
685 3992 827 4066 Avitus,
852 3991 903 4054 ita
926 3992 987 4054 illa
1006 3991 1072 4054 crit
1097 3990 1247 4075 undique
1272 3987 1328 4052 sui

276 4088 433 4180 perfecte
466 4092 644 4166 absoluta,
681 4105 720 4155 ut
751 4097 786 4155 in
815 4094 876 4156 illa
904 4115 964 4156 nec
1001 4097 1087 4158 Cato
1118 4093 1328 4176 gravitatem

279 4194 434 4276 requirat
464 4215 524 4256 nec
550 4193 691 4258 Laelius
720 4196 893 4259 lenitatem
922 4217 983 4258 nec
1012 4198 1190 4260 Gracchus
1220 4193 1327 4276 impe·

277 4304 352 4356 tum
375 4315 436 4356 nec
460 4298 589 4359 Caesar
610 4299 761 4361 calorem
788 4320 849 4362 nec
871 4298 1081 4363 Hortensius
1110 4295 1326 4360 distributio·
