2976 4844
1170 353 1229 416 tlt

174 509 328 576 Gellium
335 507 422 601 filit
443 509 551 587 (Gell.
574 509 625 584 st,
647 509 707 586 2.),
734 529 839 593 quam
861 510 965 574 Furio
986 509 1154 592 scriptum
1177 509 1229 574 cit

174 619 298 679 Festus
319 635 346 676 s.
373 612 589 679 Vindiciae.“
606 653 645 664 -
669 613 717 675 Ea
745 623 848 674 alitem
873 611 985 694 opinio
1012 633 1114 699 neque
1137 613 1228 676 codi-

175 739 250 780 cum
277 716 423 779 firmatur
446 714 644 790 testimonio,
670 717 726 778 sed
753 714 933 780 orationem
955 739 1021 797 pro
1045 720 1086 780 L.
1116 715 1228 780 Turio

174 829 302 881 contra
334 821 398 882 Gn.
430 817 580 880 Gellium
612 839 682 878 cum
718 837 775 892 ea,
807 839 901 902 quam
935 817 1046 882 babuit
1075 819 1158 884 Cato
1187 819 1229 882 de

175 921 290 982 multa
319 931 442 982 contro
466 922 508 982 L.
537 919 698 993 hierium,
739 919 829 982 cuius
862 924 946 1001 apud
976 923 1105 984 Festum
1137 944 1164 985 s.
1194 944 1227 986 v.

175 1020 348 1086 vindiciae
368 1023 406 1083 fit
426 1020 557 1096 mentio,
583 1021 767 1086 couludisse
792 1021 926 1086 videtur.
973 1024 1230 1109 Mttllerusquo·

175 1147 241 1210 que
270 1128 309 1187 ad
336 1125 467 1188 Festum
493 1147 528 1206 p.
555 1125 617 1186 378
644 1125 797 1188 Ellendtii
823 1125 1009 1207 opinionem
1033 1127 1228 1209 repudiavit.

243 1227 367 1290 Deinde
395 1225 458 1290 Cn.
487 1225 611 1289 Gellius
642 1248 659 1288 a
689 1226 812 1291 Vossio
843 1239 933 1290 vetus
959 1227 1130 1292 historicus
1160 1252 1229 1294 esse

176 1329 298 1394 dicitur
328 1328 359 1392 iu
392 1330 479 1394 libro
514 1331 564 1393 Dc
598 1328 764 1394 historicis
796 1331 921 1394 Latinis
951 1354 985 1412 p.
1019 1332 1074 1396 35.
1130 1335 1230 1396 Errat

176 1433 323 1496 Vossius
350 1443 445 1516 atque
473 1433 598 1495 Krause
622 1434 776 1515 (Fragm.
803 1433 1046 1497 Historicorum
1069 1455 1103 1515 p.
1126 1435 1227 1512 902),

176 1536 235 1620 qui
269 1535 352 1598 idem
387 1535 456 1598 fere
485 1534 628 1597 tradidit.
684 1536 751 1598 Hic
784 1535 1056 1599 enirn'annaliurn
1088 1537 1229 1618 scriptor

176 1660 243 1702 non
267 1641 397 1712 eodem,
423 1659 488 1722 quo
510 1636 613 1714 Cato,
639 1649 785 1720 tempore
808 1638 908 1716 vixit,
935 1643 991 1701 sed
1014 1651 1087 1720 post
1110 1640 1228 1704 Sullam

177 1745 303 1804 demum
340 1741 457 1803 librum
496 1763 584 1803 suum
620 1741 837 1822 composuisse
871 1742 1043 1824 probabile
1075 1753 1135 1806 cst.
1191 1745 1229 1806 ln

177 1846 255 1909 loco
279 1841 448 1926 Ciceronis
471 1854 573 1906 autem
599 1847 637 1908 de
662 1844 808 1927 Legibus
836 1847 864 1920 l,
883 1847 913 1919 2,
935 1846 967 1908 3.
991 1867 1106 1910 nomeu
1127 1849 1230 1910 Gellii

178 1947 366 2011 coniectura
392 1957 512 2008 tantum
538 1945 600 2009 viri
631 1946 717 2010 docti
747 1947 821 2021 niti,
859 1948 934 2010 setis
966 1960 1104 2012 constat.
1150 1949 1229 2014 Nic-

179 2052 265 2113 buhr
298 2049 387 2113 Hist.
420 2061 444 2110 l.
472 2049 504 2112 2.
540 2071 575 2131 p.
611 2053 663 2114 10.
716 2049 859 2115 Orellius
892 2050 924 2114 in
958 2051 1227 2117 Ouornastico-s.

179 2153 324 2218 Gellius.

246 2256 370 2319 Gellius
396 2258 448 2330 tt,
469 2257 501 2319 2.
546 2257 648 2339 Quod
668 2256 716 2318 ad
735 2257 919 2338 pecuniam
938 2259 1102 2340 pertinet,
1124 2279 1229 2344 quam

181 2360 279 2442 aprul
303 2359 451 2421 iudicem
475 2359 548 2442 peti
573 2357 709 2433 dixisti,
738 2360 868 2421 suadeo
892 2362 1003 2424 hercle
1028 2362 1101 2438 tibi,
1129 2374 1229 2425 utare

181 2461 412 2536 Messenis,
435 2462 701 2544 prudentissimi
724 2461 801 2536 uiri,
826 2463 983 2538 consilio,
1006 2465 1065 2546 qui
1087 2464 1123 2525 in
1146 2485 1228 2527 ora·

180 2566 286 2640 tione,
313 2586 418 2648 quum
439 2587 505 2646 pro
528 2570 569 2627 L.
593 2563 705 2628 Turio
727 2576 850 2626 contra
870 2569 932 2629 Cn.
952 2567 1101 2628 Gellium
1123 2567 1227 2643 dixit,

182 2669 233 2732 ita
261 2689 334 2730 esse
364 2667 554 2730 maioribus
582 2665 752 2729 traditum
778 2667 1062 2751 observatumque
1087 2669 1157 2745 ait,
1189 2683 1230 2736 ut

181 2770 223 2845 si,
253 2770 346 2854 quod
371 2769 461 2832 inter
485 2771 572 2834 duos
595 2782 711 2832 actum
734 2781 808 2846 est,
835 2791 943 2854 neque
970 2773 1095 2834 tabulis
1121 2793 1230 2858 neque

181 2874 327 2938 testibus
347 2876 491 2955 planum
509 2872 597 2949 fieri
616 2872 740 2956 possit,
766 2885 839 2935 tum
865 2874 961 2955 apud
983 2874 1142 2952 iudicem,
1169 2876 1231 2960 qui

181 2978 223 3040 de
249 2998 292 3038 ea
314 2999 352 3038 re
375 2987 617 3059 cognosceret,
646 2987 723 3038 uter
746 2998 794 3038 ex
822 2974 866 3038 iis
892 2976 945 3038 vir
969 2977 1091 3041 melior
1118 2990 1226 3055 esset,

182 3091 427 3164 quaereretur,
461 3091 494 3142 et
525 3079 557 3141 si
591 3099 697 3160 pares
731 3089 864 3154 essent,
899 3099 961 3141 seu
992 3080 1072 3142 boni
1093 3081 1231 3163 puriter

181 3203 245 3244 seu
272 3182 367 3256 mali,
398 3194 472 3245 tum
496 3182 560 3257 illi,
587 3182 677 3244 unde
700 3181 846 3262 petitur,
875 3181 1085 3258 crederetur,
1114 3204 1155 3246 ac
1178 3205 1231 3246 se·

182 3284 334 3347 cundum
358 3307 436 3347 eum
461 3286 690 3348 iudicaretur.
722 3319 763 3330 -
786 3319 827 3330 -
859 3286 973 3350 Verba
999 3309 1047 3348 ex
1072 3285 1231 3350 oratione

182 3390 239 3452 M.
267 3389 411 3452 Calenus
438 3389 520 3450 haec
545 3399 646 3451 sunt:

213 3525 215 3534 =
246 3491 360 3574 Atque
385 3513 452 3572 ego
482 3512 505 3552 a
541 3489 731 3554 maioribus
760 3489 930 3554 memorio
958 3490 1008 3554 sic
1033 3491 1168 3574 accepi,
1200 3493 1233 3556 si

182 3591 259 3674 quis
290 3592 374 3676 quid
408 3595 498 3655 alter
531 3594 574 3656 ab
601 3595 713 3657 altero
735 3604 916 3675 peterent,
950 3592 983 3655 si
1003 3594 1105 3658 ambo
1124 3609 1231 3677 pares

183 3707 308 3771 essent,
332 3695 402 3758 sive
424 3695 504 3759 boni
527 3696 597 3758 sive
620 3696 703 3758 muli
723 3707 847 3772 essent,
875 3696 967 3779 quod
986 3695 1056 3760 duo
1076 3718 1134 3759 res
1153 3719 1231 3780 ges·

182 3796 320 3874 sissent,
349 3798 403 3860 uti
422 3807 526 3862 testes
551 3818 620 3860 non
643 3798 869 3873 interessent,
891 3798 942 3862 illi
962 3800 1053 3862 unde
1075 3799 1228 3881 petitur,

181 3899 216 3962 ei
238 3901 359 3982 potius
381 3900 590 3962 credendum
612 3922 700 3964 esse.
745 3903 850 3966 Nunc
875 3901 907 3963 si
929 3901 1151 3983 sponsionem
1161 3897 1230 3989 fe-

183 4002 309 4067 cissent
330 4003 462 4066 Gellius
484 4024 563 4066 cum
586 4003 716 4066 Turio:
745 4004 789 4066 ni
822 4003 893 4066 uir
925 4003 1082 4066 melior
1116 4014 1230 4065 esset

183 4105 353 4168 Gellius
373 4124 494 4188 quum
517 4102 693 4179 Turius,
710 4125 823 4180 nemo,
842 4104 980 4186 opinor,
997 4116 1070 4167 tam
1083 4099 1230 4168 insonus

182 4219 291 4284 esset,
324 4207 384 4291 qui
416 4207 609 4283 iudicaret,
640 4205 817 4272 meliorem
846 4227 920 4270 esse
949 4203 1098 4270 Gellium
1126 4225 1232 4290 quam
