2966 4842
273 341 335 405 58⁰

422 498 450 554 ³.
490 497 592 552 Oratio
611 499 711 551 santra
730 495 770 552 u.
789 494 977 566 Manlau
996 495 1177 554 stauarum.

341 629 476 692 Sueton.
500 629 539 690 de
558 624 603 693 ill.
631 647 767 710 gramm.
788 625 841 688 ii.
867 625 922 688 Μ.
944 621 1155 705 Pomponius
1173 625 1333 688 Marcel-

276 734 343 806 lus,
373 730 545 792 sermonis
565 729 665 792 latini
686 739 833 790 emtor
856 725 1134 800 molestissimus,
1164 725 1201 787 in
1228 724 1336 790 advo-

276 830 412 898 catione
443 831 595 916 quadam
625 835 719 910 (nam
751 829 924 894 interdum
955 840 987 894 et
1020 849 1146 892 causas
1175 829 1332 913 agebat).

274 933 512 1024 soloecismum
537 934 580 996 ab
610 931 811 998 aduersario
838 930 988 1020 factum
1017 951 1122 1016 usque
1154 929 1243 994 adeo
1272 951 1334 994 ar-

277 1057 384 1117 guere
407 1036 656 1116 perseuerauit,
686 1034 801 1118 quoad
828 1033 970 1098 Cassius
995 1037 1140 1098 Severus
1167 1031 1332 1117 interpel-

279 1137 360 1200 latis
373 1137 542 1200 iudicibus
558 1138 759 1202 dilationem
773 1135 887 1218 petiit,
905 1147 943 1198 ut
957 1135 1117 1216 litigator
1129 1155 1214 1198 suus
1225 1135 1334 1200 aliurn

276 1240 546 1323 grammaticum
575 1239 769 1312 adtribuet,
800 1237 939 1320 quando
960 1257 1029 1298 non
1057 1247 1158 1318 putat
1176 1235 1229 1310 is,
1252 1257 1333 1300 cnm

278 1341 481 1408 aduersario
506 1343 548 1406 de
572 1341 648 1406 iure
671 1341 747 1416 sibi,
769 1341 830 1406 sed
850 1339 892 1402 de
913 1337 1115 1404 soloecismo
1139 1349 1335 1404 controver-

224 1438 227 1444 '
282 1443 372 1510 siam
384 1441 573 1534 facturam.

745 1581 863 1638 lacerta.

345 1711 482 1792 Quintil.
508 1715 537 1779 b.
564 1717 592 1787 1,
617 1715 669 1775 13.
701 1715 760 1780 Ex
782 1713 906 1774 scholis
928 1713 1010 1774 haec
1032 1710 1127 1783 vitia,
1152 1711 1187 1771 in
1211 1709 1335 1796 quibus

280 1815 400 1876 omnia
420 1814 523 1876 libere
538 1811 714 1896 fingimus
738 1826 770 1876 et
792 1814 943 1894 impone,
960 1813 1042 1896 quia
1061 1810 1251 1900 profacto
1266 1823 1331 1884 est,

284 1914 451 2002 quidquid
472 1915 660 1978 voluimus:
692 1936 759 1977 non
788 1914 941 1977 admittit
976 1917 1039 1977 hoc
1075 1913 1168 1976 idem
1195 1911 1332 1986 veritas,

284 2016 490 2100 egregieque
513 2017 655 2080 Cassius
684 2014 810 2078 dicenti
839 2017 1093 2079 adolescentulo
1129 2013 1240 2098 Quid
1270 2035 1334 2076 me

280 2131 408 2182 torvo
436 2119 560 2181 vultu
588 2118 793 2193 intueris,
819 2117 999 2184 Severe?
1044 2119 1140 2186 Non
1173 2117 1331 2178 meher-

284 2223 391 2296 cule,
407 2218 784 2311 inquit,faciebam,
801 2219 1335 2304 sedsicscripsisti.ecce!

285 2334 318 2386 et
339 2343 442 2408 quam
463 2323 588 2404 potuit,
613 2323 903 2385 truculentissime
924 2345 1002 2384 eum
1023 2322 1176 2402 aspexit.

317 2465 513 2525 adolescentulo]
552 2481 581 2514 sx
601 2433 684 2516 stadem
705 2467 809 2512 fortasis
828 2481 898 2514 sauss
918 2469 1026 2522 petitum,
1046 2469 1108 2524 quod
1126 2467 1224 2512 tradidit
1241 2465 1335 2510 Plinius

357 2554 419 2598 llist.
441 2549 465 2606 7,
488 2551 528 2610 ts,
551 2552 591 2596 12.
614 2551 703 2598 Cassio
722 2554 815 2600 Severo
830 2555 923 2600 celebri
941 2555 1039 2601 aratori
1057 2553 1210 2598 armentarii
1220 2551 1338 2596 Mirmil-

358 2640 425 2685 lania
444 2639 544 2686 abiecte
565 2639 705 2686 similitudo
726 2647 771 2686 est.

345 2757 425 2820 ibid.
449 2759 480 2834 6,
502 2757 533 2835 3,
559 2759 611 2822 78.
657 2761 852 2823 Transtulit
874 2759 1003 2821 crimen
1018 2757 1159 2823 Cassius
1171 2763 1329 2822 Seuerus.

284 2863 379 2926 Num
400 2881 478 2924 aum
500 2862 748 2944 obiurgaretur
775 2883 798 2924 a
828 2873 1009 2944 praetore,
1048 2860 1140 2944 quod
1170 2859 1332 2920 aduocati

202 2950 205 2958 ¹
284 2964 359 3026 eius
380 2967 421 3026 L.
457 2967 552 3028 Varo
573 2963 768 3047 Epicureo,
798 2964 958 3028 Caesaris
985 2963 1113 3034 amico,
1144 2959 1336 3024 conuicium

271 3062 448 3152 fecissent
468 3067 638 3141 Nescio,
664 3067 785 3151 inquit,
809 3069 885 3152 qui
907 3065 1144 3130 conviciati
1164 3064 1267 3138 sint,
1289 3073 1335 3125 et

281 3176 386 3246 puto
407 3167 581 3230 Stoicos
599 3166 772 3256 fuisse.

319 3303 424 3351 Cassius
443 3307 561 3366 Severus]
596 3314 747 3356 occasionem
766 3315 812 3356 ioci
837 3315 911 3358 fuisse
940 3317 963 3358 in
983 3329 1053 3358 causa
1073 3289 1213 3369 Asprenatis
1232 3311 1333 3362 oranda,

351 3393 485 3448 auspicatur
503 3393 617 3454 Spalding
634 3399 662 3440 ad
682 3399 764 3454 Quint.
786 3401 803 3444 l.
823 3403 840 3446 l.
859 3407 883 3446 at
902 3407 919 3446 t.
942 3401 966 3447 2.
988 3403 1071 3447 Praei.
1094 3415 1118 3456 p.
1141 3399 1194 3448 Vll.
1221 3403 1245 3443 et
1259 3395 1335 3442 Wei-

353 3479 423 3527 αλιι-1
438 3481 474 3528 Da
492 3482 523 3527 t..
541 3480 618 3531 Vario
637 3497 661 3539 p.
685 3482 743 3530 131.

350 3597 432 3664 ibid.
457 3603 487 3679 6,
510 3601 550 3678 3,
576 3603 628 3668 79.
673 3605 789 3670 Elusit
818 3607 959 3672 Cassius
981 3609 1126 3672 Severus
1158 3603 1336 3670 obiiciente

285 3704 447 3786 quadarn,
471 3705 565 3788 quod
584 3705 616 3768 ei
637 3707 741 3771 domo
763 3730 828 3772 sua
850 3709 1049 3774 Proculeius
1071 3705 1332 3778 interdixisset,

282 3803 520 3888 respondendo
541 3809 759 3890 Numquid
780 3833 857 3894 ego
879 3811 986 3874 illuc
1008 3810 1191 3873 accedo?

319 3947 479 4014 Proculeius]
514 3951 661 3996 Maecenatis
680 3965 722 4007 pes
741 3955 879 4002 Terentiam
898 3969 1008 4002 sororem
1028 3954 1115 4002 affinis.
1141 3956 1264 4014 Spalding.

345 4067 427 4132 ibid.
450 4071 481 4144 8,
505 4071 536 4146 2,
561 4070 593 4132 i.
639 4073 721 4135 Non
744 4073 961 4136 mediocriter
983 4096 1103 4137 errare
1118 4075 1259 4157 quidam
1275 4091 1332 4134 so·

282 4173 363 4245 lent,
387 4173 447 4256 qui
468 4175 603 4244 omnia,
627 4187 815 4257 quaesunt
848 4176 884 4237 in
918 4198 999 4248 usu,
1038 4173 1175 4238 etiamsi
1208 4193 1334 4235 causae

285 4272 469 4333 necessitas
490 4277 651 4354 postulet,
677 4274 920 4364 reformident,
939 4289 976 4339 ul
991 4279 1059 4352 ille,
1073 4277 1132 4361 qui
1148 4277 1182 4339 in
1198 4274 1337 4337 actione
