2992 4840
561 582 589 636 5.
623 580 722 636 Oratio
746 595 798 650 pro
819 581 891 635 aede
913 580 1050 637 Castoris.

344 741 478 817 oratic,
503 740 638 822 opinor,
662 739 826 814 censoria,
870 760 951 802 anno
974 739 1036 800 612
1061 740 1149 819 (112)
1173 740 1270 806 dicte.

348 843 525 926 Inscriptio
551 843 677 928 quidem
698 840 864 924 ambigua,
888 863 969 925 quae
986 841 1075 904 varie
1095 842 1200 925 accipi
1218 855 1334 926 potest.

286 946 353 1011 Alii
375 946 457 1010 enim
487 944 683 1026 intelligunt,
723 942 905 1025 Scipionem
935 947 1043 1006 aedem
1072 944 1220 1009 Castoris
1247 947 1335 1010 dedi·

286 1071 391 1113 casse:
418 1048 452 1110 id
474 1070 553 1111 vero
579 1047 704 1110 aliunde
730 1057 840 1109 notum
863 1067 925 1108 uon
951 1059 1014 1120 est,
1038 1049 1093 1109 sed
1115 1050 1222 1111 aedem
1248 1050 1335 1112 Her·

287 1151 366 1215 culis
393 1154 432 1214 ab
465 1172 502 1214 eo
532 1149 564 1212 in
594 1171 726 1212 censura
756 1147 930 1210 dedicatam
960 1147 1152 1230 accepimns.
1203 1150 1335 1214 Freins-

285 1254 407 1331 hemius
424 1254 588 1334 Supplem.
611 1255 650 1314 ad
663 1251 740 1314 Liv.
757 1250 816 1312 lib.
834 1253 891 1325 61,
911 1252 943 1312 6.
989 1250 1059 1313 Alii
1082 1264 1185 1314 antem
1208 1253 1330 1326 melius,

219 1401 223 1407 -
282 1380 351 1440 pro
375 1357 459 1418 aede
484 1354 639 1419 Castoris
658 1351 736 1415 nihil
760 1352 845 1415 aliud
868 1373 937 1415 esse
960 1352 1019 1415 nisi
1041 1353 1077 1415 in
1100 1355 1185 1416 aede
1207 1358 1328 1419 Casto·

285 1461 335 1522 ris
365 1458 450 1536 (Die
473 1459 564 1520 Rede
588 1458 735 1540 gehalten
758 1457 800 1517 irn
825 1456 960 1537 Tempel
987 1458 1042 1518 des
1066 1455 1226 1536 Castor),
1257 1457 1334 1521 loco

287 1562 423 1626 nitentes
449 1558 538 1622 Festi
566 1581 643 1642 pag.
668 1559 740 1620 216.
779 1580 867 1640 „pro
892 1578 995 1621 ceusu
1020 1559 1137 1625 classis
1158 1560 1336 1624 iuniorum

286 1669 361 1728 Ser.
381 1663 517 1726 Tullius
540 1683 619 1723 curn
646 1660 738 1724 dixit
768 1662 803 1722 in
832 1660 1059 1743 descriptione
1084 1663 1332 1738 centuriarum,

285 1764 396 1847 accipi
418 1764 515 1828 debet
536 1763 572 1824 in
597 1784 720 1838 censu,
756 1763 860 1828 sicuti
877 1786 945 1844 pro
965 1765 1048 1828 aede
1070 1765 1242 1842 Castoris,
1267 1787 1335 1846 pro

286 1867 469 1943 tribunali,
490 1887 558 1948 pro
579 1865 789 1928 testimonio.
801 1866 817 1896 “
844 1903 884 1912 —
908 1865 1009 1931 Coos.
1029 1865 1185 1930 Dacerius
1209 1871 1248 1930 ad
1270 1869 1333 1932 Fe·

286 1983 366 2036 stum
397 1991 429 2052 p.
457 1967 531 2032 589.
558 1971 610 2030 ed.
640 1967 865 2032 Lindemanni.
911 1968 1065 2032 Similiter
1095 1970 1242 2034 dicebant
1270 1993 1334 2052 pro

286 2071 423 2147 rostris,
457 2093 519 2153 pro
549 2070 647 2133 vallo.
692 2071 731 2133 In
759 2074 835 2134 aede
859 2071 961 2155 igitur
985 2071 1131 2137 Castoris
1156 2073 1335 2137 orationem

288 2174 368 2239 dixit
390 2172 581 2248 Africanus,
613 2172 646 2235 in
670 2193 772 2258 coque
800 2175 922 2256 templo
953 2186 1079 2238 senatus
1107 2196 1335 2256 saepenumero

287 2276 486 2352 convocari,
531 2287 624 2360 atque
664 2275 871 2338 maximarum
911 2299 1017 2340 rerum
1060 2275 1334 2362 frequentissimae

287 2379 432 2466 qnotidie
452 2379 681 2443 advocationes
704 2380 776 2442 {ieri
798 2379 961 2455 solebant,
985 2391 1019 2442 nt
1035 2379 1155 2445 Cicero
1171 2378 1215 2442 ait
1230 2378 1331 2442 Verr.

287 2483 559 2557 nocumentis,
584 2485 657 2547 129.
693 2483 759 2545 vid.
784 2482 886 2548 Klotz
909 2485 949 2544 ad
970 2485 1004 2546 h.
1023 2483 1047 2545 l.
1068 2485 1112 2546 Τ.
1137 2483 1169 2546 2.
1200 2506 1235 2565 p.
1260 2482 1333 2545 730.

287 2585 441 2648 Similiter
475 2587 526 2647 M.
561 2584 721 2648 Antonius
754 2584 932 2648 orationem
963 2608 1033 2668 pro
1067 2587 1150 2653 aede
1180 2584 1335 2650 Castoris

286 2687 434 2750 habuisse
457 2687 587 2750 dicitur.
625 2687 697 2752 Cic.
722 2687 868 2769 Philipp.
893 2689 923 2763 3,
953 2692 1004 2750 11.
1053 2691 1160 2752 Aedes
1188 2686 1334 2752 Castoris

287 2791 320 2852 in
345 2789 421 2854 foro
447 2811 581 2853 romano
610 2788 709 2852 fnisse
736 2789 885 2852 traditur.
937 2791 1065 2853 Bnnsen
1088 2789 1336 2872 Beschreihung

287 2893 389 2955 Roms
403 2894 445 2955 T.
463 2894 495 2955 3.
518 2915 551 2974 p.
570 2893 623 2955 63.
649 2895 691 2954 Τ.
706 2893 738 2956 3.
757 2895 797 2957 Ρ.
815 2893 848 2955 2.
871 2916 905 2976 p.
923 2893 976 2956 87.
1000 2895 1186 2955 Ambrosch
1202 2891 1334 2960 Studien

287 2994 329 3055 im
350 2994 465 3058 Gebiet
488 2997 542 3058 des
568 2993 797 3058 altrtimischen
815 2997 944 3059 Bodeus
968 2998 983 3055 1
1001 2993 1083 3058 Heft
1104 3017 1139 3078 p.
1160 2995 1213 3058 99.

350 3154 464 3216 Festus
494 3176 528 3234 p.
559 3155 634 3216 286.
684 3159 799 3238 Reque
828 3176 930 3235 eapse
964 3154 1079 3239 Scipio
1111 3150 1327 3239 Africanus,

286 3255 398 3318 Paulli
418 3255 544 3332 filius,
568 3279 646 3319 cum
661 3279 726 3331 pro
748 3258 831 3320 aede
851 3257 1006 3322 Castoris
1026 3258 1138 3332 dixit,
1165 3258 1223 3316 hac
1239 3275 1328 3316 com-

222 3419 261 3441 „
286 3356 449 3437 positione
477 3381 548 3420 usus
575 3371 640 3421 est:
675 3361 808 3442 Quibus
832 3361 874 3422 de
905 3359 1101 3423 hominibus
1132 3377 1198 3440 ego
1231 3377 1333 3438 saepe

288 3471 390 3542 atque
417 3461 453 3521 iu
480 3462 596 3523 multis
623 3463 707 3524 locis
733 3484 856 3544 opera,
875 3461 1016 3552 sactis,
1045 3459 1198 3524 consiliis
1229 3481 1332 3542 reque

287 3581 388 3644 eapse
412 3584 513 3646 saepe
532 3564 759 3627 benemeritus
783 3586 888 3647 spem.
913 3564 945 3626 id
961 3576 1027 3641 est,
1053 3575 1084 3626 et
1105 3584 1140 3625 re
1161 3561 1245 3643 ipsa.

322 3776 397 3821 reque
413 3764 498 3824 eapse]
515 3745 621 3809 lortesse
642 3763 766 3824 legendum
787 3781 862 3826 reque
882 3780 960 3824 apes:
980 3765 1137 3812 contractioni
1160 3765 1224 3809 enirn
1242 3776 1334 3822 reapse

358 3864 401 3904 pro
423 3865 450 3896 re
470 3854 521 3907 ipsa
543 3854 653 3907 copulam
674 3853 795 3898 interiecit
808 3856 898 3910 Scipio.
936 3856 996 3900 Vide
1017 3855 1129 3900 Huschke
1148 3851 1284 3898 Comment.
1303 3853 1331 3896 de

355 3939 434 3983 Annio
453 3939 552 3984 Cimbro
573 3954 597 3997 p.
614 3937 655 3985 45.

323 4077 398 4123 saepe
410 4063 588 4124 benemeritus]
624 4079 699 4122 saepe
713 4067 835 4110 dclcndmu
849 4068 905 4111 dicit
924 4068 980 4114 Ant.
992 4068 1119 4126 Angustia.
1132 4065 1204 4123 prob.
1217 4066 1334 4110 Mitllero.

323 4188 402 4246 spem]
422 4192 548 4246 legendum
568 4191 640 4236 sum.
661 4190 751 4244 Scalig.
767 4196 790 4234 et
804 4192 884 4237 Ursin.
910 4193 979 4248 prob.
1001 4193 1073 4238 Mttll.
