2966 4842
277 349 337 414 tsi

321 505 323 515 '
345 503 488 586 Quintil.
514 503 550 578 6,
569 502 605 580 3,
630 501 681 566 76.
726 501 845 566 Cicero
875 500 1102 565 Curionem
1126 523 1260 584 semper
1284 505 1331 566 ab

278 606 502 670 excusatione
523 604 649 668 aetatis
670 602 886 687 incipientem
902 599 1058 686 facilins
1077 603 1230 688 quotidie
1243 626 1329 686 pro·

278 707 427 771 oemium
469 707 592 770 habere
637 705 750 781 discit,
784 704 866 788 quta
897 703 967 768 ista
1003 716 1132 768 natura
1167 706 1265 791 sequi
1295 718 1330 770 et

284 811 467 872 cohaerere
488 807 681 871 uideantur.

318 949 461 1010 Curionem]
499 952 575 997 Cario
595 949 659 997 filius
684 953 707 996 iu
734 954 858 1007 prooemio
879 952 1016 996 orationum
1035 964 1132 996 suarum
1153 953 1242 1008 incepit
1263 966 1330 998 sem-

347 1054 390 1095 per
408 1040 439 1084 sb
459 1041 611 1086 excusatione
630 1041 737 1086 iuventae
750 1051 756 1085 ι
768 1042 841 1098 quoi,
864 1053 917 1084 cum
934 1039 1070 1084 affectatam
1088 1041 1221 1094 videretur,
1242 1039 1329 1084 Cicero

347 1129 433 1173 irrisit.
468 1129 516 1172 Atii
530 1128 661 1172 Curionem
683 1133 776 1183 patrem
798 1129 951 1185 intelligunt,
972 1133 996 1172 ut
1018 1128 1057 1184 qui
1073 1128 1224 1172 excusaverit
1242 1141 1331 1173 seaea-

354 1220 428 1258 tutem
446 1228 522 1262 suum.

342 1350 492 1417 Sidonius
515 1350 655 1432 Epistol.
672 1351 735 1425 lv,
759 1351 791 1413 ³.
820 1371 887 1413 rex
911 1349 1149 1413 Theodericus
1167 1350 1271 1414 sentit
1290 1363 1330 1414 ut

278 1457 518 1542 Pythagoras,
549 1452 669 1516 dividit
697 1463 735 1516 ιιι
757 1455 934 1526 Socrates,
971 1453 1124 1533 explicat
1148 1464 1187 1514 ut
1216 1455 1328 1524 Plato,

280 1557 433 1640 implicat
458 1567 497 1618 ut
523 1555 746 1628 Aristoteles,
776 1566 816 1617 ut
844 1555 1028 1619 Aeschines
1056 1555 1249 1630 blanditur,
1292 1567 1332 1618 ut

281 1659 528 1723 Demosthenes
556 1654 732 1730 irascitur,
757 1668 875 1718 uernat
897 1668 935 1719 ut
949 1657 1170 1732 Hortensius,
1192 1669 1330 1720 aestuat

280 1772 318 1824 ut
343 1761 524 1841 Cethegus,
551 1756 713 1819 incitat
735 1769 780 1818 ut
802 1757 946 1835 Curio,
966 1771 1124 1822 moratur
1136 1771 1175 1821 ut
1191 1759 1329 1829 labiae,

282 1861 421 1924 simulat
447 1871 486 1922 ut
510 1861 671 1932 Crassus,
693 1857 890 1922 dissimulat
909 1873 948 1922 ut
970 1864 1119 1934 Caesar,
1151 1861 1275 1923 suadet
1294 1871 1333 1922 ιιι

282 1965 388 2036 cao,
412 1960 590 2024 dissuadet
618 1970 657 2022 ut
679 1959 835 2042 Appius,
857 1961 1045 2043 persuadet
1066 1971 1105 2025 ut
1127 1962 1276 2025 Tullius.

611 2135 634 2192 l.
662 2134 808 2192 Οοιιιίοιιιι
828 2138 1002 2194 tribuniciae.

344 2249 411 2312 Eae
431 2258 503 2310 sunt
521 2247 647 2310 habitae
661 2269 691 2310 a.
710 2249 771 2314 704
801 2250 880 2326 (50),
904 2248 1005 2333 iisque
1031 2269 1156 2312 causam
1177 2247 1331 2313 Caesaris

280 2348 397 2416 acriter
409 2348 562 2425 defendit,
575 2360 669 2433 atque
681 2349 865 2414 auctoritati
883 2349 1032 2432 Possrpeii
1054 2349 1176 2416 nocuit.
1197 2349 1327 2414 Dictum

283 2464 331 2518 est
351 2472 461 2534 snpra,
485 2449 676 2531 Pompeium
690 2450 885 2516 declamandi
902 2451 1160 2516 consuetudinem
1180 2473 1214 2515 ea
1228 2450 1333 2533 potis·

283 2553 395 2616 simum
419 2573 512 2616 causa
535 2551 735 2633 repetivisse,
760 2565 794 2615 ut
814 2552 952 2618 Curioni
974 2552 1105 2618 tribuno
1127 2551 1230 2634 plebis
1251 2550 1334 2616 faci·

287 2653 344 2717 lius
367 2653 610 2718 contradiceret.

350 2755 519 2818 Plutarch.
543 2755 676 2834 Quaest.
699 2776 850 2819 romanae
873 2776 904 2818 c.
928 2755 982 2818 81.
1008 2757 1049 2818 T.
1074 2755 1106 2818 8.
1123 2759 1175 2818 ed.
1192 2757 1331 2818 Huttea.

282 2878 315 2939 p.
332 2855 406 2920 358.
431 2851 449 2921 ὁ
471 2852 537 2941 γὰρ
560 2853 658 2941 ὄγκος
690 2851 806 2948 ὑπάτῳ
819 2851 973 2948 προςήκει
994 2861 1049 2924 καὶ
1071 2857 1255 2948 στρατηγῷ,
1275 2853 1334 2922 τὸν

285 2959 320 3022 δὲ
346 2953 525 3044 δήμαρχον,
541 2951 584 3036 ὦς
604 2958 712 3035 Γαίος
741 2959 895 3048 Κουρίων
930 2958 1027 3044 ἔλεγε,
1058 2961 1334 3025 καταπατεῖσθαι

284 3060 341 3138 δεῖ,
372 3063 427 3123 καὶ
456 3055 501 3144 μὴ
524 3056 641 3145 σεμνὸν
663 3051 749 3128 εἶναι
784 3061 833 3154 τῇ
863 3056 960 3152 ὄψει,
988 3061 1070 3145 μηδὲ
1100 3055 1333 3150 temptator,

282 3161 365 3246 μηδὲ
386 3153 455 3236 τοῖς
478 3155 593 3239 ἄλλοις
611 3159 766 3250 χαλεπὸν,
791 3157 860 3228 ἀλλ’
885 3158 967 3250 ὑπὲρ
987 3162 1050 3226 τῶν
1075 3157 1193 3241 ditur,
1208 3164 1277 3238 τοῖς
1297 3156 1332 3224 δὲ

284 3263 419 3337 πολλοῖς
434 3256 723 3349 εὐμεταχείριστον.

318 3419 408 3484 Γάϊος
420 3421 567 3495 Κουρίων]
604 3426 728 3483 quaeritur
752 3423 803 3480 quis
823 3423 854 3468 tlt
872 3423 1049 3480 intelligendus.

351 3542 482 3610 Sueten.
506 3541 637 3606 Caesar.
663 3542 714 3604 50.
753 3539 915 3621 Pompeio
947 3551 981 3602 et
1013 3560 1036 3601 a
1067 3541 1335 3604 Curionibus

282 3655 383 3725 patre
411 3658 443 3706 et
461 3642 582 3732 filio
612 3653 645 3705 et
665 3660 689 3702 a
718 3641 833 3704 multis
855 3641 1106 3725 exprobratum
1128 3653 1202 3716 est,
1227 3642 1333 3724 quod,

285 3745 384 3807 cuius
406 3764 513 3805 causa
538 3753 618 3824 post
646 3753 717 3804 tres
744 3742 869 3806 liberos
898 3744 1072 3827 exegisset
1105 3763 1269 3816 uxorem,
1301 3753 1336 3804 et

286 3866 387 3929 quem
416 3863 555 3926 gemens
585 3843 790 3926 Aegisthum
810 3847 984 3928 appellare
1014 3853 1227 3918 consuesset,
1259 3843 1337 3905 eius

282 3958 407 4028 postea
435 3943 557 4021 filium
586 3944 763 4028 potentiae
793 3946 980 4028 cupiditate
1010 3946 1046 4010 in
1074 3943 1338 4008 matrimonium

286 4047 479 4130 recepisset.

317 4186 387 4250 filio]
423 4191 447 4234 la
467 4189 576 4235 oratione
595 4191 694 4248 quedem
714 4194 797 4234 contre
818 4191 960 4246 Pompeium
979 4188 1068 4232 habite.
1089 4202 1112 4236 ι.
1133 4201 1188 4246 pag.
1210 4183 1269 4233 ³52.
