2966 4842
237 361 298 434 101

237 527 368 603 mentio,
392 549 421 591 a.
447 525 507 590 733
531 529 599 604 (31)
628 525 810 608 scriptasit
836 537 915 589 teste
942 523 1086 604 Orellio,
1119 524 1176 590 illo
1208 525 1280 609 ipso

245 651 327 694 anno
352 644 418 692 ea'm
448 641 548 692 actem
578 651 646 692 esse
674 627 843 710 probabile
877 638 936 690 est.
981 627 1090 711 Atque
1112 627 1283 691 Weiehert

236 751 364 818 quoque
388 735 426 795 de
450 731 563 795 Cassio
587 729 751 794 Parmensi
773 751 806 811 p.
832 730 905 792 313.
919 727 1044 805 scribit,
1062 743 1129 792 eam
1146 742 1283 812 propter

235 833 381 897 Asinium
405 832 604 908 Pollionem,
628 845 738 914 pacata
763 835 884 894 demum
909 831 1037 893 civitate
1061 831 1283 915 frequentibus

233 935 398 998 laboribus
420 935 602 998 forensibus
622 946 798 1009 vacantem,
818 932 928 996 mediis
941 933 1081 1017 Augusti
1095 933 1282 1016 imperantis

235 1036 434 1119 temporibus
456 1036 672 1120 assignandam
696 1058 776 1099 esse.
802 1035 902 1100 Cous.
927 1035 1051 1100 Oratio
1074 1037 1259 1120 Torquati.

291 1157 402 1214 Horatii
428 1157 521 1228 Epist.
547 1157 574 1227 l,
599 1158 627 1227 5,
648 1157 677 1213 8.
700 1160 737 1213 ad
759 1157 936 1227 Torquatum.

385 1250 464 1310 tritu
482 1252 551 1306 leves
570 1268 628 1322 spes
648 1257 672 1306 et
692 1253 843 1306 certamina
862 1248 1025 1305 divitiorum

383 1350 408 1400 et
427 1343 535 1402 Moschi
554 1353 682 1400 eausam.-
702 1361 765 1400 eros
784 1345 849 1398 nato
871 1339 986 1398 Caesare
1005 1345 1087 1411 sertus

385 1439 562 1492 statuentem
581 1454 757 1508 somnumque
776 1439 842 1500 dies,
864 1439 974 1506 impune
994 1437 1085 1491 licebit

384 1529 522 1586 terrenam
545 1546 665 1588 emmone
685 1533 799 1602 benique
820 1532 925 1585 tendere
944 1535 1057 1585 noctem.

297 1661 409 1724 Acron
424 1659 599 1722 Scholiasta
613 1664 792 1735 Moschus,
816 1659 927 1743 inquit,
945 1662 1185 1748 'Pergamenus
1196 1657 1283 1750 fuit

234 1760 352 1827 rhetor
373 1763 582 1837 notissimus,
606 1757 666 1847 qui
687 1785 767 1825 reus
789 1761 946 1838 ueneficii
956 1762 1053 1852 fuit,
1079 1764 1177 1825 euius
1199 1785 1279 1824 cau-

234 1884 309 1928 sam
331 1876 411 1924 tunc
433 1877 591 1926 oratores
613 1886 726 1945 egere.
773 1867 866 1928 Nam
890 1868 1090 1949 Torquatus
1108 1877 1282 1946 patronus

221 1963 308 2056 fuit
330 1986 527 2027 causarum.
573 1961 804 2047 Porphyrion:
828 1968 892 2028 Hie
904 1969 1140 2050 Pergamenus
1164 1970 1282 2028 rhetor

234 2067 447 2141 notissimus,
472 2089 552 2128 reus
574 2067 731 2144 veneficii
742 2065 839 2158 fuit,
864 2070 959 2133 cuius
981 2091 1122 2130 causam
1144 2090 1190 2130 ea·
1207 2068 1281 2149 prt‘-

235 2165 299 2237 mis
321 2181 402 2231 tunc
426 2180 583 2231 oratores
612 2181 775 2250 egerunt,·
810 2174 1009 2254 Torquatus
1041 2171 1111 2244 hie,
1144 2171 1184 2230 de
1213 2191 1282 2253 quo

234 2292 323 2332 rtunc
343 2283 446 2352 poeta
467 2270 561 2345 dicit,
586 2283 618 2333 et
640 2271 782 2334 Asinius
804 2271 926 2334 Pollio.
966 2271 1151 2333 Auctarium
1170 2269 1280 2360 Schol.

235 2369 361 2456 Cruqu.
385 2395 419 2454 p.
446 2373 519 2435 603.
553 2375 720 2435 Moschus
742 2373 795 2434 hie
808 2367 1043 2455 Pergamenus
1066 2376 1184 2434 rhetor
1194 2368 1283 2461 fuit

233 2461 446 2549 notissimus,
471 2495 550 2536 reus
573 2496 651 2535 uene
670 2473 730 2535 tcii
744 2472 846 2563 fuit,
871 2475 969 2535 cuius
998 2495 1139 2536 causam
1161 2461 1283 2554 expri-

234 2576 309 2638 mit.
353 2571 452 2638 Hanc
475 2587 632 2638 oratores
654 2587 799 2656 egerunt
823 2579 1022 2659 Torquatus
1046 2577 1119 2665 tie,
1150 2576 1282 2658 dequo

233 2696 324 2740 nune
347 2678 440 2752 dicit,
465 2677 562 2738 cuius
585 2688 683 2738 extat
706 2679 832 2751 oratio,
858 2690 890 2740 et
913 2679 1057 2741 Asinius
1080 2677 1201 2740 Pollio.

262 2835 290 2892 5.
310 2833 409 2890 Oratio
425 2850 477 2905 pro
496 2831 673 2904 Apollodoro
693 2833 869 2904 Pergameno
889 2833 1016 2901 rhetore,
1038 2825 1168 2890 veneficii
1189 2845 1248 2885 reo.

295 2965 346 3030 De
360 2965 565 3046 Apollodoro
589 2965 732 3041 rhetore,
759 2961 909 3046 Augusti,
936 2954 1063 3033 Calidii,
1081 2959 1281 3042 ValgiiRufi

233 3066 432 3149 aliorumque
443 3066 595 3148 magistro
606 3065 687 3127 dixit
700 3069 728 3126 T
732 3066 894 3130 horbecke
905 3088 938 3146 p.
950 3062 1177 3128 71.Weichert
1192 3063 1281 3126 Poe-

233 3180 334 3230 tarum
357 3168 413 3228 lat.
438 3165 605 3251 Reliquiae
627 3191 660 3249 p.
685 3169 758 3230 233.
797 3166 953 3248 Spalding
972 3165 1005 3227 in
1030 3164 1164 3242 Quintil.
1189 3165 1219 3239 3,
1249 3149 1279 3238 l,

236 3271 302 3355 17.Ι
334 3266 465 3330 Clinton
501 3266 533 3330 in
561 3270 665 3332 Fastis
693 3285 716 3334 t.
741 3272 772 3332 3.
806 3273 845 3330 ad
868 3290 897 3329 a.
923 3269 981 3329 601
1006 3267 1088 3344 (63).
1114 3266 1175 3327 710
1197 3269 1278 3344 (11).

236 3371 297 3432 731
320 3370 399 3444 (30).
424 3380 509 3449 etp.
535 3372 608 3434 517.
632 3374 682 3434 De
704 3384 848 3450 tempore
864 3388 975 3429 causae
991 3367 1073 3427 idem
1112 3365 1281 3429 Weichert

235 3471 319 3552 lmp.
337 3471 476 3554 Augusti
491 3473 658 3557 Reliquiae
681 3473 719 3534 F.
743 3477 772 3532 t.
790 3493 823 3550 p.
842 3471 894 3530 11.
912 3470 990 3529 haec
1008 3467 1138 3529 scribit:
1156 3469 1280 3547 „Apol-

233 3570 341 3634 lodori
364 3586 508 3636 senectus
530 3577 648 3646 suadet,
672 3583 704 3634 ut
731 3575 811 3633 hanc
836 3569 1127 3631 veneficiicausam
1154 3591 1171 3630 a
1200 3567 1280 3632 Pol·

233 3672 319 3736 lione
351 3685 452 3736 actam
484 3695 717 3756 praeponamus
742 3671 852 3736 Nouio
883 3671 1056 3751 Asprenati
1086 3684 1117 3732 et
1139 3671 1279 3732 Moscho

234 3775 372 3838 eiusdem
400 3775 539 3837 criminis
561 3773 634 3846 reis,
660 3795 795 3856 quorum
816 3773 1063 3855 patronusidcm
1081 3772 1188 3835 Pollio
1203 3770 1277 3832 fuit.

234 3879 409 3961 Utramque
432 3876 511 3938 enim
535 3871 690 3937 actionem
714 3871 822 3938 mediis
847 3873 985 3958 Augusti
1007 3867 1207 3955 temporibus
1230 3893 1279 3933 as-

233 3977 416 4062 signandam
440 3998 517 4051 esse,
542 3975 618 4037 mihi
641 3976 756 4042 videor
778 3979 948 4058 probasse,
978 3975 1201 4057 Apollodorus
1223 3994 1279 4033 au·

232 4091 294 4142 tem
304 4078 397 4162 quum
408 4077 577 4159 plurimum
590 4078 708 4142 vixisse
719 4079 845 4142 videtur
857 4099 955 4162 usque
971 4081 1010 4139 ad
1025 4098 1089 4138 a.u.
1106 4075 1277 4152 733(33).“

300 4181 421 4243 Seneca
448 4179 662 4244 Controvers.
686 4180 710 4244 l.
735 4183 764 4257 3,
789 4182 838 4244 13.
865 4203 899 4261 p.
927 4179 1001 4241 303.
1046 4177 1139 4242 Νουί
1167 4176 1278 4237 decla-

236 4289 387 4341 matores
408 4293 441 4342 et
463 4284 631 4347 Potamon
652 4305 729 4346 eum
751 4281 1049 4364 Apollodoro,
1083 4277 1153 4362 qui
1180 4295 1278 4337 reus
