2966 4842
282 397 343 462 198

510 547 540 602 8.
567 539 667 599 Oratio
689 550 742 607 pro
764 531 804 588 Μ.
833 523 955 586 Aemilia
978 520 1100 578 Scauro.

349 667 431 729 Acta
455 672 503 723 est
532 675 624 719 causa
653 671 682 712 a.
714 647 775 707 724
810 641 891 719 (3⁰).
936 635 990 698 Μ.
1016 625 1172 696 Aemilius
1195 625 1342 686 Scaurus

287 771 340 834 M.
366 761 511 829 Antonio
535 755 672 830 deditus,
696 750 728 812 in
751 742 878 827 proelio
895 736 1031 802 Actiaco
1055 721 1340 795 cantraOctavia-

287 893 359 935 num
383 861 550 950 pugnavit,
575 857 645 921 dein
669 863 797 934 captus,
822 847 861 907 ab
884 837 1065 906 Octaviano
1095 830 1150 896 vix
1173 830 1338 908 impetrat,

288 994 353 1060 qua
376 969 475 1032 minus
499 985 569 1027 cum
594 956 698 1023 multis
720 951 789 1015 aliis
807 947 1079 1010 'condemnaretur
1102 946 1133 998 et
1155 943 1256 993 morte
1278 951 1341 1010 pn-

288 1077 422 1139 niretur.
468 1066 569 1133 Conf.
604 1063 767 1126 Drumann
796 1063 823 1113 t.
864 1053 894 1110 1.
929 1067 962 1126 p.
998 1041 1050 1104 33.
1085 1048 1117 1100 et
1139 1036 1212 1097 485.
1258 1031 1341 1094 Eius

289 1197 414 1241 causam
438 1167 581 1235 defendit
602 1162 746 1228 Asinius.

353 1273 509 1360 Spalding
547 1289 625 1332 vero
661 1268 701 1326 ad
727 1256 862 1341 Quintil.
897 1257 934 1326 6,
963 1257 997 1323 1,
1032 1248 1085 1310 21.
1137 1243 1340 1304 Mamercum

291 1387 457 1453 Scaurum,
482 1379 520 1437 de
543 1393 608 1457 qua
631 1368 715 1432 infra
739 1362 888 1428 dicemus,
911 1349 1150 1432 intelligendum
1174 1344 1318 1426 putabat.

333 1483 398 1550 Dio
416 1477 547 1546 Cassius
569 1473 627 1536 lib.
642 1475 694 1544 51,
713 1468 744 1532 2.
768 1465 830 1530 τῶν
850 1454 1035 1546 βουλευτῶν
1057 1455 1113 1515 καὶ
1137 1447 1199 1513 τῶν
1211 1446 1343 1520 ἱππέων,

293 1589 362 1654 τῶν
372 1610 405 1650 τι
423 1579 532 1648 ἄλλων
559 1577 621 1642 τιῖνν
644 1568 845 1662 κορυφαίων,
868 1561 931 1627 τῶν
951 1546 1210 1643 συμπραξάντων
1233 1570 1263 1611 τι
1296 1543 1344 1633 τῷ

287 1686 463 1775 Ἀντωνίῳ,
484 1672 693 1760 πολλσύςμὲν
705 1666 872 1760 χρήμασιν
887 1661 1050 1748 ἐζημίωσε,
1071 1648 1213 1728 πολλοὺς
1229 1645 1263 1714 δὲ
1287 1651 1347 1712 καὶ

294 1783 538 1880 tabescentem
568 1801 665 1846 τινοιν
690 1775 747 1840 καί
773 1771 945 1860 ἐφείσατο,
974 1766 1028 1828 καὶ
1061 1753 1103 1824 ἐν
1131 1752 1190 1840 μὲν
1213 1745 1347 1828 τούτοις

294 1887 434 1979 Μάρκος
447 1912 496 1961 τις
516 1883 675 1967 Σκαῦρος
697 1867 843 1963 ἀδελφός
865 1893 899 1934 τε
922 1867 980 1933 τοῦ
996 1862 1125 1942 Σέξτου
1142 1849 1346 1943 ὁμομήτριος

297 1991 349 2072 ὢν,
373 1997 428 2056 καὶ
452 1983 705 2061 &anatomiam
728 1973 931 2049 κελευσθεὶς,
953 1959 1024 2033 εἶτα
1048 1960 1104 2030 διὰ
1138 1957 1197 2039 την
1220 1959 1347 2045 μητέρα

297 2092 355 2178 την
379 2091 532 2160 Μουκίαν
555 2084 697 2178 ἀφείθη.

361 2196 427 2262 Dio
453 2191 582 2258 Cassius
604 2190 627 2250 l.
652 2187 702 2264 56,
725 2183 778 2246 38.
804 2175 822 2245 ὁ
855 2178 963 2244 τοίνυν
984 2169 1210 2256 ”Αυηουστος,
1238 2157 1347 2241 ἐπειδὴ

297 2295 438 2388 τάχιστα
462 2297 524 2362 τῶν
544 2291 709 2383 ἐμφυλίων
731 2279 881 2369 πολέμων
907 2269 1091 2359 ἀπηλλάγη,
1130 2269 1258 2357 πρῶτον
1288 2270 1349 2351 μὲν

298 2401 376 2481 τοὺς
388 2401 519 2475 πλείους
534 2397 597 2460 τῶν
612 2384 835 2458 ἀντιστάντων
851 2387 881 2450 οἱ
896 2387 951 2448 καὶ
973 2366 1226 2467 περιγενομένων
1242 2371 1276 2434 ἐκ
1291 2367 1350 2446 τῆς

299 2498 523 2596 παρατάξεως,
540 2493 671 2573 ἰ’σωσεν,
687 2487 724 2559 ειί
742 2491 854 2575 μηδενὶ
871 2477 930 2550 τοί
956 2474 1095 2548 Σίλλαν
1113 2466 1351 2563 μιμησάμενος,

299 2615 355 2676 καὶ
376 2602 431 2674 ἵνα
461 2599 507 2686 μὴ
537 2594 664 2674 πάντας,
689 2589 810 2668 αὐτοὺς
833 2581 1013 2675 repolire,
1036 2581 1084 2659 τίς
1110 2574 1170 2644 οὐκ
1199 2565 1266 2642 οἶδε
1292 2567 1352 2638 τὸν

299 2705 445 2799 ἀδελφὸν
466 2705 525 2771 τοῦ
551 2700 697 2780 Σίξτους

365 2806 577 2892 Quintilianus
606 2804 643 2878 6,
678 2803 717 2874 1,
755 2799 808 2862 tt.
852 2791 1105 2860 Periclitantem
1133 2779 1350 2854 commendat

302 2914 457 2999 dignitas
480 2921 512 2973 et
534 2905 651 2970 studia
661 2900 787 2993 fortia
811 2911 842 2962 et
865 2905 1041 2976 susceptae
1064 2893 1149 2953 bello
1171 2884 1352 2948 cicatrices

308 3032 341 3082 et
364 3015 525 3080 nobilitas
547 3022 579 3072 et
602 3008 725 3071 merita
748 3003 932 3066 maiorum.
966 3001 1052 3070 Hoc,
1077 2991 1169 3078 qaod
1190 2986 1353 3070 proxime

302 3120 396 3194 dixi,
422 3118 541 3182 Cicero
563 3125 666 3195 atque
689 3107 873 3172 Asinius
896 3099 1054 3164 certatim
1076 3105 1157 3158 sunt
1179 3090 1252 3164 usi,
1285 3107 1353 3170 pro

303 3225 470 3288 Scauro
492 3228 592 3297 patre
615 3213 679 3282 hic,
705 3211 761 3272 ille
782 3229 848 3290 pro
859 3203 991 3296 filio.

368 3318 503 3403 Quintil.
528 3317 559 3394 9,
585 3317 617 3392 2,
642 3315 695 3376 rt.
722 3311 851 3376 Pollio:
876 3310 1113 3386 Numquam
1123 3295 1234 3385 fore
1264 3313 1352 3357 ere·

305 3425 416 3496 didi,
441 3420 618 3492 iudices,
645 3427 688 3476 at
712 3416 974 3477 reoScauro,
999 3427 1048 3468 ne
1071 3401 1174 3487 qaid
1195 3399 1237 3463 itt
1258 3395 1355 3458 eius

304 3523 482 3590 iudicio
504 3520 655 3604 gratia
677 3520 858 3586 valeret,
882 3529 1105 3594 precarer.

439 3683 468 3738 9.
496 3680 650 3737 Orationes
671 3677 809 3732 adversus
829 3671 862 3728 L.
883 3669 1042 3729 Munatium
1068 3667 1218 3722 Plancum.

372 3817 413 3876 L.
438 3811 602 3876 Munatius
625 3808 763 3873 Plancus
786 3802 817 3865 in
846 3803 930 3864 bello
951 3796 1048 3862 civili
1077 3795 1153 3858 alias
1184 3792 1248 3855 alio
1277 3799 1357 3851 tern-

306 3939 388 4000 pore
411 3928 517 3998 partes
539 3923 682 3982 secutus,
719 3905 879 3969 dominum
909 3903 981 3984 plus
1008 3897 1105 3962 semel
1135 3891 1356 3960 conuuntavit.

307 4019 452 4084 Velleius
476 4019 504 4092 λ,
530 4016 581 4077 63.
614 4011 723 4093 ibique
746 4005 967 4070 Rulrnkenins.
1014 4004 1179 4067 Drumann
1209 4008 1233 4061 t.
1265 3999 1296 4057 l.
1321 4016 1355 4076 p.

308 4124 381 4190 207.
406 4117 528 4191 Pollio,
546 4110 748 4178 adversarius
765 4108 843 4186 eius,
864 4107 1027 4171 orationes
1040 4113 1153 4167 cantra
1169 4121 1239 4165 eum
1255 4095 1360 4178 scrip'·

306 4221 359 4297 sit,
382 4243 440 4284 nec
463 4232 565 4281 tamen
588 4235 737 4279 summam
761 4211 853 4274 huius
877 4209 940 4272 ¹uiri
969 4205 1185 4292 eloquentiam
1220 4210 1361 4264 metuens

307 4332 377 4382 ante
400 4335 535 4382 mortem
558 4318 624 4382 eius
647 4315 787 4400 editurus
810 4324 889 4376 erat.
