2966 4842
1164 359 1224 423 626

172 541 295 612 postea
327 527 556 590 vincerentur.
614 520 714 586 Cani.
745 518 897 582 Viscouti
922 517 1128 600 lcanogralia
1155 517 1226 580 Ro·

176 653 266 694 mana
281 642 308 693 t.
321 629 352 692 2.
363 651 399 711 p.
413 627 486 690 267.
514 625 643 688 Bunsen
666 619 913 704 Bcschreibnng
933 640 998 682 von
1018 621 1116 684 Rom.
1133 619 1176 681 Τ.
1191 620 1223 681 1.

174 756 210 815 p.
237 733 297 795 163
319 754 393 818 sqq.
417 730 592 794 Frandscn
610 747 643 809 p.
664 727 718 790 62.
763 724 852 790 Pliu.
878 721 967 786 Hist.
991 720 1050 798 36,
1077 717 1127 786 16.
1163 720 1224 788 Dio

178 834 272 901 Cass.
297 837 348 910 49,
374 835 425 896 43.
453 834 506 909 64,
533 831 583 896 29.

241 936 365 1002 Plinius
382 936 470 1000 Hist.
491 935 543 1011 36,
561 933 591 1007 4,
616 933 648 995 9.
667 931 736 996 Sed
746 929 972 1012 praecipuam
986 923 1228 988 auctoritatem

181 1042 308 1104 tabulis
326 1039 460 1123 publice
478 1037 577 1128 fecit
598 1038 728 1100 Caesar
760 1033 929 1106 dictator,
961 1039 1041 1113 post
1070 1046 1149 1089 eum
1171 1031 1225 1092 M.

179 1144 363 1227 Agrippa,
388 1141 442 1202 vir
464 1137 652 1202 rusticitati
669 1135 818 1219 propior
839 1154 942 1218 quam
964 1129 1106 1194 deliciis.
1145 1131 1177 1192 E
1184 1146 1227 1191 ce·

175 1255 240 1306 tat
262 1254 353 1305 certe
375 1241 468 1303 eius
490 1235 641 1303 oratio
664 1236 857 1319 magnilica
876 1247 909 1298 et
924 1234 1080 1298 maximo
1098 1231 1222 1294 civium

176 1345 285 1427 digna
307 1343 348 1404 de
367 1339 493 1405 tabulis
515 1340 673 1403 omnibus
693 1337 870 1422 signisque
884 1336 1117 1421 publicandis,
1134 1335 1227 1418 quoti

174 1445 261 1524 fieri
284 1444 395 1508 661666
405 1441 549 1534 fuisset
570 1461 674 1525 quam
698 1441 733 1502 in
755 1439 916 1503 uillarum
940 1439 1051 1502 exilia
1068 1437 1163 1520 pelli.

212 1587 303 1647 oratio]
340 1603 362 1634 v.
382 1589 513 1653 Frantlssu¹
527 1602 551 1643 p.
575 1578 632 1632 176.
654 1581 715 1632 291.

642 1704 760 1762 lacerta.

243 1819 345 1910 Marii
366 1817 534 1886 Victorini
566 1817 659 1882 Artis
679 1829 844 1902 grammat.
877 1819 907 1880 1.
929 1838 965 1899 p.
986 1815 1081 1878 2466.
1132 1817 1228 1882 Mes·

179 1925 265 1998 saia,
290 1925 432 1999 Brutus,
457 1921 660 2006 Agrippa
679 1942 742 2003 pro
765 1942 871 1984 snmus
896 1920 1018 1984 simus.

242 2136 398 2218 Legimus
419 2138 504 2217 apud
525 2133 664 2198 Dionem
691 2132 837 2199 Cassium
863 2136 884 2200 l.
913 2134 967 2196 62.
991 2133 1081 2196 2·11.
1108 2131 1232 2196 oratio·

180 2261 250 2302 nem
269 2237 438 2321 Agrippae
462 2240 500 2300 de
524 2237 705 2320 principatu
717 2235 873 2320 Augusti,
898 2257 979 2321 quae
1001 2245 1069 2298 tota
1089 2256 1131 2298 cx
1148 2233 1231 2298 Dio·

180 2340 229 2404 uis
243 2339 336 2403 fluxit
346 2339 496 2423 ingenio,
512 2353 547 2407 ut
561 2341 725 2404 Frandscn
744 2360 873 2423 quoqne
883 2361 917 2422 p.
934 2339 1044 2402 13-26.
1066 2349 1097 2402 et
1111 2337 1228 2402 Hoccls

181 2445 278 2508 R‘am.
295 2444 415 2506 Gcscb.
436 2455 460 2508 t.
481 2444 510 2504 1.
527 2463 560 2526 p.
584 2442 657 2510 318.
680 2439 812 2503 iudicat.
834 2513 835 2516 Ἴ

559 2590 621 2648 CX.
651 2588 686 2658 Q.
708 2589 852 2646 Haterius.

246 2722 350 2784 Natus
377 2741 405 2784 a.
433 2722 493 2783 687
519 2723 598 2800 (67),
625 2731 769 2782 mortuus
791 2731 839 2782 est
861 2741 888 2785 a.
911 2721 971 2782 777
995 2719 1047 2804 (26
1073 2742 1108 2802 p.
1135 2718 1232 2798 Chr.)

182 2845 287 2907 prope
310 2821 555 2906 nonagenarius,
575 2834 655 2885 teste
670 2820 875 2902 Hieronymo
894 2826 934 2885 ad
959 2821 1093 2886 Eusebii
1107 2821 1231 2888 Chron.

187 2926 319 3006 Olymp.
348 2924 421 2989 CC.
450 2947 478 2991 a.
503 2925 556 2988 M.
581 2926 742 2990 MMXL.
768 2946 799 2989 a.
815 2925 882 2990 XI.
910 2922 1038 3007 imperii
1061 2923 1190 2988 Tiberii
1206 2945 1234 2992 a.

183 3029 301 3092 XXV.
324 3049 359 3108 p.
384 3026 464 3093 Chr.
492 3051 534 3084 =
561 3047 588 3096 a.
619 3029 691 3112 777.
722 3027 776 3106 (26
801 3048 835 3109 p.
862 3026 961 3107 Ch.):
992 3030 1036 3109 Q.
1065 3025 1253 3092 Haterius*

181 3142 366 3213 promptus
387 3142 421 3193 et
438 3130 620 3214 popularis
634 3141 755 3192 orator
776 3150 883 3214 usque
904 3131 951 3192 ad
971 3129 1234 3212 nonagesimum

180 3255 293 3316 prope
315 3253 445 3296 annum
465 3233 502 3296 in
522 3254 658 3297 summo
679 3236 809 3297 honore
830 3233 1051 3297 consenescit.
1102 3229 1235 3294 Tacitus

183 3346 286 3399 autem
309 3334 407 3405 tradit
430 3336 463 3398 in
484 3335 648 3400 annalibus
671 3335 702 3410 4,
728 3335 790 3411 61.,
810 3335 853 3414 Q.
872 3334 1041 3398 Haterium
1059 3331 1231 3397 extinctum

184 3459 213 3502 a.
241 3437 302 3500 779
325 3438 377 3517 (26
404 3459 439 3520 p.
471 3436 564 3518 Ch.),
589 3439 671 3500 unde
694 3459 723 3501 a.
746 3437 806 3501 689
837 3438 906 3519 (66)
934 3449 1040 3501 natum
1066 3456 1134 3499 esse
1157 3456 1236 3498 con-

184 3551 262 3602 stat.

248 3641 303 3702 An
322 3639 524 3724 magistratus
536 3637 712 3702 obtinuerit
727 3636 760 3698 in
772 3637 938 3717 republica
954 3651 985 3700 et
1004 3659 1086 3723 quos
1102 3637 1235 3723 quibus·

185 3759 248 3823 que
274 3737 384 3816 annis,
412 3738 568 3801 incertum
591 3750 651 3802 est.
674 3734 884 3801 Consulatum
912 3759 980 3802 eum
1004 3741 1062 3803 sub
1086 3741 1234 3825 Augusto

187 3837 341 3923 gessisse,
364 3838 410 3901 A.
437 3836 588 3903 Schottns
614 3840 647 3903 in
677 3861 776 3922 opere
799 3838 911 3924 Pighii
941 3853 966 3904 t.
994 3843 1022 3908 3.
1046 3864 1079 3923 p.
1101 3843 1163 3904 644
1183 3863 1235 3904 sn·

186 3939 339 4024 spicatnr,
366 3963 425 4004 nec
446 3952 549 4003 tamen
571 3953 692 4004 certum
715 3954 803 4007 extat
823 3943 989 4006 indicium.

252 4043 373 4106 Seneca
395 4043 561 4125 Excerpta
586 4042 747 4110 Controv.
765 4045 787 4114 l.
802 4045 867 4109 IV.
891 4043 996 4129 praei.
1018 4065 1050 4126 p.
1069 4042 1142 4106 443.
1165 4043 1236 4107 De-

186 4145 357 4208 clamabat
376 4143 545 4210 Haterius
559 4145 713 4211 admisso
732 4151 862 4232 populo
884 4170 931 4210 ex
942 4159 1108 4228 tempore.
1134 4147 1237 4210 Solus

165 4247 340 4311 'omnium
362 4269 598 4324 romanorum,
623 4270 708 4332 quos
732 4269 808 4313 meo
834 4262 986 4334 tempore
1008 4247 1170 4332 cognovi,
1198 4247 1235 4309 in

188 4350 331 4414 {minam
346 4352 503 4433 linguam
513 4351 693 4414 transtulit
707 4371 870 4434 graecam
876 4351 1099 4435 facilitatem.
1119 4353 1235 4416 Tanto
