2992 4844
309 359 370 420 tot

315 515 503 597 Virgilius,
531 534 590 574 nec
617 522 694 592 post
717 513 881 573 Crassum
913 518 947 567 et
975 505 1201 568 Hortensium
1226 507 1361 582 Cicero‘,

311 617 372 680 sed
393 615 533 687 necilli,
561 614 620 697 qui
638 623 718 694 post
744 631 803 672 eos
816 606 988 698 fuerunt.

378 715 569 780 Macrobius
593 715 752 777 Saturnal.
777 713 811 784 5,
837 715 868 772 1.
913 714 1001 773 Sunt
1028 710 1099 772 stili
1121 711 1255 774 dicendi
1277 712 1359 786 duo,

311 820 450 902 dispare
467 818 664 881 moralitate
687 814 824 888 diversi,
851 833 941 874 ainus
962 824 1013 874 est
1037 825 1196 876 maturus
1218 826 1252 876 et
1273 837 1360 897 gra·

311 925 379 996 uis,
402 923 513 1006 qualis
537 925 664 986 Crasso
687 919 905 999 assignatur,
941 918 1029 977 alter
1054 916 1133 978 braic
1160 918 1362 980 contrarius

310 1026 437 1088 ardens
454 1037 487 1086 et
501 1035 634 1086 erectus
651 1034 683 1084 et
706 1019 877 1109 infensus,
901 1018 995 1102 quali
1007 1030 1058 1080 est
1070 1040 1154 1080 usus
1170 1020 1359 1082 Antonius.

378 1127 513 1191 Crassus
530 1125 642 1186 multas
657 1123 818 1186 orationes
842 1120 933 1194 dixit,
956 1141 1072 1202 paucas
1096 1119 1207 1195 edidit,
1225 1134 1255 1184 et
1271 1121 1362 1206 frag-

313 1241 414 1292 menta
433 1250 514 1310 pene
537 1238 648 1290 cuneta
674 1248 714 1288 ex
741 1223 941 1288 orationibus
967 1222 1137 1287 senatoriis
1156 1223 1207 1285 vel
1229 1224 1363 1287 concio·

313 1329 422 1407 nibus,
452 1352 515 1393 nou
547 1351 589 1391 ex
616 1325 795 1396 actionibus
821 1322 996 1388 iudiciariis
1027 1338 1139 1388 sumta.
1185 1327 1271 1387 Laus
1294 1326 1363 1389 cius

313 1431 433 1508 maior,
465 1453 557 1517 quarn
584 1429 733 1505 Antonii,
764 1439 795 1490 et
822 1427 974 1510 memoria
1006 1431 1089 1510 apud
1120 1439 1272 1510 posteros
1308 1450 1363 1492 ce·

308 1534 445 1598 lebrior.

377 1635 496 1700 Cicero
526 1635 558 1697 in
589 1637 728 1699 Oratore
768 1657 797 1698 c.
836 1633 889 1696 38.
942 1633 1064 1695 Uterer
1097 1632 1264 1716 exemplis
1298 1634 1362 1697 do·

313 1739 476 1812 mesticis,
502 1738 570 1800 nisi
596 1758 638 1799 ea
662 1737 823 1819 legisses,
860 1747 977 1798 uterer
998 1735 1119 1797 alienis
1151 1737 1202 1797 uel
1227 1735 1358 1814 latinis,

312 1843 343 1905 si
358 1843 429 1903 nlla
441 1840 638 1922 reperirem,
657 1843 707 1901 nel
723 1837 882 1922 graecis,
908 1839 938 1899 si
963 1838 1110 1900 deceret.
1157 1837 1224 1901 Sed
1243 1835 1362 1902 Crassi

309 1964 488 2027 perpauca
504 1955 603 2016 sunt,
622 1964 681 2004 nec
702 1963 744 2003 en
761 1941 988 2011 iudiciorum
1002 1941 1088 2002 nihil
1104 1940 1257 2015 Antonii,
1274 1941 1362 2005 nihil

311 2050 443 2120 Cottae,
465 2043 552 2106 nihil
568 2043 724 2126 Sulpicii.

350 2209 475 2266 exemplis
494 2206 653 2266 domesticis]
690 2209 708 2255 i.
729 2223 751 2252 e.
772 2205 888 2262 exemplis
914 2220 940 2251 ει
961 2209 1020 2250 nasis
1040 2207 1192 2250 orationibus
1212 2207 1302 2262 petitis.

348 2296 450 2355 alienis]
487 2300 505 2340 i.
520 2311 541 2344 e.
555 2297 670 2352 exstnplis
688 2297 932 2358 alioruanloratoruin
956 2297 991 2339 vel
1012 2295 1140 2340 latinorum
1154 2297 1190 2340 vel
1203 2307 1358 2352 graecorum.

349 2380 442 2442 Cottas]
479 2384 507 2432 C.
529 2385 639 2428 Aurelius
660 2383 739 2436 Cotta,
759 2383 788 2428 de
808 2397 855 2440 quo
874 2385 936 2426 infra
956 2384 1002 2426 erit
1020 2396 1110 2426 serino.

348 2469 467 2528 Sulpicii]
504 2472 534 2518 1².
554 2471 674 2526 Sulpicius
696 2471 779 2514 Rufus.

520 2702 545 2756 1.
587 2700 686 2756 Oratio
706 2703 736 2755 in
757 2701 789 2757 C.
811 2701 956 2772 Papirium
977 2699 1148 2758 Carbonem.

385 2851 432 2912 Ea
449 2847 531 2911 dicta
548 2860 594 2912 est
610 2871 639 2911 a.
655 2849 715 2912 635
729 2852 833 2928 (119).
876 2849 920 2940 C.
939 2850 1087 2932 Papirius
1109 2851 1236 2926 Carbo,
1259 2854 1358 2915 homo

313 2951 496 3035 popularis,
523 2951 720 3032 optimatium
747 2955 826 3016 adeo
847 2953 1048 3016 adversarius
1070 2967 1101 3016 et
1122 2953 1268 3018 inimicus
1282 2953 1357 3030 fuit,

313 3066 395 3117 uta.
417 3054 478 3116 625
500 3055 589 3132 (129)
608 3057 649 3118 P.
668 3053 830 3136 Scipionis
850 3055 1000 3118 Africani
1016 3055 1150 3120 minoris
1166 3055 1358 3122 interfector

312 3177 379 3218 esse
411 3157 608 3219 crederetur.
664 3155 736 3220 Cic.
769 3161 807 3218 ad
838 3157 951 3224 Famil.
986 3159 1021 3233 9,
1062 3159 1114 3221 21.
1168 3158 1251 3224 Cum
1278 3180 1356 3222 vero

313 3255 426 3320 deinde
451 3257 647 3320 consulatum
674 3262 804 3341 adeptus
831 3273 913 3322 esset
939 3282 969 3322 a.
998 3260 1060 3324 636
1086 3262 1192 3339 (120),
1221 3283 1238 3322 a
1263 3262 1358 3343 plebe

313 3361 352 3420 ad
383 3358 550 3440 optimates
583 3360 718 3422 transire
747 3360 913 3442 cupiebat,
943 3376 993 3440 ct,
1029 3376 1062 3425 ut
1087 3362 1220 3446 gratiana
1245 3384 1357 3425 eorum

313 3471 468 3542 captaret,
493 3461 710 3524 defensionem
733 3465 775 3525 L.
805 3464 939 3546 Opimii,
966 3465 1180 3528 interfectoris
1203 3464 1356 3538 Gracchi,

312 3563 465 3644 suscepit.
511 3563 573 3626 Sed
596 3563 728 3628 frustra.
780 3566 960 3647 Optimates
986 3568 1067 3630 enirn
1092 3567 1224 3631 iniurias
1245 3567 1357 3630 ulcisci

311 3668 480 3728 studebant
496 3688 628 3750 eumque
650 3669 693 3728 L.
719 3667 855 3731 Crassus
882 3671 1066 3734 adolescens
1091 3671 1124 3732 in
1149 3670 1198 3734 ius
1213 3670 1355 3733 vocavit.

315 3765 435 3831 Cicero
460 3779 661 3845 auctorest,
685 3771 863 3832 voluntaria
896 3793 966 3834 euin
991 3784 1094 3837 morte
1116 3794 1261 3854 poenam·
1277 3773 1356 3836 effu·

313 3870 417 3952 gisse,
441 3868 593 3931 Valerius
617 3882 718 3934 autern
742 3873 906 3936 Maximus
929 3875 964 3950 3,
989 3878 1025 3950 7,
1049 3876 1085 3951 6,
1109 3874 1232 3950 scribit,
1256 3873 1355 3938 exilio

312 3974 490 4032 damnatum
516 3993 597 4033 esse.
644 3970 762 4036 Cicero
786 3975 913 4051 scribit,
949 3977 1097 4041 Crassum
1131 3999 1215 4040 anno
1246 3975 1356 4040 aetatis

312 4072 465 4134 vicesimo
488 4094 551 4135 uno
573 4076 770 4138 accusavisse
787 4076 982 4155 Carbonem,
1007 4079 1140 4142 Tacitus
1161 4079 1193 4142 in
1211 4078 1355 4162 Dialogo

312 4176 350 4235 de
381 4177 516 4238 Orator.
544 4197 574 4237 c.
599 4177 650 4237 36.
678 4181 906 4245 noiaodecinao.
952 4183 1016 4246 Sed
1040 4181 1210 4246 Ciceronis
1226 4181 1353 4264 opinio·

312 4296 380 4335 nem
403 4295 508 4336 veram
527 4289 557 4338 et
580 4277 696 4341 rationi
719 4301 872 4344 annorum
896 4284 996 4366 magis
1015 4295 1259 4350 consentaneam
1275 4306 1356 4358 esse,
