2984 4842
1146 390 1204 450 151

157 553 255 632 Quae
279 544 415 619 omnia,
440 543 521 626 quio
534 545 620 606 Cato
642 541 799 604 laudibus
822 545 997 606 extulerat
1018 545 1054 606 in
1073 549 1205 609 caetum

155 647 466 732 perscribendaque
480 656 672 716 censuerat,
698 644 826 708 idcirco
848 646 883 708 in
906 647 980 710 eius
999 647 1205 717 sententiam

157 765 208 816 est
228 749 342 840 facta
373 748 548 811 discessio.
604 747 669 812 Hic
701 759 818 810 autem
850 769 886 810 se
914 748 1019 814 etiam
1048 750 1204 832 tribuere

158 857 303 916 multum
327 851 410 913 mibi
429 861 543 932 putat,
567 849 660 933 quod
681 849 856 930 scripserit
879 850 1088 932 optimum
1105 872 1205 915 con-

157 958 303 1018 sulem.
335 953 422 1036 Quis
437 952 528 1014 enim
543 951 692 1014 ieiunius
706 951 800 1014 discit
814 951 1005 1024 inimicust,
1022 955 1080 1017 Ad
1092 967 1207 1030 cetera

157 1079 238 1120 vero
271 1055 334 1118 tibi
363 1053 652 1139 quemadmodum
681 1053 885 1135 rescripsit?
913 1053 1066 1118 Tantum
1086 1046 1202 1138 rogat,

158 1159 199 1220 de
221 1159 520 1220 senatusconsulto
542 1169 580 1218 ut
604 1156 776 1238 corrigas.
1108 1151 1110 1156 ⁸

194 1279 311 1328 Catonern
330 1281 451 1342 primurn]
489 1283 589 1326 Brutum
611 1285 634 1325 in
654 1296 682 1326 ca
702 1281 757 1326 libri
778 1287 862 1339 perte,
890 1283 929 1326 ubi
948 1285 1136 1331 coniurationem
1160 1285 1204 1330 Cs-

230 1369 311 1418 tilinae
331 1372 428 1424 retulit,
449 1385 461 1412 c
481 1370 579 1414 veritate
599 1371 738 1422 discedere,
761 1369 848 1414 Cicero
869 1375 979 1416 testatur.

501 1490 529 1544 7.
571 1486 671 1545 Oratio
691 1487 863 1559 Capitolina.

226 1603 273 1664 Ea
297 1614 343 1664 est
365 1600 449 1662 dicta
481 1611 556 1680 post
584 1620 691 1663 necem
725 1591 872 1665 Caesaris
905 1615 957 1664 aut
987 1601 1064 1685 ipsis
1099 1603 1207 1666 Idibus

162 1702 292 1768 Mtrliis
315 1715 367 1765 aut
390 1702 547 1784 postridie
571 1723 597 1767 a.
623 1704 684 1764 710
705 1705 785 1786 (11).
813 1703 913 1768 Cotti.
939 1704 1101 1782 Drumenn
1124 1718 1149 1769 t.
1175 1712 1205 1770 1.
1268 1769 1273 1772 .

162 1829 196 1888 p.
223 1807 273 1874 ss.
306 1840 309 1850 2
386 1843 388 1850 ν
633 1783 670 1824 ⁵
770 1873 771 1876 Ν

225 1907 299 1972 Cic.
331 1908 372 1971 sd
401 1907 544 1970 Atticum
577 1909 630 1982 15,
663 1913 693 1971 1.
745 1903 877 1972 Brutus
903 1922 1021 1976 noster
1040 1901 1209 1982 'misitad

163 2032 216 2074 me
237 2010 432 2074 orationem
453 2029 554 2072 suam
583 2010 735 2074 habitam
756 2011 792 2072 in
814 2013 976 2075 concione
998 2013 1205 2094 Capitolina,

162 2103 346 2196 petivitque
374 2125 504 2186 ame,
524 2123 566 2183 ut
596 2132 673 2174 eam
701 2131 762 2174 nec
790 2115 969 2176 ambitiose
996 2117 1208 2195 corrigerem

163 2227 243 2278 ante
266 2235 370 2298 quam
392 2214 519 2277 ederet.
563 2217 628 2278 Est
649 2226 764 2276 autem
786 2217 901 2278 oratio
923 2216 1053 2296 scriptu
1071 2220 1210 2297 elegan-

163 2306 294 2379 tissime
310 2316 507 2391 sententiis,
533 2316 659 2389 verbis,
685 2326 723 2376 ut
745 2315 832 2378 nihil
849 2318 963 2398 possit
981 2321 1087 2378 ultra.
1132 2321 1211 2400 Ego

167 2429 294 2493 tamen,
312 2419 342 2479 si
357 2419 451 2479 illam
467 2439 606 2493 causam
630 2417 835 2490 habuissem,
859 2419 1073 2499 scripsissem
1087 2421 1210 2480 arden·

165 2518 248 2582 tius.
289 2513 482 2597 ‘Yuddeosc
511 2520 604 2582 vides
626 2539 713 2602 quae
735 2519 798 2592 sit,
824 2531 856 2582 et
876 2541 1028 2601 persona
1050 2521 1211 2592 dicentis,·

165 2621 279 2704 itaque
295 2643 372 2684 eam
386 2622 563 2704 corrigere
586 2642 654 2684 non
673 2621 786 2702 potui.
830 2626 908 2704 Quo
929 2623 1020 2683 enim
1035 2623 1070 2686 in
1085 2644 1211 2705 genere

166 2727 297 2786 Brutus
326 2735 444 2787 noster
473 2745 546 2786 esse
576 2727 647 2786 vult
674 2736 706 2784 et
733 2724 825 2806 qrrod
854 2724 1020 2786 iudicium
1048 2727 1148 2787 habet
1170 2725 1211 2786 de

167 2824 297 2906 optimo
335 2845 459 2906 genere
493 2826 641 2900 dicendi,
676 2825 713 2888 id
745 2825 795 2888 ita
826 2839 1004 2887 assecutus
1037 2839 1088 2890 est
1115 2829 1149 2888 in
1172 2847 1213 2886 ea

143 2927 344 3004 oratioue,
375 2938 413 2988 ut
443 2927 635 3010 elegantius
668 2948 741 2988 esse
770 2927 855 2988 nibil
881 2929 1005 3008 possit.
1058 2929 1127 2991 Sed
1147 2949 1213 3010 ego

168 3030 262 3090 solus
283 3029 373 3091 alius
395 3049 488 3100 sum,
519 3029 589 3088 sive
619 3029 682 3088 boc
710 3040 799 3088 recte
825 3029 895 3090 siue
918 3049 985 3090 non
1008 3042 1110 3091 recte.
1156 3033 1213 3092 Tu

169 3141 284 3192 tamen
307 3131 406 3192 uelim
427 3129 620 3192 orationem
642 3131 754 3211 legas,
780 3129 847 3190 nisi
860 3127 968 3218 forte
991 3130 1061 3192 iam
1085 3132 1211 3213 legisti,
1277 3211 1278 3218 ἵ

169 3231 416 3315 certioremque
432 3225 634 3320 mefacias,
660 3231 743 3315 quid
764 3231 893 3294 iudices
909 3232 991 3315 ipse,
1008 3255 1214 3316 quamquam

169 3357 308 3408 vereor,
340 3355 381 3396 ne
410 3323 613 3416 cognomine
640 3345 701 3396 tuo
729 3330 1089 3425 lapsusgtirrepatcmbg
1110 3337 1157 3397 sis
1180 3335 1215 3396 in

170 3435 367 3498 iudicanda.
413 3438 480 3501 Sed
502 3439 532 3498 si
555 3435 778 3500 recordabere
796 3435 1215 3526 rinpooiis'rovcfulminu,

171 3547 243 3597 tum
273 3537 444 3620 intelliges
472 3558 573 3618 posse
602 3551 636 3600 et
667 3533 874 3604 ἆττικώτατα
903 3541 1109 3622 gravissime
1139 3539 1217 3602 dici.

236 3637 308 3698 Cic.
326 3639 366 3698 ad
382 3639 451 3705 Au,
471 3639 524 3714 15,
550 3640 581 3700 3.
627 3641 774 3701 Brutum
796 3641 890 3702 omni
912 3665 960 3714 re,
979 3661 1047 3722 qua
1060 3661 1215 3720 possum,

172 3737 274 3815 cupio
303 3737 440 3812 iuvare,
477 3739 572 3826 cuius
608 3739 649 3800 tte
678 3741 897 3804 oratiuncula
929 3743 1020 3804 idem
1050 3727 1109 3810 te,
1127 3743 1220 3823 quod

174 3856 243 3909 me,
278 3837 406 3898 sentire
438 3839 547 3900 video.
593 3842 661 3903 Sed
689 3863 817 3922 porum
845 3844 1018 3924 intelligo,
1056 3843 1140 3923 quid
1167 3862 1219 3900 rne

174 3937 255 3998 veiis
281 3935 451 4012 scribere,
478 3941 576 4021 quasi
601 3963 623 4001 a
652 3946 760 4005 Bruto
789 3945 905 4004 habita
931 3941 1105 4014 oratione,
1131 3961 1219 4001 cum

174 4039 252 4100 ille
277 4037 484 4100 ediderit.
529 4043 597 4122 Qui
619 4045 756 4105 tandem
783 4042 962 4106 conuenit?

239 4143 367 4214 Fronto
392 4141 498 4220 Epist.
530 4163 567 4223 p..
595 4143 648 4202 78.
692 4147 851 4224 Epistola
871 4139 1044 4207 Ciceronis
1073 4138 1221 4216 mirifice

175 4241 297 4330 affecit
308 4243 464 4305 animum
476 4265 600 4306 meum.
624 4245 775 4308 Miserat
791 4249 920 4306 Brutus
932 4239 1087 4304 Ciceroni
1098 4241 1222 4326 librum

178 4365 282 4408 suum
303 4345 561 4428 corrigendum.
576 4335 579 4344 ’
