2992 4844
271 357 332 426 332

272 520 420 593 Luculli,
435 531 497 582 aut
514 517 703 601 patrocinii
724 531 763 582 ut
786 535 849 583 nac
872 539 938 602 pra
959 521 1095 596 Siculis,
1113 541 1180 604 pro
1195 523 1318 588 Sardis

272 623 309 684 in
331 622 474 685 Albucio
496 621 620 685 Iulius.

335 740 454 805 Cicero
489 739 634 806 Divinut.
667 741 698 803 in
734 742 852 806 Caecil.
883 767 913 807 c.
948 745 998 809 19.
1056 749 1118 808 Cn.
1153 749 1318 830 Pompeio

215 857 216 862 ’
273 844 435 909 Straboni
456 844 491 906 in
514 848 558 908 T.
577 845 759 908 Albucium
780 845 929 909 nominis
952 844 1137 935 deferendi
1160 862 1317 930 potestas

272 967 340 1010 non
364 947 546 1020 estdata,
576 959 678 1030 atque
705 949 761 1010 ille
794 952 856 1014 Gn.
888 949 1070 1022 Pompeius
1096 951 1148 1013 ita
1169 973 1248 1014 cum
1278 956 1316 1018 0.

271 1049 362 1113 Iulio
377 1049 559 1122 contendit,
578 1061 615 1111 ut
640 1062 689 1123 tu,
712 1051 851 1124 Caecili,
874 1073 1016 1114 mecum.
1040 1064 1204 1135 quaestor
1225 1054 1316 1116 enim

272 1152 409 1216 Albucii
418 1149 570 1240 fuerat,
596 1163 634 1213 ut
656 1163 696 1212 tu
721 1153 854 1217 Verris.
878 1153 989 1216 lulius
1017 1156 1081 1216 hoc
1101 1177 1217 1217 secum
1234 1177 1316 1218 auc·

184 1338 187 1346 ¹
271 1254 424 1318 toritatis
436 1255 483 1315 ad
497 1251 728 1316 accusandum
749 1258 792 1318 Τ.
811 1255 994 1318 Albucium
1011 1253 1193 1342 afferebat,
1211 1259 1314 1342 quod,

184 1363 189 1372 '
272 1368 310 1419 ut
331 1357 394 1420 boc
412 1369 565 1438 tempore
587 1375 650 1418 nos
669 1356 712 1418 ab
733 1356 868 1431 Siculis,
890 1356 939 1419 sic
958 1369 1032 1420 tum
1053 1357 1110 1422 ille
1132 1359 1176 1421 ab
1195 1359 1317 1424 Sardis

272 1471 419 1542 rogatus
436 1458 483 1519 ad
503 1478 644 1520 causam
664 1470 867 1520 accesserat.

295 1601 297 1604 ·
337 1580 507 1643 Suetonius
529 1579 660 1644 Caesar.
688 1580 741 1641 55.
795 1581 924 1643 Caesar
951 1601 1062 1662 genus
1091 1583 1317 1665 eloquentiae,

272 1683 449 1746 duntaxat
470 1682 668 1744 adolescens
686 1681 817 1757 adhuc,
841 1681 1021 1746 Strabonis
1049 1685 1207 1746 Caesaris
1221 1704 1317 1747 secu·

273 1798 330 1848 tus
344 1784 491 1856 videtur,
514 1783 612 1846 cuius
633 1783 737 1845 etiam
760 1805 806 1844 ex
829 1783 998 1858 oratione,
1015 1806 1102 1868 quae
1116 1784 1317 1848 inscribitur

270 1908 352 1970 pro
367 1886 534 1959 Sardis,
557 1885 605 1946 ad
627 1886 767 1948 verbum
790 1889 957 1948 nonnulla
977 1887 1154 1950 transtulit
1174 1887 1210 1949 in
1231 1888 1317 1950 diui·

274 1989 447 2052 notionem
471 2009 584 2052 suam.
669 2045 672 2050 .

308 2154 336 2197 in
353 2153 534 2198 diuinationem
552 2153 636 2212 cuum]
673 2157 690 2199 i.
717 2171 739 2198 e.
768 2156 791 2199 iu
815 2157 965 2208 acutionem,
992 2169 1063 2212 quem
1087 2157 1274 2200 decocuntur·
1294 2157 1317 2199 iu

342 2240 491 2286 Dolabellam
512 2243 677 2286 constituendo
696 2243 786 2286 babuit.

336 2379 514 2461 Appuleius
535 2380 585 2443 De
605 2376 718 2460 Magia
752 2400 785 2459 p.
822 2379 895 2441 538.
927 2382 977 2442 ed.
1002 2382 1151 2444 Oudend.
1195 2382 1316 2464 Neque

272 2483 408 2566 gloriae
429 2503 537 2544 causa
559 2504 611 2543 me
641 2493 781 2544 accusat
804 2493 842 2542 ut
864 2483 917 2545 M.
941 2483 1115 2545 Antonius
1142 2485 1204 2547 οη.
1232 2486 1317 2546 Car·

274 2586 405 2659 bouem,
424 2588 461 2648 0.
480 2584 591 2650 Iulius
615 2587 657 2647 T.
682 2583 877 2657 Albucium,
905 2585 943 2646 P.
971 2584 1143 2664 Sulpicius
1167 2589 1204 2648 0.
1223 2585 1317 2649 Nor·

274 2688 419 2760 bonum,
453 2690 496 2769 Q.
530 2686 653 2763 Fufius
686 2690 789 2750 Man.
828 2685 1023 2767 Aquilium,
1060 2688 1096 2750 0.
1133 2686 1240 2750 Curio
1273 2689 1317 2768 Q.

275 2792 467 2854 Metellum.
483 2789 617 2871 Quippe
632 2787 667 2849 bi
685 2808 802 2849 omnes
814 2788 1042 2849 eruditissimi
1056 2789 1190 2850 iuvenes
1206 2787 1320 2850 laudis

273 2893 394 2976 gratia
413 2890 566 2973 primum
586 2893 649 2952 lcoc
676 2890 908 2951 rudimentum
918 2887 1085 2978 forensis
1108 2909 1234 2970 operae
1257 2910 1316 2950 su·

274 2995 408 3068 bibant,
438 3005 477 3055 ut
511 2992 628 3076 aliquo
657 2991 787 3074 insigni
820 2991 948 3054 iudicio
981 2992 1109 3055 ciuibus
1140 2990 1213 3053 suis
1238 3010 1318 3052 nos·

273 3109 444 3159 serentur.

312 3235 338 3284 C.
359 3239 439 3285 lulius
459 3240 490 3288 Τ.
512 3239 659 3300 Albucium]
696 3247 768 3302 vulgo
788 3244 875 3300 legitur
894 3239 920 3286 G.
941 3240 1043 3286 Mucius
1060 3239 1091 3287 A.
1111 3239 1252 3285 Albucium.

311 3323 338 3371 C.
357 3325 514 3385 Norbanum]
551 3330 621 3384 vulgo
642 3325 684 3372 Gn.
704 3327 859 3373 Norbanum.

311 3413 340 3459 L.
359 3413 446 3476 Fufius
465 3411 536 3462 Mon.
557 3411 695 3475 Aquilium]
731 3419 802 3474 vulgo
820 3413 847 3460 G.
866 3414 958 3459 Furius
977 3411 1014 3457 M.
1035 3413 1171 3472 Aquilium.

337 3572 366 3630 2.
407 3571 506 3630 Oratio
527 3573 666 3630 adversus
690 3572 723 3629 C.
743 3570 923 3628 Scribonium
945 3569 1099 3628 Curionem
1121 3568 1187 3624 trib.
1209 3567 1250 3638 pl.

339 3706 386 3766 Ea
417 3702 523 3768 aratio
558 3724 588 3764 a.
624 3702 685 3764 664
711 3702 779 3781 (90)
809 3699 892 3763 dicta
920 3712 977 3763 est.
1013 3700 1134 3762 Multas
1160 3719 1230 3761 eum
1260 3696 1319 3761 illu

276 3826 376 3883 uuna,
392 3825 457 3890 quo
474 3803 583 3867 aedilis
602 3801 720 3866 curulis
737 3814 818 3880 eret,
835 3801 1007 3880 conciones
1024 3799 1181 3876 habuisse,
1200 3799 1320 3864 Cicero

275 3919 408 3972 testatur
428 3905 460 3970 in
488 3906 590 3969 Bruto
615 3927 644 3968 c.
671 3904 723 3968 89.
775 3905 928 3988 Reliqui,
953 3904 1013 3989 qui
1043 3917 1118 3966 tum
1146 3902 1321 3985 principes

276 4011 565 4083 numerabantur,
597 4007 633 4068 in
660 4007 922 4089 magistratibus
954 4019 1070 4080 erant,
1103 4003 1321 4090 quotidieque

267 4109 358 4200 fere
380 4133 404 4173 a
429 4109 526 4174 nobis
548 4109 584 4171 in
607 4107 826 4171 concionibus
850 4109 1092 4171 audiebantur.
1116 4109 1205 4171 Erat
1229 4104 1322 4167 enim

277 4213 435 4274 tribunus
457 4213 563 4293 plebis
587 4223 659 4271 tum
687 4210 874 4283 acurio,
904 4230 1111 4293 quamquam
1134 4208 1165 4269 is
1185 4206 1323 4290 quidem

277 4312 408 4386 silebat,
431 4326 467 4372 ut
490 4328 563 4373 erat.
580 4313 684 4373 semel
706 4331 727 4371 a
744 4313 904 4373 concione
924 4313 1074 4385 relictus,
1095 4313 1136 4390 Q.
1159 4309 1321 4372 Metellus
