<?xml version="1.0" encoding="UTF-8"?>
<!DOCTYPE html PUBLIC "-//W3C//DTD XHTML 1.0 Transitional//EN"
    "http://www.w3.org/TR/xhtml1/DTD/xhtml1-transitional.dtd">
<html xmlns="http://www.w3.org/1999/xhtml" xml:lang="en" lang="en">
 <head>
  <title>
</title>
<meta http-equiv="Content-Type" content="text/html;charset=utf-8" />
  <meta name='ocr-system' content='tesseract 3.04.00' />
  <meta name='ocr-capabilities' content='ocr_page ocr_carea ocr_par ocr_line ocrx_word'/>
</head>
<body>
  <div class='ocr_page' id='page_1' title='image "./oratorumromanor02meyegoog_0272.png"; bbox 0 0 2992 4840; ppageno 0'>
   <div class='ocr_carea' id='block_1_1' title="bbox 508 547 1038 608">
    <p class='ocr_par' dir='ltr' id='par_1_1' title="bbox 508 547 1038 608">
     <span class='ocr_line' id='line_1_1' title="bbox 508 547 1038 608; baseline -0.008 0"><span class='ocrx_word' id='word_1_1' title='bbox 508 551 537 608; x_wconf 78' lang='grc'>9.</span> <span class='ocrx_word' id='word_1_2' title='bbox 572 549 725 608; x_wconf 76' lang='lat' dir='ltr'><strong>Orationes</strong></span> <span class='ocrx_word' id='word_1_3' title='bbox 746 553 846 607; x_wconf 77' lang='lat' dir='ltr'>contre</span> <span class='ocrx_word' id='word_1_4' title='bbox 866 547 1038 606; x_wconf 79' lang='lat' dir='ltr'>Gracchum.</span> 
     </span>
    </p>
   </div>
   <div class='ocr_carea' id='block_1_2' title="bbox 249 698 1300 1179">
    <p class='ocr_par' dir='ltr' id='par_1_2' title="bbox 316 698 904 780">
     <span class='ocr_line' id='line_1_2' title="bbox 316 698 904 780; baseline -0.01 -12"><span class='ocrx_word' id='word_1_5' title='bbox 316 707 382 768; x_wconf 80' lang='lat' dir='ltr'>Eae</span> <span class='ocrx_word' id='word_1_6' title='bbox 409 713 480 766; x_wconf 82' lang='lat' dir='ltr'>erint</span> <span class='ocrx_word' id='word_1_7' title='bbox 506 698 632 762; x_wconf 81' lang='lat' dir='ltr'>habitae</span> <span class='ocrx_word' id='word_1_8' title='bbox 658 721 688 762; x_wconf 85' lang='lat' dir='ltr'>a.</span> <span class='ocrx_word' id='word_1_9' title='bbox 714 699 771 762; x_wconf 99' lang='grc'>631</span> <span class='ocrx_word' id='word_1_10' title='bbox 801 699 904 780; x_wconf 90' lang='grc'><strong>(193).</strong></span> 
     </span>
    </p>

    <p class='ocr_par' dir='ltr' id='par_1_3' title="bbox 249 800 1300 1179">
     <span class='ocr_line' id='line_1_3' title="bbox 315 800 1299 894; baseline -0.003 -25"><span class='ocrx_word' id='word_1_11' title='bbox 315 805 386 875; x_wconf 91' lang='lat' dir='ltr'>Cic.</span> <span class='ocrx_word' id='word_1_12' title='bbox 413 805 515 868; x_wconf 88' lang='lat' dir='ltr'>Bruto</span> <span class='ocrx_word' id='word_1_13' title='bbox 537 803 589 866; x_wconf 92' lang='grc'>31.</span> <span class='ocrx_word' id='word_1_14' title='bbox 626 802 767 866; x_wconf 84' lang='lat' dir='ltr'>Tubero</span> <span class='ocrx_word' id='word_1_15' title='bbox 774 801 862 892; x_wconf 73' lang='lat' dir='ltr'>suit</span> <span class='ocrx_word' id='word_1_16' title='bbox 882 813 1046 864; x_wconf 74' lang='lat' dir='ltr'>constans</span> <span class='ocrx_word' id='word_1_17' title='bbox 1066 800 1149 864; x_wconf 89' lang='lat' dir='ltr'>civis</span> <span class='ocrx_word' id='word_1_18' title='bbox 1171 801 1299 894; x_wconf 65' lang='lat' dir='ltr'>etsor7</span> 
     </span>
     <span class='ocr_line' id='line_1_4' title="bbox 249 905 1300 990; baseline -0.006 -16"><span class='ocrx_word' id='word_1_19' title='bbox 249 911 295 974; x_wconf 87' lang='lat' dir='ltr'>tis</span> <span class='ocrx_word' id='word_1_20' title='bbox 324 921 357 972; x_wconf 82' lang='lat' dir='ltr'>et</span> <span class='ocrx_word' id='word_1_21' title='bbox 395 907 430 968; x_wconf 91' lang='lat' dir='ltr'>in</span> <span class='ocrx_word' id='word_1_22' title='bbox 463 906 589 990; x_wconf 84' lang='lat' dir='ltr'>primis</span> <span class='ocrx_word' id='word_1_23' title='bbox 620 907 777 968; x_wconf 78' lang='lat' dir='ltr'><strong><em>Graccho</em></strong></span> <span class='ocrx_word' id='word_1_24' title='bbox 813 907 1003 980; x_wconf 84' lang='lat' dir='ltr'>molestus,</span> <span class='ocrx_word' id='word_1_25' title='bbox 1041 906 1134 988; x_wconf 78' lang='lat' dir='ltr'>quod</span> <span class='ocrx_word' id='word_1_26' title='bbox 1166 905 1300 969; x_wconf 84' lang='lat' dir='ltr'>indicat</span> 
     </span>
     <span class='ocr_line' id='line_1_5' title="bbox 250 1007 1296 1078; baseline -0.002 -2"><span class='ocrx_word' id='word_1_27' title='bbox 250 1011 399 1078; x_wconf 79' lang='lat' dir='ltr'><strong><em>Gracchi</em></strong></span> <span class='ocrx_word' id='word_1_28' title='bbox 430 1009 465 1072; x_wconf 90' lang='lat' dir='ltr'>in</span> <span class='ocrx_word' id='word_1_29' title='bbox 494 1030 573 1072; x_wconf 79' lang='lat' dir='ltr'>eccm</span> <span class='ocrx_word' id='word_1_30' title='bbox 602 1007 730 1072; x_wconf 86' lang='lat' dir='ltr'>oratio.</span> <span class='ocrx_word' id='word_1_31' title='bbox 779 1011 866 1072; x_wconf 78' lang='lat' dir='ltr'>Sicut</span> <span class='ocrx_word' id='word_1_32' title='bbox 896 1007 1001 1070; x_wconf 84' lang='lat' dir='ltr'>ctiam</span> <span class='ocrx_word' id='word_1_33' title='bbox 1033 1008 1069 1070; x_wconf 89' lang='lat' dir='ltr'>in</span> <span class='ocrx_word' id='word_1_34' title='bbox 1102 1010 1296 1074; x_wconf 76' lang='lat' dir='ltr'><strong><em>Gracchum</em></strong></span> 
     </span>
     <span class='ocr_line' id='line_1_6' title="bbox 252 1113 457 1179; baseline -0.015 0"><span class='ocrx_word' id='word_1_35' title='bbox 252 1113 457 1179; x_wconf 83' lang='lat' dir='ltr'>Tuberonis.</span> 
     </span>
    </p>
   </div>
   <div class='ocr_carea' id='block_1_3' title="bbox 285 1265 1297 1765">
    <p class='ocr_par' dir='ltr' id='par_1_4' title="bbox 285 1265 1297 1765">
     <span class='ocr_line' id='line_1_7' title="bbox 285 1265 1297 1326; baseline -0.004 -12"><span class='ocrx_word' id='word_1_36' title='bbox 285 1267 420 1326; x_wconf 77' lang='lat' dir='ltr'><strong><em>Graccho]</em></strong></span> <span class='ocrx_word' id='word_1_37' title='bbox 456 1269 561 1312; x_wconf 86' lang='lat' dir='ltr'>Dubium</span> <span class='ocrx_word' id='word_1_38' title='bbox 585 1281 638 1312; x_wconf 82' lang='lat' dir='ltr'>esse</span> <span class='ocrx_word' id='word_1_39' title='bbox 661 1271 756 1324; x_wconf 82' lang='lat' dir='ltr'>potest,</span> <span class='ocrx_word' id='word_1_40' title='bbox 777 1265 892 1310; x_wconf 83' lang='lat' dir='ltr'>Tiberius</span> <span class='ocrx_word' id='word_1_41' title='bbox 912 1281 941 1310; x_wconf 82' lang='lat' dir='ltr'>so</span> <span class='ocrx_word' id='word_1_42' title='bbox 962 1265 1036 1310; x_wconf 78' lang='lat' dir='ltr'>Cuius</span> <span class='ocrx_word' id='word_1_43' title='bbox 1057 1265 1181 1311; x_wconf 71' lang='lat' dir='ltr'>Gracchus</span> <span class='ocrx_word' id='word_1_44' title='bbox 1205 1265 1238 1310; x_wconf 93' lang='lat' dir='ltr'>sit</span> <span class='ocrx_word' id='word_1_45' title='bbox 1262 1267 1297 1310; x_wconf 89' lang='lat' dir='ltr'>in·</span> 
     </span>
     <span class='ocr_line' id='line_1_8' title="bbox 320 1354 1297 1416; baseline -0.004 -14"><span class='ocrx_word' id='word_1_46' title='bbox 320 1357 472 1416; x_wconf 78' lang='lat' dir='ltr'>telligendus.</span> <span class='ocrx_word' id='word_1_47' title='bbox 511 1357 556 1400; x_wconf 86' lang='lat' dir='ltr'>Sed</span> <span class='ocrx_word' id='word_1_48' title='bbox 579 1370 631 1400; x_wconf 84' lang='lat' dir='ltr'>rum</span> <span class='ocrx_word' id='word_1_49' title='bbox 655 1360 764 1413; x_wconf 82' lang='lat' dir='ltr'>constet,</span> <span class='ocrx_word' id='word_1_50' title='bbox 793 1355 822 1398; x_wconf 88' lang='lat' dir='ltr'>C.</span> <span class='ocrx_word' id='word_1_51' title='bbox 847 1355 981 1399; x_wconf 76' lang='lat' dir='ltr'><strong><em>Gracchum</em></strong></span> <span class='ocrx_word' id='word_1_52' title='bbox 1006 1355 1120 1398; x_wconf 70' lang='lat' dir='ltr'>adversus</span> <span class='ocrx_word' id='word_1_53' title='bbox 1143 1354 1297 1400; x_wconf 77' lang='lat' dir='ltr'>&#39;snberoueur</span> 
     </span>
     <span class='ocr_line' id='line_1_9' title="bbox 319 1443 1296 1500; baseline -0.004 -10"><span class='ocrx_word' id='word_1_54' title='bbox 319 1447 407 1490; x_wconf 77' lang='lat' dir='ltr'>dixisse</span> <span class='ocrx_word' id='word_1_55' title='bbox 430 1445 611 1500; x_wconf 68' lang='lat' dir='ltr'>orationemque</span> <span class='ocrx_word' id='word_1_56' title='bbox 636 1458 702 1487; x_wconf 82' lang='lat' dir='ltr'>sumn</span> <span class='ocrx_word' id='word_1_57' title='bbox 728 1444 831 1498; x_wconf 82' lang='lat' dir='ltr'>posteris</span> <span class='ocrx_word' id='word_1_58' title='bbox 856 1444 1001 1500; x_wconf 72' lang='lat' dir='ltr'>reliquisse,</span> <span class='ocrx_word' id='word_1_59' title='bbox 1032 1443 1107 1486; x_wconf 76' lang='lat' dir='ltr'>setius</span> <span class='ocrx_word' id='word_1_60' title='bbox 1130 1443 1176 1486; x_wconf 89' lang='lat' dir='ltr'>erit</span> <span class='ocrx_word' id='word_1_61' title='bbox 1198 1447 1296 1496; x_wconf 74' lang='lat' dir='ltr'>putore,</span> 
     </span>
     <span class='ocr_line' id='line_1_10' title="bbox 320 1530 1297 1588; baseline -0.004 -10"><span class='ocrx_word' id='word_1_62' title='bbox 320 1535 474 1578; x_wconf 79' lang='lat' dir='ltr'>&#39;luberonem</span> <span class='ocrx_word' id='word_1_63' title='bbox 494 1546 587 1588; x_wconf 82' lang='lat' dir='ltr'>quoque</span> <span class='ocrx_word' id='word_1_64' title='bbox 606 1537 688 1575; x_wconf 78' lang='lat' dir='ltr'>contro</span> <span class='ocrx_word' id='word_1_65' title='bbox 706 1531 735 1574; x_wconf 89' lang='lat' dir='ltr'>C.</span> <span class='ocrx_word' id='word_1_66' title='bbox 751 1531 885 1576; x_wconf 69' lang='lat' dir='ltr'>Gracchum</span> <span class='ocrx_word' id='word_1_67' title='bbox 907 1535 1029 1574; x_wconf 74' lang='lat' dir='ltr'>orationes</span> <span class='ocrx_word' id='word_1_68' title='bbox 1046 1531 1167 1574; x_wconf 73' lang='lat' dir='ltr'>habuisse.</span> <span class='ocrx_word' id='word_1_69' title='bbox 1196 1530 1297 1588; x_wconf 67' lang='lat' dir='ltr'>Pighius</span> 
     </span>
     <span class='ocr_line' id='line_1_11' title="bbox 320 1614 1292 1676; baseline -0.004 -11"><span class='ocrx_word' id='word_1_70' title='bbox 320 1627 400 1665; x_wconf 74' lang='lat' dir='ltr'>sutem</span> <span class='ocrx_word' id='word_1_71' title='bbox 424 1621 454 1668; x_wconf 84' lang='grc' dir='ltr'>Τ,</span> <span class='ocrx_word' id='word_1_72' title='bbox 469 1615 493 1662; x_wconf 83' lang='grc'>3.</span> <span class='ocrx_word' id='word_1_73' title='bbox 511 1633 537 1675; x_wconf 78' lang='lat' dir='ltr'>p.</span> <span class='ocrx_word' id='word_1_74' title='bbox 556 1614 580 1662; x_wconf 88' lang='grc'>6.</span> <span class='ocrx_word' id='word_1_75' title='bbox 600 1619 725 1662; x_wconf 85' lang='lat' dir='ltr'>&#39;l&#39;iberium</span> <span class='ocrx_word' id='word_1_76' title='bbox 745 1620 872 1676; x_wconf 73' lang='lat' dir='ltr'>iutelligit:</span> <span class='ocrx_word' id='word_1_77' title='bbox 894 1620 951 1662; x_wconf 89' lang='lat' dir='ltr'>item</span> <span class='ocrx_word' id='word_1_78' title='bbox 964 1618 1070 1663; x_wconf 86' lang='lat' dir='ltr'>Orellius</span> <span class='ocrx_word' id='word_1_79' title='bbox 1090 1621 1112 1661; x_wconf 90' lang='lat' dir='ltr'>in</span> <span class='ocrx_word' id='word_1_80' title='bbox 1127 1618 1292 1662; x_wconf 77' lang='lat' dir='ltr'>Onornestiro.</span> 
     </span>
     <span class='ocr_line' id='line_1_12' title="bbox 318 1701 1107 1765; baseline 0 -13"><span class='ocrx_word' id='word_1_81' title='bbox 318 1711 381 1752; x_wconf 79' lang='lat' dir='ltr'>Vide</span> <span class='ocrx_word' id='word_1_82' title='bbox 404 1706 474 1751; x_wconf 77' lang='lat' dir='ltr'>Oret.</span> <span class='ocrx_word' id='word_1_83' title='bbox 495 1703 521 1750; x_wconf 79' lang='lat'>0.</span> <span class='ocrx_word' id='word_1_84' title='bbox 543 1702 656 1750; x_wconf 72' lang='lat' dir='ltr'>Gracchi</span> <span class='ocrx_word' id='word_1_85' title='bbox 674 1706 797 1750; x_wconf 79' lang='lat' dir='ltr'>adversus</span> <span class='ocrx_word' id='word_1_86' title='bbox 818 1703 984 1765; x_wconf 71' lang='lat' dir='ltr'><strong><em>Tuberonum,</em></strong></span> <span class='ocrx_word' id='word_1_87' title='bbox 1004 1721 1026 1762; x_wconf 82' lang='lat' dir='ltr'>p.</span> <span class='ocrx_word' id='word_1_88' title='bbox 1049 1701 1107 1752; x_wconf 77' lang='lat' dir='ltr'>2l0.</span> 
     </span>
    </p>
   </div>
   <div class='ocr_carea' id='block_1_4' title="bbox 512 1937 1030 1996">
    <p class='ocr_par' dir='ltr' id='par_1_5' title="bbox 512 1937 1030 1996">
     <span class='ocr_line' id='line_1_13' title="bbox 512 1937 1030 1996; baseline 0 -2"><span class='ocrx_word' id='word_1_89' title='bbox 512 1937 661 1994; x_wconf 83' lang='lat' dir='ltr'>XXXVlI.</span> <span class='ocrx_word' id='word_1_90' title='bbox 705 1937 731 1995; x_wconf 82' lang='lat' dir='ltr'>C.</span> <span class='ocrx_word' id='word_1_91' title='bbox 756 1937 916 1996; x_wconf 86' lang='lat' dir='ltr'>Scribonius</span> <span class='ocrx_word' id='word_1_92' title='bbox 938 1937 1030 1996; x_wconf 86' lang='lat' dir='ltr'>Curio.</span> 
     </span>
    </p>
   </div>
   <div class='ocr_carea' id='block_1_5' title="bbox 229 2086 1296 2768">
    <p class='ocr_par' dir='ltr' id='par_1_6' title="bbox 229 2086 1295 2373">
     <span class='ocr_line' id='line_1_14' title="bbox 312 2086 1295 2174; baseline -0.002 -22"><span class='ocrx_word' id='word_1_93' title='bbox 312 2088 450 2172; x_wconf 78' lang='lat' dir='ltr'>Pighius</span> <span class='ocrx_word' id='word_1_94' title='bbox 467 2087 594 2162; x_wconf 80' lang='lat' dir='ltr'>scribit,</span> <span class='ocrx_word' id='word_1_95' title='bbox 616 2086 657 2152; x_wconf 88' lang='lat' dir='ltr'>C.</span> <span class='ocrx_word' id='word_1_96' title='bbox 676 2087 880 2152; x_wconf 92' lang='lat' dir='ltr'>Scribonium</span> <span class='ocrx_word' id='word_1_97' title='bbox 902 2087 1076 2153; x_wconf 81' lang='lat' dir='ltr'>Curionem</span> <span class='ocrx_word' id='word_1_98' title='bbox 1093 2100 1295 2174; x_wconf 82' lang='lat' dir='ltr'>quaestorem</span> 
     </span>
     <span class='ocr_line' id='line_1_15' title="bbox 247 2188 1295 2274; baseline -0.003 -19"><span class='ocrx_word' id='word_1_99' title='bbox 247 2190 347 2255; x_wconf 83' lang='lat' dir='ltr'>fuisse</span> <span class='ocrx_word' id='word_1_100' title='bbox 368 2213 398 2253; x_wconf 88' lang='lat' dir='ltr'>a.</span> <span class='ocrx_word' id='word_1_101' title='bbox 419 2192 478 2253; x_wconf 90' lang='grc'>691</span> <span class='ocrx_word' id='word_1_102' title='bbox 501 2188 606 2274; x_wconf 87' lang='grc'><strong>(133),</strong></span> <span class='ocrx_word' id='word_1_103' title='bbox 631 2189 765 2253; x_wconf 83' lang='lat' dir='ltr'>aedilem</span> <span class='ocrx_word' id='word_1_104' title='bbox 784 2191 830 2273; x_wconf 90' lang='lat' dir='ltr'>pl.</span> <span class='ocrx_word' id='word_1_105' title='bbox 852 2213 882 2254; x_wconf 85' lang='lat' dir='ltr'>a.</span> <span class='ocrx_word' id='word_1_106' title='bbox 900 2192 961 2254; x_wconf 89' lang='grc'>699</span> <span class='ocrx_word' id='word_1_107' title='bbox 983 2192 1088 2272; x_wconf 86' lang='grc'><strong>(196),</strong></span> <span class='ocrx_word' id='word_1_108' title='bbox 1112 2202 1295 2274; x_wconf 78' lang='lat' dir='ltr'>praetorem</span> 
     </span>
     <span class='ocr_line' id='line_1_16' title="bbox 229 2294 479 2373; baseline 0 -17"><span class='ocrx_word' id='word_1_109' title='bbox 229 2315 278 2358; x_wconf 83' lang='lat' dir='ltr'>·a.</span> <span class='ocrx_word' id='word_1_110' title='bbox 296 2294 356 2356; x_wconf 89' lang='grc'>639</span> <span class='ocrx_word' id='word_1_111' title='bbox 377 2295 479 2373; x_wconf 89' lang='grc'><strong>(199).</strong></span> 
     </span>
    </p>

    <p class='ocr_par' dir='ltr' id='par_1_7' title="bbox 246 2395 1296 2768">
     <span class='ocr_line' id='line_1_17' title="bbox 314 2395 1295 2472; baseline 0.001 -14"><span class='ocrx_word' id='word_1_112' title='bbox 314 2397 351 2458; x_wconf 93' lang='lat' dir='ltr'>ln</span> <span class='ocrx_word' id='word_1_113' title='bbox 380 2395 591 2460; x_wconf 85' lang='lat' dir='ltr'>Onomastico</span> <span class='ocrx_word' id='word_1_114' title='bbox 617 2395 768 2460; x_wconf 84' lang='lat' dir='ltr'>Tulliano</span> <span class='ocrx_word' id='word_1_115' title='bbox 796 2397 886 2460; x_wconf 89' lang='lat' dir='ltr'>locus</span> <span class='ocrx_word' id='word_1_116' title='bbox 908 2396 982 2462; x_wconf 90' lang='lat' dir='ltr'>Cic.</span> <span class='ocrx_word' id='word_1_117' title='bbox 1007 2400 1044 2462; x_wconf 88' lang='lat' dir='ltr'>de</span> <span class='ocrx_word' id='word_1_118' title='bbox 1071 2398 1165 2461; x_wconf 84' lang='lat' dir='ltr'>Orat.</span> <span class='ocrx_word' id='word_1_119' title='bbox 1191 2397 1226 2472; x_wconf 85' lang='grc'>9,</span> <span class='ocrx_word' id='word_1_120' title='bbox 1244 2397 1295 2470; x_wconf 89' lang='grc'>93,</span> 
     </span>
     <span class='ocr_line' id='line_1_18' title="bbox 247 2497 1296 2583; baseline -0.002 -21"><span class='ocrx_word' id='word_1_121' title='bbox 247 2499 300 2562; x_wconf 80' lang='grc'>98.</span> <span class='ocrx_word' id='word_1_122' title='bbox 329 2497 384 2560; x_wconf 92' lang='lat' dir='ltr'>ubi</span> <span class='ocrx_word' id='word_1_123' title='bbox 415 2497 518 2563; x_wconf 90' lang='lat' dir='ltr'>Curio</span> <span class='ocrx_word' id='word_1_124' title='bbox 549 2499 689 2583; x_wconf 83' lang='lat' dir='ltr'>aequalis</span> <span class='ocrx_word' id='word_1_125' title='bbox 722 2498 763 2564; x_wconf 88' lang='lat' dir='ltr'>C.</span> <span class='ocrx_word' id='word_1_126' title='bbox 790 2499 865 2563; x_wconf 91' lang='lat' dir='ltr'>Iulii</span> <span class='ocrx_word' id='word_1_127' title='bbox 894 2499 1041 2564; x_wconf 81' lang='lat' dir='ltr'>Caesaris</span> <span class='ocrx_word' id='word_1_128' title='bbox 1072 2499 1242 2562; x_wconf 84' lang='lat' dir='ltr'>Strabonis</span> <span class='ocrx_word' id='word_1_129' title='bbox 1264 2507 1296 2560; x_wconf 87' lang='lat' dir='ltr'>et</span> 
     </span>
     <span class='ocr_line' id='line_1_19' title="bbox 248 2600 1296 2674; baseline -0.003 -9"><span class='ocrx_word' id='word_1_130' title='bbox 248 2600 364 2665; x_wconf 86' lang='lat' dir='ltr'>Cottae</span> <span class='ocrx_word' id='word_1_131' title='bbox 387 2601 521 2674; x_wconf 87' lang='lat' dir='ltr'>dicitur,</span> <span class='ocrx_word' id='word_1_132' title='bbox 545 2623 658 2666; x_wconf 87' lang='lat' dir='ltr'>errore</span> <span class='ocrx_word' id='word_1_133' title='bbox 682 2602 756 2664; x_wconf 90' lang='lat' dir='ltr'>huic</span> <span class='ocrx_word' id='word_1_134' title='bbox 783 2600 920 2666; x_wconf 89' lang='lat' dir='ltr'>Curioni</span> <span class='ocrx_word' id='word_1_135' title='bbox 941 2601 1112 2666; x_wconf 87' lang='lat' dir='ltr'>tribuitur:</span> <span class='ocrx_word' id='word_1_136' title='bbox 1138 2605 1177 2664; x_wconf 88' lang='lat' dir='ltr'>ad</span> <span class='ocrx_word' id='word_1_137' title='bbox 1194 2600 1296 2664; x_wconf 88' lang='lat' dir='ltr'>filium</span> 
     </span>
     <span class='ocr_line' id='line_1_20' title="bbox 246 2702 717 2768; baseline 0 -2"><span class='ocrx_word' id='word_1_138' title='bbox 246 2702 327 2766; x_wconf 86' lang='lat' dir='ltr'>enirn</span> <span class='ocrx_word' id='word_1_139' title='bbox 357 2703 423 2766; x_wconf 88' lang='lat' dir='ltr'>eius</span> <span class='ocrx_word' id='word_1_140' title='bbox 446 2703 632 2767; x_wconf 79' lang='lat' dir='ltr'>referendus</span> <span class='ocrx_word' id='word_1_141' title='bbox 658 2717 717 2768; x_wconf 86' lang='lat' dir='ltr'>est.</span> 
     </span>
    </p>
   </div>
   <div class='ocr_carea' id='block_1_6' title="bbox 250 2831 1295 3020">
    <p class='ocr_par' dir='ltr' id='par_1_8' title="bbox 250 2831 1295 3020">
     <span class='ocr_line' id='line_1_21' title="bbox 312 2831 1295 2920; baseline -0.002 -24"><span class='ocrx_word' id='word_1_142' title='bbox 312 2831 435 2896; x_wconf 91' lang='lat' dir='ltr'>Plinius</span> <span class='ocrx_word' id='word_1_143' title='bbox 461 2831 549 2896; x_wconf 90' lang='lat' dir='ltr'>Hist.</span> <span class='ocrx_word' id='word_1_144' title='bbox 578 2837 614 2909; x_wconf 82' lang='lat'>7,</span> <span class='ocrx_word' id='word_1_145' title='bbox 644 2835 696 2896; x_wconf 80' lang='lat' dir='ltr'>bl.</span> <span class='ocrx_word' id='word_1_146' title='bbox 743 2836 819 2896; x_wconf 86' lang='lat' dir='ltr'>Uno</span> <span class='ocrx_word' id='word_1_147' title='bbox 840 2831 986 2920; x_wconf 83' lang='lat' dir='ltr'>familia</span> <span class='ocrx_word' id='word_1_148' title='bbox 1016 2835 1226 2909; x_wconf 86' lang='lat' dir='ltr'>Curionum,</span> <span class='ocrx_word' id='word_1_149' title='bbox 1258 2833 1295 2895; x_wconf 89' lang='lat' dir='ltr'>in</span> 
     </span>
     <span class='ocr_line' id='line_1_22' title="bbox 250 2936 1124 3020; baseline 0 -22"><span class='ocrx_word' id='word_1_150' title='bbox 250 2955 319 3020; x_wconf 83' lang='lat' dir='ltr'>qua</span> <span class='ocrx_word' id='word_1_151' title='bbox 341 2947 413 2997; x_wconf 84' lang='lat' dir='ltr'>tres</span> <span class='ocrx_word' id='word_1_152' title='bbox 438 2936 602 3000; x_wconf 86' lang='lat' dir='ltr'>continuo</span> <span class='ocrx_word' id='word_1_153' title='bbox 626 2937 714 2998; x_wconf 82' lang='lat' dir='ltr'>serie</span> <span class='ocrx_word' id='word_1_154' title='bbox 740 2949 896 2999; x_wconf 85' lang='lat' dir='ltr'>oratores</span> <span class='ocrx_word' id='word_1_155' title='bbox 920 2938 1124 3000; x_wconf 77' lang='lat' dir='ltr'>extiterunt.</span> 
     </span>
    </p>
   </div>
   <div class='ocr_carea' id='block_1_7' title="bbox 238 3051 1295 3965">
    <p class='ocr_par' dir='ltr' id='par_1_9' title="bbox 238 3051 1295 3965">
     <span class='ocr_line' id='line_1_23' title="bbox 312 3051 1295 3148; baseline -0.002 -29"><span class='ocrx_word' id='word_1_156' title='bbox 312 3053 432 3119; x_wconf 86' lang='lat' dir='ltr'>Cicero</span> <span class='ocrx_word' id='word_1_157' title='bbox 456 3057 558 3120; x_wconf 88' lang='lat' dir='ltr'>Bruto</span> <span class='ocrx_word' id='word_1_158' title='bbox 582 3057 635 3119; x_wconf 84' lang='grc'>39.</span> <span class='ocrx_word' id='word_1_159' title='bbox 670 3058 776 3122; x_wconf 86' lang='lat' dir='ltr'>Curio</span> <span class='ocrx_word' id='word_1_160' title='bbox 791 3053 877 3147; x_wconf 90' lang='lat' dir='ltr'>fuit</span> <span class='ocrx_word' id='word_1_161' title='bbox 898 3058 1051 3120; x_wconf 84' lang='lat' dir='ltr'>eiusdem</span> <span class='ocrx_word' id='word_1_162' title='bbox 1075 3051 1295 3148; x_wconf 79' lang='lat' dir='ltr'>aetatisfer·e</span> 
     </span>
     <span class='ocr_line' id='line_1_24' title="bbox 246 3155 1295 3242; baseline 0 -23"><span class='ocrx_word' id='word_1_163' title='bbox 246 3155 337 3242; x_wconf 89' lang='lat' dir='ltr'>(cum</span> <span class='ocrx_word' id='word_1_164' title='bbox 362 3155 404 3221; x_wconf 90' lang='lat' dir='ltr'>C.</span> <span class='ocrx_word' id='word_1_165' title='bbox 429 3157 597 3233; x_wconf 84' lang='lat' dir='ltr'><strong><em>Graccho,</em></strong></span> <span class='ocrx_word' id='word_1_166' title='bbox 621 3159 673 3221; x_wconf 91' lang='lat' dir='ltr'>M.</span> <span class='ocrx_word' id='word_1_167' title='bbox 700 3162 843 3234; x_wconf 82' lang='lat' dir='ltr'>Scauro,</span> <span class='ocrx_word' id='word_1_168' title='bbox 868 3159 909 3223; x_wconf 93' lang='grc' dir='ltr'>Ρ.</span> <span class='ocrx_word' id='word_1_169' title='bbox 934 3157 1081 3237; x_wconf 86' lang='lat' dir='ltr'>Rutilio)</span> <span class='ocrx_word' id='word_1_170' title='bbox 1114 3181 1197 3222; x_wconf 84' lang='lat' dir='ltr'>sane</span> <span class='ocrx_word' id='word_1_171' title='bbox 1217 3159 1295 3222; x_wconf 85' lang='lat' dir='ltr'>ittn-</span> 
     </span>
     <span class='ocr_line' id='line_1_25' title="bbox 244 3260 1293 3345; baseline -0.001 -22"><span class='ocrx_word' id='word_1_172' title='bbox 244 3260 328 3323; x_wconf 90' lang='lat' dir='ltr'>stris</span> <span class='ocrx_word' id='word_1_173' title='bbox 354 3271 497 3334; x_wconf 88' lang='lat' dir='ltr'>orator,</span> <span class='ocrx_word' id='word_1_174' title='bbox 527 3261 625 3324; x_wconf 90' lang='lat' dir='ltr'>cuius</span> <span class='ocrx_word' id='word_1_175' title='bbox 652 3262 693 3322; x_wconf 87' lang='lat' dir='ltr'>de</span> <span class='ocrx_word' id='word_1_176' title='bbox 722 3261 861 3345; x_wconf 78' lang='lat' dir='ltr'>ingenio</span> <span class='ocrx_word' id='word_1_177' title='bbox 892 3285 938 3323; x_wconf 82' lang='lat' dir='ltr'>ex</span> <span class='ocrx_word' id='word_1_178' title='bbox 969 3262 1184 3324; x_wconf 88' lang='lat' dir='ltr'>orationibus</span> <span class='ocrx_word' id='word_1_179' title='bbox 1218 3261 1293 3323; x_wconf 87' lang='lat' dir='ltr'>eius</span> 
     </span>
     <span class='ocr_line' id='line_1_26' title="bbox 244 3361 1295 3445; baseline -0.001 -20"><span class='ocrx_word' id='word_1_180' title='bbox 244 3361 444 3425; x_wconf 84' lang='lat' dir='ltr'>existimari</span> <span class='ocrx_word' id='word_1_181' title='bbox 465 3375 592 3445; x_wconf 82' lang='lat' dir='ltr'>potest.</span> <span class='ocrx_word' id='word_1_182' title='bbox 639 3367 726 3426; x_wconf 85' lang='lat' dir='ltr'>Sunt</span> <span class='ocrx_word' id='word_1_183' title='bbox 751 3363 896 3427; x_wconf 84' lang='lat' dir='ltr'>enimet</span> <span class='ocrx_word' id='word_1_184' title='bbox 920 3363 1010 3425; x_wconf 86' lang='lat' dir='ltr'>oliae</span> <span class='ocrx_word' id='word_1_185' title='bbox 1031 3375 1065 3424; x_wconf 86' lang='lat' dir='ltr'>et</span> <span class='ocrx_word' id='word_1_186' title='bbox 1085 3384 1152 3444; x_wconf 82' lang='lat' dir='ltr'>pro</span> <span class='ocrx_word' id='word_1_187' title='bbox 1175 3362 1295 3426; x_wconf 85' lang='lat' dir='ltr'>Servio</span> 
     </span>
     <span class='ocr_line' id='line_1_27' title="bbox 244 3464 1294 3546; baseline -0.004 -17"><span class='ocrx_word' id='word_1_188' title='bbox 244 3467 361 3529; x_wconf 81' lang='lat' dir='ltr'>Fuluio</span> <span class='ocrx_word' id='word_1_189' title='bbox 383 3465 424 3528; x_wconf 84' lang='lat' dir='ltr'>de</span> <span class='ocrx_word' id='word_1_190' title='bbox 448 3466 580 3528; x_wconf 86' lang='lat' dir='ltr'>incestu</span> <span class='ocrx_word' id='word_1_191' title='bbox 604 3466 728 3529; x_wconf 90' lang='lat' dir='ltr'>nobilis</span> <span class='ocrx_word' id='word_1_192' title='bbox 752 3466 878 3530; x_wconf 81' lang='lat' dir='ltr'>oratio.</span> <span class='ocrx_word' id='word_1_193' title='bbox 923 3464 1068 3546; x_wconf 76' lang='lat' dir='ltr'>Scripsit</span> <span class='ocrx_word' id='word_1_194' title='bbox 1091 3464 1196 3527; x_wconf 86' lang='lat' dir='ltr'>etiam</span> <span class='ocrx_word' id='word_1_195' title='bbox 1222 3464 1294 3526; x_wconf 86' lang='lat' dir='ltr'>olio</span> 
     </span>
     <span class='ocr_line' id='line_1_28' title="bbox 244 3567 1294 3644; baseline 0.001 -16"><span class='ocrx_word' id='word_1_196' title='bbox 244 3570 426 3643; x_wconf 87' lang='lat' dir='ltr'>nonnulla,</span> <span class='ocrx_word' id='word_1_197' title='bbox 452 3579 485 3630; x_wconf 85' lang='lat' dir='ltr'>et</span> <span class='ocrx_word' id='word_1_198' title='bbox 509 3570 618 3629; x_wconf 86' lang='lat' dir='ltr'>multo</span> <span class='ocrx_word' id='word_1_199' title='bbox 644 3567 754 3644; x_wconf 82' lang='lat' dir='ltr'>dixit,</span> <span class='ocrx_word' id='word_1_200' title='bbox 779 3580 812 3631; x_wconf 85' lang='lat' dir='ltr'>et</span> <span class='ocrx_word' id='word_1_201' title='bbox 834 3567 1006 3642; x_wconf 83' lang='lat' dir='ltr'>illustria,</span> <span class='ocrx_word' id='word_1_202' title='bbox 1032 3579 1066 3630; x_wconf 86' lang='lat' dir='ltr'>et</span> <span class='ocrx_word' id='word_1_203' title='bbox 1087 3567 1123 3629; x_wconf 91' lang='lat' dir='ltr'>in</span> <span class='ocrx_word' id='word_1_204' title='bbox 1149 3587 1294 3630; x_wconf 87' lang='lat' dir='ltr'>numero</span> 
     </span>
     <span class='ocr_line' id='line_1_29' title="bbox 238 3667 1293 3757; baseline -0.003 -25"><span class='ocrx_word' id='word_1_205' title='bbox 238 3682 472 3753; x_wconf 78' lang='lat' dir='ltr'>patronorum</span> <span class='ocrx_word' id='word_1_206' title='bbox 481 3667 586 3757; x_wconf 85' lang='lat' dir='ltr'>fuit,</span> <span class='ocrx_word' id='word_1_207' title='bbox 613 3682 651 3730; x_wconf 89' lang='lat' dir='ltr'>ut</span> <span class='ocrx_word' id='word_1_208' title='bbox 675 3692 753 3732; x_wconf 91' lang='lat' dir='ltr'>eum</span> <span class='ocrx_word' id='word_1_209' title='bbox 775 3671 898 3748; x_wconf 84' lang='lat' dir='ltr'>mirer,</span> <span class='ocrx_word' id='word_1_210' title='bbox 923 3693 1001 3733; x_wconf 89' lang='lat' dir='ltr'>cum</span> <span class='ocrx_word' id='word_1_211' title='bbox 1023 3683 1056 3732; x_wconf 82' lang='lat' dir='ltr'>ct</span> <span class='ocrx_word' id='word_1_212' title='bbox 1078 3670 1149 3733; x_wconf 86' lang='lat' dir='ltr'>vito</span> <span class='ocrx_word' id='word_1_213' title='bbox 1169 3691 1293 3752; x_wconf 81' lang='lat' dir='ltr'>suppo-</span> 
     </span>
     <span class='ocr_line' id='line_1_30' title="bbox 243 3771 1294 3859; baseline -0.004 -24"><span class='ocrx_word' id='word_1_214' title='bbox 243 3771 446 3846; x_wconf 84' lang='lat' dir='ltr'>ditaoisset,</span> <span class='ocrx_word' id='word_1_215' title='bbox 481 3783 514 3834; x_wconf 84' lang='lat' dir='ltr'>ct</span> <span class='ocrx_word' id='word_1_216' title='bbox 542 3771 706 3854; x_wconf 83' lang='lat' dir='ltr'>splendor</span> <span class='ocrx_word' id='word_1_217' title='bbox 733 3773 765 3834; x_wconf 89' lang='lat' dir='ltr'>ei</span> <span class='ocrx_word' id='word_1_218' title='bbox 793 3793 861 3835; x_wconf 92' lang='lat' dir='ltr'>non</span> <span class='ocrx_word' id='word_1_219' title='bbox 888 3771 1086 3859; x_wconf 71' lang='lat' dir='ltr'>defuisset,</span> <span class='ocrx_word' id='word_1_220' title='bbox 1120 3773 1294 3834; x_wconf 85' lang='lat' dir='ltr'>consulem</span> 
     </span>
     <span class='ocr_line' id='line_1_31' title="bbox 244 3873 469 3965; baseline 0 -29"><span class='ocrx_word' id='word_1_221' title='bbox 244 3895 312 3938; x_wconf 88' lang='lat' dir='ltr'>non</span> <span class='ocrx_word' id='word_1_222' title='bbox 329 3873 469 3965; x_wconf 79' lang='lat' dir='ltr'>fuisse.</span> 
     </span>
    </p>
   </div>
   <div class='ocr_carea' id='block_1_8' title="bbox 244 3993 1293 4382">
    <p class='ocr_par' dir='ltr' id='par_1_10' title="bbox 244 3993 1293 4382">
     <span class='ocr_line' id='line_1_32' title="bbox 309 3993 1293 4076; baseline -0.002 -19"><span class='ocrx_word' id='word_1_223' title='bbox 309 3996 428 4057; x_wconf 85' lang='lat' dir='ltr'>Seneca</span> <span class='ocrx_word' id='word_1_224' title='bbox 456 3993 559 4075; x_wconf 87' lang='lat' dir='ltr'>Epist.</span> <span class='ocrx_word' id='word_1_225' title='bbox 587 3995 662 4058; x_wconf 83' lang='grc'><strong>111.</strong></span> <span class='ocrx_word' id='word_1_226' title='bbox 707 3996 816 4058; x_wconf 84' lang='lat' dir='ltr'>Multi</span> <span class='ocrx_word' id='word_1_227' title='bbox 838 4019 884 4059; x_wconf 81' lang='lat' dir='ltr'><strong><em>cx</em></strong></span> <span class='ocrx_word' id='word_1_228' title='bbox 903 3997 1016 4058; x_wconf 83' lang='lat' dir='ltr'>alieno</span> <span class='ocrx_word' id='word_1_229' title='bbox 1036 3998 1150 4058; x_wconf 85' lang='lat' dir='ltr'>seculo</span> <span class='ocrx_word' id='word_1_230' title='bbox 1170 4004 1293 4076; x_wconf 83' lang='lat' dir='ltr'>petunt</span> 
     </span>
     <span class='ocr_line' id='line_1_33' title="bbox 244 4094 1293 4181; baseline -0.001 -24"><span class='ocrx_word' id='word_1_231' title='bbox 244 4097 368 4174; x_wconf 86' lang='lat' dir='ltr'>verba,</span> <span class='ocrx_word' id='word_1_232' title='bbox 402 4094 582 4160; x_wconf 80' lang='lat' dir='ltr'>duodecim</span> <span class='ocrx_word' id='word_1_233' title='bbox 611 4097 745 4160; x_wconf 83' lang='lat' dir='ltr'>tubulos</span> <span class='ocrx_word' id='word_1_234' title='bbox 771 4100 981 4181; x_wconf 82' lang='lat' dir='ltr'>loquuntur,</span> <span class='ocrx_word' id='word_1_235' title='bbox 1014 4099 1192 4162; x_wconf 80' lang='lat' dir='ltr'>Gracchus</span> <span class='ocrx_word' id='word_1_236' title='bbox 1224 4094 1293 4176; x_wconf 83' lang='lat' dir='ltr'>illis</span> 
     </span>
     <span class='ocr_line' id='line_1_34' title="bbox 246 4196 1293 4265; baseline -0.001 -7"><span class='ocrx_word' id='word_1_237' title='bbox 246 4209 278 4260; x_wconf 82' lang='lat' dir='ltr'>et</span> <span class='ocrx_word' id='word_1_238' title='bbox 297 4201 446 4263; x_wconf 86' lang='lat' dir='ltr'>Crassus</span> <span class='ocrx_word' id='word_1_239' title='bbox 467 4211 499 4262; x_wconf 85' lang='lat' dir='ltr'>et</span> <span class='ocrx_word' id='word_1_240' title='bbox 519 4201 626 4265; x_wconf 86' lang='lat' dir='ltr'>Curio</span> <span class='ocrx_word' id='word_1_241' title='bbox 650 4197 754 4262; x_wconf 89' lang='lat' dir='ltr'>nimis</span> <span class='ocrx_word' id='word_1_242' title='bbox 780 4201 863 4262; x_wconf 87' lang='lat' dir='ltr'>culti</span> <span class='ocrx_word' id='word_1_243' title='bbox 887 4212 921 4264; x_wconf 81' lang='lat' dir='ltr'>ct</span> <span class='ocrx_word' id='word_1_244' title='bbox 943 4211 1096 4262; x_wconf 85' lang='lat' dir='ltr'>recentes</span> <span class='ocrx_word' id='word_1_245' title='bbox 1121 4209 1218 4262; x_wconf 87' lang='lat' dir='ltr'>sunt:</span> <span class='ocrx_word' id='word_1_246' title='bbox 1246 4196 1293 4260; x_wconf 86' lang='lat' dir='ltr'>od</span> 
     </span>
     <span class='ocr_line' id='line_1_35' title="bbox 246 4300 1107 4382; baseline -0.001 -19"><span class='ocrx_word' id='word_1_247' title='bbox 246 4300 396 4381; x_wconf 77' lang='lat' dir='ltr'>Appium</span> <span class='ocrx_word' id='word_1_248' title='bbox 420 4321 524 4382; x_wconf 77' lang='lat' dir='ltr'>usquc</span> <span class='ocrx_word' id='word_1_249' title='bbox 546 4315 579 4364; x_wconf 85' lang='lat' dir='ltr'>ct</span> <span class='ocrx_word' id='word_1_250' title='bbox 601 4302 649 4364; x_wconf 83' lang='lat' dir='ltr'>ad</span> <span class='ocrx_word' id='word_1_251' title='bbox 670 4301 924 4366; x_wconf 81' lang='lat' dir='ltr'>Coruncanium</span> <span class='ocrx_word' id='word_1_252' title='bbox 950 4301 1107 4364; x_wconf 81' lang='lat' dir='ltr'>redeunt.</span> 
     </span>
    </p>
   </div>
   <div class='ocr_carea' id='block_1_9' title="bbox 0 0 1500 4840">
    <p class='ocr_par' dir='ltr' id='par_1_11' title="bbox 0 0 1500 4840">
     <span class='ocr_line' id='line_1_36' title="bbox 0 0 1500 4840; baseline 0 2"><span class='ocrx_word' id='word_1_253' title='bbox 0 0 1500 4840; x_wconf 95' lang='lat' dir='ltr'> </span> 
     </span>
    </p>
   </div>
  </div>
 </body>
</html>
