2966 4842
233 359 294 420 iso

234 527 364 579 ceteros
379 515 422 576 ab
436 517 497 576 hoe
518 533 593 576 meo
613 513 741 576 iudicio
762 515 877 577 video:
893 525 1019 596 quotus
1042 513 1132 574 enim
1152 514 1292 597 quisque

234 617 357 682 Calvi
376 617 417 678 in
442 615 633 679 Asitium
655 627 716 676 aut
742 616 776 676 in
806 619 961 678 Drusum
983 617 1093 698 legit?

269 736 295 776 ia
318 730 438 789 Acilium]
474 734 497 776 iu
523 731 639 776 Actutum
662 733 772 787 Lipsius,
803 747 844 778 uec
865 734 935 776 aliter
954 733 1077 790 Selutttng
1097 729 1167 777 Calui
1190 735 1240 777 isle
1265 735 1292 777 ire

304 819 420 866 Asinium
435 821 453 864 l.
474 834 497 866 e.
517 821 540 864 iu
562 819 669 865 astatum
686 821 838 878 Pollionem,
860 821 922 876 quot
946 821 965 863 si
994 833 1077 864 verum
1103 826 1182 875 esset,
1209 823 1294 866 satem

305 909 459 966 intelligenda
472 909 536 952 foret
546 908 639 962 oratio,
655 922 724 964 quem
741 922 812 962 supra
827 909 951 952 habuimus
965 921 991 962 p.
1003 904 1074 968 tls,
1091 922 1142 966 pro
1160 905 1187 952 0.
1202 905 1294 954 Catone

307 1002 395 1040 contre
419 991 536 1040 Asiniiem
558 994 705 1040 Pollionem.
744 996 887 1040 Therbeclte
911 997 939 1038 (le
961 995 1045 1038 Asinio
1067 995 1178 1040 Pollione
1200 1010 1225 1051 p.
1249 992 1292 1044 79.

308 1081 336 1128 in
354 1079 484 1137 Atidium,
509 1085 527 1127 i.
555 1097 576 1128 c.
604 1083 718 1127 Sabinum
740 1084 849 1127 Asitium
873 1083 995 1127 rhetorem
1018 1076 1119 1141 (Seneca
1139 1084 1240 1128 Sirasor.
1267 1082 1292 1128 2.

309 1185 332 1229 p.
359 1168 413 1219 18.)
451 1171 578 1215 Weicbert
602 1185 696 1228 quoque
720 1186 743 1226 p.
773 1169 831 1214 tlt.
855 1183 940 1214 nornen
970 1175 1109 1225 corruptum
1133 1176 1199 1226 putat
1220 1178 1244 1216 et
1267 1173 1296 1215 in

308 1254 432 1302 Messium
447 1261 573 1317 legendum
589 1261 708 1314 opinetur.
728 1257 763 1314 (tt
785 1257 837 1304 fieri
854 1261 948 1316 nequit,
975 1271 1028 1302 cum
1046 1259 1136 1302 Seneca
1158 1261 1294 1310 tradiderit,

309 1345 408 1388 Calvum
429 1359 478 1402 pro
505 1343 619 1400 Moesia,
650 1361 697 1390 nou
722 1347 748 1390 in
769 1343 895 1390 Messium
918 1342 1031 1400 dixisse.)
1068 1347 1177 1390 Muretus
1205 1349 1297 1402 recepit

313 1447 343 1478 ex
367 1433 421 1477 Cic.
444 1448 483 1484 or.
506 1447 530 1488 p.
554 1432 640 1479 Coelio
655 1449 676 1481 c.
697 1429 737 1478 10.
756 1435 783 1477 in
803 1434 926 1478 Accilium
950 1435 1019 1492 eique
1038 1447 1151 1478 assensus
1171 1439 1206 1478 est
1224 1433 1297 1478 Orel-

315 1524 361 1565 lius
382 1523 404 1565 in
425 1522 545 1565 Adtendis
563 1525 592 1566 acl
613 1522 710 1582 Dialog.
729 1525 757 1567 de
777 1521 922 1566 Oratoribus
938 1536 962 1578 p.
985 1521 1088 1570 vatt.
1114 1523 1154 1565 sed
1175 1523 1237 1566 idem
1260 1523 1297 1565 vir

251 1583 255 1590 .
314 1612 397 1652 doctas
417 1615 499 1664 postea
515 1615 614 1654 testatus
638 1615 688 1662 cst,
713 1613 736 1654 iu
758 1613 868 1654 eratione
883 1624 926 1664 pro
948 1610 1033 1655 Coelio
1055 1623 1102 1653 non
1128 1612 1206 1652 solum
1224 1609 1297 1653 Aeci-

314 1697 375 1740 tium
392 1700 432 1740 sed
450 1698 521 1740 etiam
539 1696 649 1740 Aritium
668 1700 702 1741 rel
716 1697 830 1741 Asisium
845 1699 869 1741 in
887 1711 946 1742 mes.
962 1695 1028 1756 legi;
1048 1700 1126 1754 itaque
1140 1699 1214 1741 satius
1232 1711 1296 1748 esse,

316 1787 338 1826 iu
360 1786 453 1841 vulgata
471 1785 624 1840 acquiescere
643 1786 759 1829 lectione·
801 1785 975 1829 Scburzfleisch
996 1791 1019 1830 et
1038 1787 1161 1832 Heumann
1184 1787 1298 1830 coniicie-

318 1873 375 1914 bant
398 1873 420 1912 in
445 1869 606 1924 Flsminium,
629 1874 657 1916 de
676 1887 722 1928 quo
744 1887 798 1916 mox
817 1875 933 1918 dicemus.

578 1991 605 2047 6.
645 1990 745 2046 Oratio
768 1994 796 2046 iu
825 1993 958 2048 Drusum.

310 2104 353 2183 Q.
376 2102 543 2165 Lucretius
556 2104 695 2166 Drusum
716 2127 802 2167 remu
824 2105 902 2167 lecit
930 2128 959 2167 a.
987 2109 1048 2168 700
1068 2107 1154 2187 (sl),
1185 2119 1218 2167 ut
1241 2103 1300 2169 Ci-

249 2226 325 2269 cero
350 2203 462 2268 scribit
489 2202 520 2267 in
551 2205 658 2287 Epist.
686 2210 725 2268 ad
753 2205 855 2270 Attio.
888 2207 908 2277 l.
938 2211 980 2283 i,
1014 2212 1063 2272 16.
1092 2207 1185 2293 eique
1224 2211 1299 2270 sub·

250 2307 416 2388 scripsisse
449 2305 575 2370 videtur
600 2307 738 2382 Calvus,
771 2309 830 2371 uisi
861 2310 953 2372 aliam
985 2310 1084 2374 mavis
1114 2310 1297 2394 intelligere

250 2432 393 2474 causam:
419 2431 471 2474 res
494 2412 577 2473 euim
603 2411 736 2474 incerta.
783 2411 952 2475 Weichert
976 2435 1010 2494 p.
1044 2415 1115 2475 112.
1163 2415 1301 2486 Drusum

252 2513 475 2577 Pisaurensem
503 2513 652 2595 Pompeii
679 2513 867 2576 familiarem
895 2515 1060 2599 intelligit,
1100 2514 1243 2579 Orellius
1269 2515 1301 2576 in

251 2617 429 2679 Onomast.
454 2614 587 2696 amplius
607 2615 844 2679 deliberandum
868 2628 986 2680 censet.

318 2700 423 2761 Tacit.
452 2700 501 2762 De
532 2700 669 2763 Orator.
696 2703 749 2763 21.
794 2705 870 2784 Ipse
899 2703 982 2763 mihi
1013 2705 1138 2767 Calvus
1173 2703 1233 2764 vix
1267 2704 1303 2762 in

254 2821 324 2862 una
356 2813 389 2862 et
416 2803 528 2863 altera
560 2803 780 2866 oratiuncula
806 2802 997 2895 satisfacit.
1028 2827 1089 2867 nec
1120 2804 1303 2866 dissentire

254 2915 384 2966 eeteros
404 2905 447 2966 ab
464 2905 527 2965 hoe
545 2907 763 2970 meoiudicio
779 2908 895 2970 video:
916 2921 1039 2992 qrcotus
1057 2907 1146 2970 enim
1162 2907 1304 2990 quisque

255 3006 351 3069 Calvi
374 3005 411 3067 in
441 3005 592 3069 Asitium
611 3021 673 3072 aut
698 3011 738 3071 in
763 3013 949 3073 Drusum
971 3011 1107 3093 legit?

605 3151 633 3206 7.
674 3148 774 3206 Oratio
794 3166 846 3220 pro
867 3151 958 3206 Sulla.

320 3255 459 3331 Sullam,
488 3259 637 3323 libertum
664 3263 703 3328 L.
729 3260 878 3325 Cornelii
902 3261 1027 3334 Sullae,
1053 3259 1305 3342 grammaticum,
1368 3332 1370 3341 Ι

257 3359 289 3420 in
321 3380 412 3420 causa
441 3359 566 3424 lorensi
592 3386 608 3425 a
638 3361 743 3426 Calvo
770 3361 930 3423 defensum
959 3361 1072 3424 scribit
1100 3360 1238 3441 Vulpius
1268 3365 1307 3426 ad

259 3460 378 3524 Catulli
399 3484 527 3527 carmen
555 3466 609 3534 tt,
633 3468 680 3526 lt.

408 3567 447 3623 Ni
466 3576 490 3623 te
506 3569 570 3637 ples
591 3567 676 3622 oeulis
699 3569 765 3620 meis
785 3582 926 3628 amarem,

409 3662 603 3718 iucundissime
625 3658 720 3723 Calue,
742 3676 852 3716 inuuere
872 3664 924 3716 iste

412 3757 527 3810 odissem
547 3760 570 3808 te
587 3754 651 3807 edio
676 3753 846 3811 Vatiniana:

408 3863 475 3902 aem
494 3848 561 3915 quiet
579 3849 632 3915 sesi
651 3863 700 3919 eqo
719 3850 786 3918 quid
805 3865 836 3902 ee
855 3865 916 3904 rem
936 3851 1054 3912 loeutus,

344 3943 375 3997 5.
398 3957 447 3995 cur
465 3957 507 3995 me
527 3947 565 3995 tot
584 3942 657 3997 mele
675 3944 802 4012 perderes
820 3944 931 4012 poetis?

410 4036 458 4088 iiis
477 4015 518 4089 esi
538 4036 616 4090 mate
635 4037 723 4091 mure
742 4037 805 4090 aee
819 4037 928 4099 clears,

415 4127 471 4196 Qui
490 4135 596 4184 tentum
616 4130 667 4184 tilii
687 4131 761 4184 misit
781 4131 940 4200 impiorum.

415 4221 495 4289 Quod
514 4225 555 4284 si,
583 4230 613 4278 ut
632 4225 772 4294 impleor,
795 4225 845 4279 boe
863 4239 964 4278 aevum
985 4240 1017 4279 ae
1036 4232 1173 4294 repertum

418 4329 515 4370 munuc
535 4317 654 4383 detriti
674 4314 753 4372 Sella
773 4317 928 4378 litterator,
