2976 4844
274 369 334 430 tat

337 525 460 588 Gellius
488 527 516 600 1,
543 525 595 588 15.
648 528 704 590 Μ.
737 527 824 589 Cato
854 521 1072 588 atrocissimus
1102 523 1324 591 huiuscemodi

275 627 345 689 vitii
375 626 508 705 (stultae
539 640 570 690 ct
598 626 699 690 inanis
731 626 856 690 dicendi
889 625 1020 708 copiae)
1053 626 1232 693 insectator
1261 641 1322 692 est.

274 731 421 814 Namque
445 731 482 792 in
506 730 683 806 oratione,
713 751 800 814 quae
826 729 994 811 inscripta
1019 742 1082 805 est,
1110 730 1149 794 Si
1173 753 1212 794 se
1237 733 1323 796 Coe·

273 835 341 896 lius
367 833 448 896 trib.
473 835 564 915 pleb.
592 835 819 915 appellasset:
862 834 1086 916 Numquam,
1119 833 1180 908 ait,
1212 846 1321 911 tacet,

273 957 374 1020 quem
401 937 541 999 morbus
571 947 664 998 tenet
692 934 871 1019 loquendi,
904 946 1070 1018 tanquam
1106 949 1324 1000 veternosam

278 1039 414 1100 bibendi
440 1051 543 1122 atque
571 1039 774 1101 dormiendi.
817 1038 920 1120 Quod
946 1038 977 1099 si
1002 1059 1071 1100 non
1097 1040 1321 1115 conveniatis,

273 1163 352 1203 cam
374 1142 567 1204 ¹carruccari
593 1142 703 1214 iubet,
732 1141 783 1202 ita
808 1151 860 1201 est
885 1141 1031 1222 cupidus
1056 1142 1249 1215 orationis,
1285 1154 1324 1205 at

272 1244 456 1316 conducat,
485 1244 545 1327 qui
567 1247 757 1306 auscultet:
781 1243 896 1326 itaque
920 1244 1062 1318 creditis,
1091 1265 1161 1307 non
1185 1247 1323 1306 auscul-

274 1347 361 1408 tatis
387 1359 552 1430 tanquam
572 1349 903 1430 pharmacopolam:
931 1366 1013 1407 nam
1039 1346 1113 1408 eius
1138 1347 1239 1409 verba
1261 1369 1324 1408 aa·

273 1449 432 1521 dicantur,
462 1471 580 1510 oerum
606 1450 638 1512 ei
664 1469 699 1510 se
729 1469 828 1510 nemo
853 1449 1047 1521 committit,
1073 1449 1104 1510 si
1128 1471 1234 1531 aeger
1256 1461 1320 1512 est.

272 1551 416 1612 -Idem
442 1555 528 1615 Cato
553 1551 586 1612 iu
611 1555 719 1614 eadem
748 1549 894 1613 oratione
916 1550 1017 1613 eidem
1045 1553 1098 1614 M.
1120 1550 1239 1616 Coelio
1262 1551 1321 1613 tri-

273 1656 361 1715 buno
390 1653 478 1733 plebi
507 1653 660 1716 vilitatem
691 1655 894 1735 opprobrans
917 1675 981 1717 non
1004 1653 1158 1738 loquendi
1183 1665 1319 1729 tantum,

277 1776 386 1816 verum
418 1754 509 1816 etiam
537 1755 683 1819 tacendi:
719 1761 865 1831 FrastO,
899 1756 1021 1841 iuquit,
1044 1757 1149 1839 panis
1175 1757 1320 1820 conclusi

272 1869 406 1940 potest,
436 1861 487 1920 uel
510 1860 562 1921 uti
585 1871 713 1935 taceat,
742 1862 794 1922 vel
818 1861 870 1922 uti
891 1863 1066 1942 loquatur.

310 2028 428 2082 tanquam
449 2021 614 2081 veternosam]
652 2038 699 2068 uou
717 2026 788 2068 aliter
809 2029 879 2081 atque
902 2029 1057 2069 veternosum
1079 2024 1178 2068 morbus
1202 2029 1266 2069 tenet
1285 2023 1321 2068 bi-

345 2111 413 2156 bendi
439 2118 510 2168 atque
533 2112 677 2156 dormiendi.
718 2111 869 2156 Veternoaus
901 2127 914 2156 a
945 2111 1031 2156 Paullo
1060 2113 1125 2156 Festi
1154 2113 1320 2166 Epilomatore

345 2213 369 2254 p.
392 2194 440 2244 ³69
464 2201 498 2243 sic
523 2201 676 2254 explicatur:
710 2197 861 2244 Veternosus
887 2199 999 2260 dicitur,
1031 2201 1074 2258 qai
1097 2201 1173 2259 gravi
1194 2201 1321 2257 premitur·

344 2301 441 2331 somno.
479 2283 539 2331 Cato
564 2293 721 2332 aeternarum
742 2286 911 2347 hydropicum
937 2289 1050 2348 intelligi
1071 2289 1162 2341 voluit,
1190 2301 1245 2330 cum
1265 2290 1320 2334 cit:

346 2373 498 2420 Veternoaus
521 2389 593 2434 quam
612 2377 752 2433 plurimum
774 2376 843 2430 bibit,
863 2382 916 2421 tum
936 2377 1049 2420 maxime
1072 2375 1136 2420 sitit.
1174 2376 1242 2432 Quod
1265 2389 1321 2422 nes·

342 2465 380 2508 cio
406 2477 435 2508 au
465 2477 494 2508 et
520 2463 620 2508 Catonis
641 2463 707 2507 libro
731 2463 761 2508 de
786 2464 914 2508 medicina
936 2465 967 2509 sit
992 2469 1106 2510 sumtum.
1153 2463 1213 2507 Cato
1235 2468 1321 2508 nostro

343 2553 397 2595 loco
423 2557 546 2608 utramque
572 2550 772 2610 significationem
804 2554 928 2608 hydropici
955 2557 978 2597 et
1007 2554 1109 2612 lethargi
1134 2554 1187 2596 voci
1215 2552 1319 2610 tribuit,

345 2645 370 2682 ut
391 2645 477 2684 natura
501 2637 567 2685 illius
588 2640 668 2683 morbi
689 2639 746 2684 fert.
790 2641 862 2685 Gaul.
883 2641 1006 2684 Bentleius
1028 2643 1057 2684 ad
1079 2643 1165 2684 Horat.
1187 2639 1265 2696 Epist.
1295 2639 1318 2686 1.

342 2723 368 2782 2,
394 2723 425 2770 34
448 2725 536 2784 (quem
557 2728 687 2772 Duebnero
710 2727 786 2772 debeo
809 2725 916 2784 locuta).

309 2858 337 2896 ut
355 2850 490 2910 conducat]
528 2854 552 2897 Si
573 2853 685 2898 hoinines
707 2867 731 2899 se
754 2853 849 2896 iubente
872 2837 919 2895 uon
941 2852 1101 2911 conveniunt,
1123 2855 1184 2896 adeo
1209 2855 1320 2898 mercede

340 2953 481 2994 cossrparare
503 2943 589 2996 studet,
613 2945 638 2985 ut
662 2941 749 2985 habeat
770 2941 903 2983 auditores.

306 3063 412 3120 auditis,
435 3079 486 3110 non
509 3064 673 3125 auscultatis]
709 3066 828 3110 Pacuvius
848 3065 909 3120 apud
930 3064 1011 3110 Cicer.
1031 3065 1136 3114 Divinat.
1163 3064 1187 3126 1,
1211 3062 1253 3112 57.
1281 3067 1320 3111 Is·

352 3154 488 3214 tiamagia
509 3153 799 3213 audiendumquam
821 3153 1075 3198 auscultandum
1090 3167 1189 3199 censeo.
1226 3155 1321 3199 Auditis

340 3245 419 3287 virum
439 3244 573 3299 loquacem,
599 3256 645 3285 uon
670 3242 741 3286 aliter
762 3247 832 3299 utque
853 3242 936 3286 audire
959 3241 1065 3285 solemus
1088 3243 1317 3298 pharmacopolam:

339 3345 388 3376 nou
409 3333 570 3375 auscultamus
590 3331 608 3374 i.
634 3343 656 3374 e.
678 3327 749 3373 fidem
774 3343 821 3372 nou
849 3332 943 3373 damus.
982 3327 1054 3378 Gaul.
1082 3331 1219 3376 (1101101100
1242 3332 1272 3375 ad
1293 3330 1318 3374 h.

338 3400 362 3467 Ι1,ε
397 3420 543 3463 Doederlein
565 3417 708 3472 synonimis
730 3421 748 3466 t.
773 3414 798 3464 3.
821 3431 845 3472 p.
868 3412 928 3462 293.

335 3557 448 3620 Festus
478 3579 513 3640 p.
543 3557 618 3620 311.
677 3555 912 3640 Spatiatorem
946 3568 1123 3620 erratorem
1158 3560 1244 3620 Cato
1283 3555 1320 3618 in

271 3660 341 3722 An.
369 3661 523 3723 Coelium
555 3659 586 3722 si
612 3679 649 3721 se
675 3660 933 3742 appellavisset:
973 3663 1016 3724 In
1047 3658 1218 3720 coloniam
1250 3679 1320 3720 me·

270 3763 425 3824 hercules
454 3761 604 3824 scribere
633 3763 752 3836 nolim,
785 3762 816 3824 si
843 3761 1066 3824 triumvirum
1097 3759 1178 3836 sim,
1209 3760 1318 3842 spati·

270 3876 406 3927 ctorem
430 3876 532 3947 atque
542 3861 808 3953 fescenninum.

304 4009 354 4056 An.
373 4005 494 4067 Coelium]
529 4007 566 4053 M.
585 4007 695 4054 Coelium
715 4021 780 4052 corr.
805 4008 917 4054 Ursinus.

305 4134 332 4178 in
357 4135 481 4178 coloniam
503 4130 627 4190 scribere]
668 4134 731 4176 iuter
757 4134 900 4177 colonorum
924 4147 1049 4178 uurnsrum
1074 4135 1193 4190 recipcre.
1244 4133 1320 4178 Galo·

340 4221 392 4265 uias
414 4235 427 4264 a
451 4221 584 4266 triumviris
606 4221 689 4265 deduci
711 4222 806 4275 solitas,
825 4223 914 4266 asinini
937 4223 1056 4281 ignotum.

306 4341 472 4405 mehercules]
509 4346 632 4390 mercules
653 4345 714 4391 Col.
740 4347 874 4401 „Fortasse
897 4347 958 4392 Cato
980 4349 1014 4392 ita
1036 4345 1164 4402 scripsit.“
1182 4345 1281 4392 mutter.
