2976 4844
245 383 307 443 111

244 539 372 604 varit.“
403 575 443 584 —
480 537 534 601 Sic
564 538 708 602 correxit
743 539 889 618 Pnpma‚
926 557 990 600 non
1028 535 1154 612 videns,
1189 537 1293 622 legem

246 641 401 706 Thoriam
433 642 485 704 din
515 653 590 722 post
618 654 751 704 mortem
780 637 915 704 Catonis
944 639 1036 702 latam
1064 639 1183 717 fuisse,
1211 662 1293 704 anno

243 745 365 808 scilicet
388 747 447 808 617
468 745 571 821 (107).
619 744 760 826 Appian.
795 743 878 806 Bell.
914 739 1014 808 Civil.
1044 745 1075 818 1,
1107 743 1161 805 97.
1208 741 1293 808 Cato

245 860 347 912 autem
371 847 453 910 obiit
480 869 509 909 a.
535 848 595 910 605
619 850 721 926 (119).
773 846 859 910 Lion
883 847 1040 926 Popmam
1065 867 1178 910 secure
1203 868 1293 910 secu·

243 962 294 1012 tus
320 962 379 1013 est.
425 950 534 1033 Atque
557 952 731 1026 Weberus‚
760 971 829 1012 cum
856 949 1030 1012 nescivisse
1055 949 1213 1026 videatur,
1244 949 1294 1012 in·

245 1052 451 1133 scriptionem
472 1053 515 1114 de
537 1055 612 1135 lege
633 1054 768 1116 'I'lroria
788 1052 865 1114 nihil
889 1052 948 1114 nisi
967 1064 1180 1116 commentum
1203 1054 1294 1134 Pop-

247 1177 315 1218 mae
342 1176 421 1229 esse,
447 1154 479 1218 in
503 1155 597 1217 alium
619 1177 765 1219 errorem
788 1153 911 1218 incidit.
958 1153 1040 1218 Cum
1065 1155 1147 1217 enim
1172 1154 1295 1218 intelle-

247 1257 361 1331 xisset,
394 1257 550 1321 Catonem
585 1260 623 1320 de
657 1257 730 1342 lege
765 1257 891 1321 Thoria
917 1279 1014 1342 agere
1042 1279 1107 1321 non
1134 1258 1294 1340 potuisse,

246 1359 408 1435 iudicavit,
437 1362 519 1422 hanc
548 1360 728 1423 orationem
753 1383 795 1424 ex
822 1359 955 1424 Catonis
978 1359 1125 1444 reliquiis
1153 1358 1297 1422 eximen-

247 1467 316 1524 dam
350 1483 433 1526 esse.
478 1463 633 1544 inscripsi
660 1463 788 1548 quidem
818 1485 901 1526 nunc
929 1483 993 1526 non
1019 1463 1112 1526 aliter
1139 1473 1234 1547 atque
1263 1459 1295 1523 in

246 1566 357 1647 priore
388 1563 527 1628 editione
552 1567 678 1630 Oratio
704 1565 745 1627 de
774 1567 959 1641 Laetorio,
993 1569 1049 1628 sed
1077 1565 1291 1646 praeferenda

246 1667 477 1750 potius,.puto‚
508 1667 660 1730 Maiensii
689 1666 812 1748 opinio,
839 1667 894 1751 qui
921 1666 1062 1732 orationi
1088 1669 1129 1730 de
1157 1671 1199 1731 L.
1224 1672 1296 1757 Tta-

247 1771 304 1834 rio
333 1772 411 1832 haec
443 1771 539 1832 verba
572 1769 717 1832 inseruit.
770 1772 1031 1834 Westermanmis
1061 1793 1095 1853 p.
1129 1771 1189 1833 327
1220 1768 1297 1832 item

246 1895 313 1957 pro
340 1876 381 1936 L.
408 1873 520 1936 Turio
547 1893 657 1935 verum
684 1883 785 1954 putat.

312 1975 437 2040 Nonius
464 1997 497 2056 p.
524 1977 599 2037 137.
645 1975 862 2039 Musimones
891 1974 993 2051 asini,
1027 1976 1101 2040 muli
1134 1987 1186 2038 aut
1223 1975 1298 2061 equi

248 2080 375 2142 breves.
433 2083 524 2143 Cato
560 2079 759 2142 Deletorio:
800 2080 944 2144 Asinum
977 2092 1039 2143 arat
1072 2079 1298 2144 musimonem

247 2193 312 2244 aut
334 2181 492 2245 arietem.

284 2325 460 2386 murimonem]
497 2327 627 2373 Schneider
645 2331 673 2372 cd
698 2329 804 2377 Varron.
827 2329 862 2373 De
885 2343 911 2373 re
928 2334 990 2372 rust.
1011 2326 1036 2382 2,
1058 2327 1082 2373 2.
1106 2325 1147 2376 12.
1173 2342 1196 2382 p.
1220 2325 1278 2370 tlt.

476 2560 525 2617 91.
560 2558 660 2617 Oratio
685 2561 721 2617 de
741 2559 918 2632 abnegandis
941 2560 1064 2630 legibus.

316 2694 399 2773 Cato
430 2709 463 2771 in
495 2731 531 2773 ea
559 2709 704 2774 oratione
734 2713 772 2773 de
803 2709 925 2773 ratione
959 2709 1063 2793 legum
1096 2711 1299 2790 abroganda·

250 2834 320 2874 rum
341 2810 488 2874 retulisse
507 2811 647 2875 videtur.
692 2811 788 2889 Cato,
801 2812 926 2895 priscae
949 2810 1131 2874 severitatis
1156 2823 1186 2873 et
1214 2809 1299 2873 anti-⁴

251 2933 389 2998 qnorum
422 2935 546 2978 morum
574 2917 770 2997 exemplum,
800 2916 902 2978 nullas
937 2914 989 2977 vel
1018 2935 1135 2995 paucas
1173 2925 1299 2976 veteres

251 3017 339 3100 leges
374 3019 575 3102 abrogandas
607 3019 749 3094 censuit,
786 3017 861 3102 quia
892 3037 995 3080 novae
1026 3017 1214 3100 plerumque
1248 3036 1300 3077 es·

251 3130 321 3182 sent
343 3119 509 3184 molliores
531 3133 561 3184 et
584 3121 738 3186 laxiores.
784 3121 900 3184 Livius
922 3121 973 3194 31,
1001 3120 1020 3182 3
1044 3131 1075 3181 et
1097 3123 1128 3180 6.

317 3220 484 3287 Charisius
506 3246 540 3306 p.
568 3225 621 3290 59.
667 3226 782 3290 Borile
805 3235 891 3286 vetat
914 3223 978 3286 dici
1002 3225 1113 3286 Varro
1139 3225 1178 3284 ad
1204 3220 1300 3285 Cice-

252 3345 362 3388 ronem
387 3337 521 3400 octavo,
551 3339 582 3390 et
610 3327 678 3409 ipse
709 3349 835 3408 semper
863 3327 973 3389 babile
1000 3325 1096 3400 dicit;
1128 3329 1184 3388 sed
1215 3328 1301 3389 Cato

253 3427 309 3490 De
336 3429 550 3512 adrogandis
576 3431 710 3513 legibus
732 3429 840 3494 bovile
866 3423 962 3493 dixit.

586 3680 633 3736 92.
669 3680 768 3738 Oratio
789 3683 826 3738 de
847 3679 959 3741 habitu.

250 3849 283 3858 ··
319 3831 358 3893 ln
378 3830 464 3895 libro
484 3832 629 3912 Popmae
652 3831 768 3896 oratio
796 3832 939 3898 Catonis
963 3831 1005 3893 de
1030 3832 1149 3895 habitu
1172 3841 1303 3912 recepta

173 3997 178 4004 ,
252 3945 315 3997 est.
340 3933 408 3996 *Ea
427 3933 595 4015 inscriptio
616 3955 658 3995 ex
677 3933 827 3996 Charisio
849 3945 950 3995 sumta
971 3955 1048 4019 pag.
1070 3937 1111 3997 50
1133 3937 1185 3997 ed.
1202 3932 1301 3996 Lind.

254 4037 408 4120 Sanguis
430 4037 622 4101 masculino
643 4055 780 4119 genere,
802 4033 949 4125 etfacit
967 4039 1056 4099 hune
1083 4038 1304 4119 sanguinem.

256 4141 325 4204 Sed
355 4144 443 4206 Cato
464 4141 518 4203 ·de
554 4138 674 4202 habim
701 4138 769 4202 ait:
806 4143 969 4222 Sanguen
983 4139 1213 4204 demittotnm
1258 4143 1305 4204 Et

255 4243 461 4307 Lucretius:
490 4240 687 4308 Visceribus
704 4241 829 4305 circos
852 4243 954 4326 gigni
980 4256 1203 4327 sanguenque
1232 4265 1305 4304 cre·

255 4345 325 4408 ari.
375 4345 499 4407 Weber
531 4365 569 4426 ρ.
594 4343 634 4406 33
666 4343 842 4410 orationem
878 4345 1055 4410 censoriam
1091 4365 1160 4408 esse
1192 4353 1304 4426 putat,
