2976 4844
278 335 319 430 ou

342 529 454 590 Festus
476 551 510 609 p.
541 526 618 590 tut.
661 523 764 601 (Idem
789 519 912 601 pellitae
940 541 1018 584 ores
1046 522 1250 598 'Tarentinus
1275 547 1332 606 ep-

279 631 377 713 petiat
402 631 437 692 in
469 652 510 692 ea
543 628 743 708 oro(tiorre,
776 644 857 707 quae
890 632 950 695 est)
977 669 985 684 .
1012 669 1019 685 .
1047 669 1055 685 .
1083 669 1089 684 .
1122 630 1175 700 (eo
1206 626 1331 708 prepio

282 733 427 806 Tarenti,
455 734 526 813 plus
551 729 579 795 C
599 731 654 792 HS
680 724 765 804 (emit
788 725 929 806 pellitam
953 749 1059 800 ovem,
1082 730 1189 810 q)uara
1214 728 1331 812 ignaro

279 837 325 918 (in
353 834 471 918 agro?)
495 832 674 896 Tarentino
700 829 758 912 (qd
784 842 942 910 pascatur,
968 829 1160 906 nominant.)

314 985 338 1028 t'u
365 999 395 1028 eu
418 979 543 1042 oratione]
575 982 730 1038 supplendum
751 976 780 1022 de
804 989 873 1036 agno
899 979 982 1019 musto
1000 974 1143 1031 pascenda.

310 1110 413 1167 pellitae
435 1107 502 1167 ores]
544 1108 633 1163 pellitis
661 1105 745 1148 oribus
779 1105 931 1156 opponuntur
958 1104 1090 1154 pascuales.
1144 1103 1275 1148 Schneider
1301 1107 1329 1147 ed

348 1199 484 1241 Varronem
511 1199 539 1240 de
560 1209 587 1239 re
611 1199 672 1238 rust.
698 1191 723 1236 2.
747 1188 772 1249 2,
796 1185 837 1232 18.

437 1424 485 1481 tt.
516 1422 628 1491 Oratio,
647 1427 678 1478 ut
699 1422 782 1492 plura
802 1434 871 1476 aera
891 1421 1034 1492 equestria
1055 1421 1167 1477 fierent.

339 1558 429 1618 Haec
451 1553 622 1634 inscriptio
647 1549 768 1632 triplici
797 1553 891 1613 modo
920 1550 1115 1642 explicatur.

343 1657 474 1738 Lipsius
498 1657 547 1718 De
575 1653 696 1717 Militia
719 1675 851 1716 romana
876 1655 899 1716 l.
928 1654 957 1715 Ι.
983 1677 1012 1716 c.
1041 1658 1072 1718 5.
1112 1655 1201 1736 Opp.
1228 1657 1269 1718 T.
1293 1658 1326 1720 3.

280 1785 314 1844 p.
340 1761 394 1823 37.
421 1770 520 1840 putat,
553 1756 707 1819 Catonem
736 1757 796 1817 hac
820 1755 967 1818 oratione
994 1756 1146 1834 suasisse,
1173 1769 1207 1820 ut
1230 1780 1328 1841 auge·

278 1875 390 1928 rentur
419 1882 493 1932 aera
525 1859 684 1943 equestria
717 1857 786 1920 sive
815 1857 975 1943 equitibus
1005 1859 1193 1940 stipendium
1229 1861 1328 1925 maius

276 1967 482 2048 penderetur.
530 1961 666 2024 Constat
692 1972 812 2034 autem,
840 1964 878 2023 de
904 1961 1067 2043 stipendio
1095 1962 1228 2027 militum
1254 1964 1327 2046 plu-

277 2067 382 2132 resin
406 2064 571 2146 republica
595 2085 725 2126 romana
749 2063 851 2125 factas
875 2085 943 2125 esse
967 2064 1167 2140 mutationes,
1192 2077 1225 2128 ut
1249 2066 1328 2130 Nie-

277 2167 411 2234 buhrius
433 2171 479 2232 H.
506 2168 549 2230 R.
574 2177 600 2227 t.
626 2167 658 2227 2.
683 2187 717 2247 p.
739 2167 813 2229 496.
840 2178 872 2228 et
897 2167 1031 2228 Boeckh
1055 2168 1238 2251 Metrolog.
1260 2171 1327 2231 Un-

276 2273 420 2337 tersuch.
448 2291 482 2351 p.
507 2269 581 2331 tte.
603 2290 677 2352 sqq.
701 2269 913 2332 tradiderunt.
959 2271 1033 2332 Huc
1055 2270 1216 2351 pertinere
1237 2271 1326 2334 vide·

276 2387 346 2448 tur,
372 2374 461 2458 quod
483 2369 635 2454 G'o'ttling
659 2372 781 2434 Gesch.
806 2373 839 2433 d.
863 2377 949 2433 rb'tn.
978 2372 1171 2435 Staatsverf.
1201 2394 1235 2453 p.
1265 2371 1326 2434 256

276 2475 411 2540 scribite
438 2473 569 2536 Servius
598 2473 723 2535 Tullius
750 2472 871 2536 behielt
899 2471 949 2536 die
974 2495 1039 2537 von
1063 2474 1105 2537 L.
1129 2474 1326 2560 Tarquinius

275 2579 410 2645 Priscus
434 2576 614 2659 getroffene
640 2574 859 2659 Einrichtung
884 2575 956 2650 bei,
982 2579 1053 2638 dass
1077 2577 1236 2640 Wittwen
1264 2581 1327 2640 und

276 2679 480 2761 Unm'undige
516 2700 575 2739 zur
614 2679 812 2759 Ernu'hrung
850 2676 1008 2738 natiirlich
1043 2678 1166 2741 zweier
1203 2680 1326 2742 Ritter·

274 2783 389 2863 pferde
411 2779 550 2862 jiihrlich
581 2780 682 2854 2000,
711 2779 766 2841 fu'r
790 2778 875 2841 eines
898 2779 966 2841 also
999 2781 1080 2840 1000
1104 2801 1171 2843 asse
1198 2783 1243 2843 als
1274 2803 1326 2844 aes

275 2881 478 2946 hordeacium
512 2883 694 2943 bescheffen
731 2892 882 2942 moseten.
929 2881 998 2942 Aus
1032 2879 1114 2945 Cato
1149 2883 1200 2944 bei
1234 2882 1325 2946 Pris-

274 2985 344 3048 cian
372 2983 495 3047 scheint
525 2983 692 3066 gesolgert
722 2985 855 3046 werden
892 3005 933 3044 zu
967 2983 1116 3059 ludunen,
1149 2987 1228 3047 dass.
1249 2997 1326 3048 statt

275 3089 443 3150 tenuasse
474 3089 584 3166 sp'a'ter
612 3086 870 3169 9200gegeben
897 3089 1030 3149 werden
1051 3087 1179 3151 sollteu.
1226 3089 1325 3168 Quod

273 3189 301 3252 si
328 3191 408 3252 haec
436 3186 659 3267 interpretatio
687 3208 761 3250 vera
787 3199 855 3260 est,
883 3188 988 3253 oratio
1015 3187 1152 3254 Catonis
1178 3189 1325 3252 censoria

274 3313 343 3354 esse
368 3290 514 3352 videtur:
539 3310 687 3351 censores
712 3289 795 3351 enirn
822 3293 862 3352 de
888 3311 984 3354 censu
1012 3297 1158 3375 augendo
1181 3292 1324 3356 minuen-

272 3396 356 3456 dove
382 3391 527 3454 iudicare
554 3391 713 3454 solebant.

337 3492 528 3557 Gronovius
544 3503 645 3554 autern
672 3494 722 3555 De
740 3494 879 3557 Pecunia
901 3508 1007 3560 vetere
1024 3520 1056 3577 p.
1070 3499 1141 3560 125.
1160 3500 1199 3559 ed
1212 3498 1322 3576 Lugd.

272 3594 455 3670 existimat,
489 3593 644 3657 Catonern
675 3595 828 3672 sitasisse,
861 3609 896 3659 ut
925 3619 1073 3660 numerus
1102 3618 1236 3669 eorum,
1269 3597 1324 3680 qui

272 3695 540 3780 ueraequestria
575 3699 702 3758 trahant
737 3698 787 3759 vel
823 3719 938 3781 equum
972 3697 1133 3778 publicum
1166 3699 1322 3775 habeant,

271 3809 456 3882 augeretur.
520 3796 691 3861 Consentit
730 3798 884 3880 Madvrig
917 3799 949 3860 in
982 3798 1155 3878 Opusculis
1184 3822 1220 3882 p.
1255 3803 1321 3866 79:

271 3906 386 3969 Censu
422 3899 560 3982 quidem
598 3920 638 3962 eo
675 3911 854 3960 senatores
891 3921 914 3960 u
948 3899 1074 3981 primis
1111 3904 1323 3986 temporibus

270 4014 383 4076 erant,
412 4025 458 4064 ex
483 4022 550 4085 quo
575 4000 706 4083 equites
732 4001 979 4079 scribebantur,
1006 4015 1044 4065 ut
1070 4006 1235 4068 hactenus
1260 4006 1323 4067 mi·

271 4126 351 4168 rum
378 4103 487 4166 videri
513 4123 582 4164 non
615 4100 759 4174 debeat,
788 4103 851 4164 hoc
877 4106 996 4168 datum
1024 4128 1160 4170 summo
1183 4107 1320 4182 ordini,

270 4219 310 4269 ut
338 4225 456 4268 omnes
483 4225 608 4288 equum
636 4201 813 4283 publicum
846 4208 1010 4271 habereut
1038 4221 1071 4272 et
1103 4211 1137 4272 in
1168 4209 1322 4294 equitum

270 4305 438 4371 centuriis
460 4316 593 4378 essent,
623 4325 700 4367 cum
727 4327 773 4366 ex
798 4311 921 4372 ceteris
948 4312 1143 4375 hominibus
1171 4310 1322 4395 equestri
