2976 4844
1147 381 1187 446 69

133 545 276 614 Claudii
292 545 467 612 Neronia:
492 543 734 626 Haruspicem,
751 539 1027 634 fulguratorem
1055 542 1087 607 si
1112 545 1190 629 quia

133 651 301 714 adducat.

164 792 377 858 fulguratorem]
409 796 426 840 i.
450 809 471 840 e.
492 797 647 849 interpretem
667 793 798 852 fulgurum.
836 793 1017 838 contuitu·
1040 793 1085 838 Die
1104 793 1191 840 Etrus-

209 887 254 929 ler
276 885 307 932 Τ.
332 881 356 928 2.
381 897 406 939 p.
430 879 490 928 162.

472 1113 519 1172 36.
552 1113 655 1172 Oratio
674 1115 705 1170 in
726 1113 860 1172 Pansam.

120 1245 128 1254 ’ἵ
206 1265 334 1348 Sequor
363 1265 560 1338 Weberum,
593 1262 648 1346 qui
683 1282 751 1326 earn
778 1262 899 1327 Catoni
929 1263 1058 1328 censori
1086 1263 1191 1327 tribu-

140 1371 251 1430 endam
274 1379 376 1449 putat.
423 1368 540 1442 Pansa
554 1369 614 1444 (ex
636 1364 756 1427 familia
772 1365 970 1444 Vibiorunr)
990 1365 1099 1428 nescio
1119 1365 1191 1450 quia

140 1469 304 1533 intereos
332 1482 418 1544 erat,
451 1488 535 1553 quos
562 1466 740 1552 ignominia
767 1468 818 1532 vel
841 1479 917 1531 nota
942 1467 1088 1531 censoria
1114 1468 1191 1533 affe·

142 1573 199 1650 cit,
222 1572 290 1636 sive
312 1593 329 1634 e
352 1584 463 1634 senatu
485 1593 555 1632 eum
580 1582 725 1634 moverat
744 1567 812 1634 sive
835 1568 865 1633 ei
883 1567 997 1654 equum
1018 1575 1190 1636 ademerat.

208 1674 332 1739 Nonius
358 1696 392 1757 p.
420 1678 492 1737 151.
528 1676 723 1746 Patroclus,
749 1693 790 1735 ex
809 1673 893 1736 aluta
916 1673 1086 1736 sacculust*
1105 1677 1193 1738 Cato

142 1779 178 1841 ic
203 1783 372 1843 Pansam:
400 1777 504 1842 Pueri
532 1777 567 1840 in
592 1776 693 1840 ludos
719 1778 818 1838 cellos
842 1779 1020 1858 pasceolos
1036 1773 1191 1865 furores

178 1923 266 1982 Pueri]
298 1923 434 1968 Patrnerius
455 1923 553 1967 coniicit
571 1921 663 1968 Pueris
682 1923 707 1966 in
728 1921 788 1966 ludo
806 1922 891 1966 colace
913 1927 937 1966 et
959 1922 1078 1977 sacellos,
1103 1935 1193 1980 paree-

213 2013 268 2057 oloa
280 2008 373 2070 furari
394 2011 447 2059 scit.
466 2011 582 2056 Pansam.
619 2011 712 2054 Probat
731 2009 884 2054 Duebcerus.

425 2245 473 2306 33.
506 2243 606 2302 Oratio
626 2245 656 2300 in
679 2245 715 2312 Q.
739 2244 908 2318 Sulpicium.

211 2385 329 2449 Oratio
349 2385 495 2449 censoria
522 2408 552 2449 a.
576 2388 638 2449 570
661 2385 751 2464 (1812)
773 2386 896 2448 habita.

209 2489 248 2551 ln
264 2487 430 2552 Addeudis
456 2487 606 2552 editionis
632 2487 751 2569 prioris
773 2486 973 2568 suspicabar,
996 2508 1192 2568 praenomen
1304 2547 1310 2557 ,

146 2612 213 2654 csse
237 2603 424 2672 corruptum
447 2603 478 2654 et
506 2591 687 2654 orationem
718 2591 755 2651 in
781 2592 857 2651 Sar.
891 2588 1082 2670 Sulpicium
1112 2593 1192 2652 Gal·

145 2694 225 2755 bom
249 2693 498 2776 intelligendam.
532 2694 596 2755 Sed
616 2714 686 2755 curn
710 2691 781 2753 talis
796 2689 874 2752 mihi
895 2689 928 2752 in
948 2689 1121 2754 tractandis
1137 2711 1194 2755 co·

146 2795 271 2858 dinibus
295 2795 425 2858 licentia
451 2817 514 2859 non
549 2797 682 2877 arnplius
720 2792 795 2856 satis
828 2792 951 2870 faciat,
993 2791 1027 2856 in
1055 2792 1194 2858 lectione

146 2898 277 2982 vulgata
300 2897 565 2983 acquiescendum
586 2898 745 2960 arbitror.
791 2895 970 2960 Maiaosius
990 2918 1025 2979 p.
1047 2897 1087 2960 38
1108 2896 1195 2960 arbi·

146 3011 259 3074 tratur,
283 3005 415 3064 eundem
443 3001 486 3080 Q.
512 2999 686 3082 Sulpicium
711 2997 858 3080 intelligi,
883 3011 1113 3082 contraquam
1140 2997 1198 3062 ali-

147 3123 196 3179 am
221 3123 348 3187 quoque
371 3104 518 3166 habuerit
542 3103 732 3177 orationem,
760 3121 842 3185 quae
868 3100 1027 3184 inscripta
1048 3113 1096 3164 est
1117 3122 1197 3166 ortt·

146 3205 198 3268 tio
221 3208 365 3270 Catonis
391 3207 439 3269 ad
460 3207 588 3270 milites
611 3216 735 3270 contra
757 3204 916 3268 Galbam.

211 3307 262 3370 De
286 3309 408 3391 Quinto
432 3309 578 3390 Sulpicio
606 3307 686 3370 nihil
715 3305 796 3370 certi
825 3309 951 3370 tradere
979 3305 1068 3370 licet'.
1113 3305 1197 3372 Cato

148 3430 218 3472 cum
241 3419 402 3494 tamquam
430 3410 576 3474 luxuriae
601 3410 695 3473 nimis
721 3407 878 3485 deditum,
904 3408 1076 3490 splendore
1104 3430 1198 3474 vaso·

148 3532 218 3573 rum
240 3511 545 3593 pretiosissimorum
574 3512 714 3595 impense
739 3511 949 3586 relocatum,
977 3511 1125 3576 censoria
1148 3511 1199 3596 ig·

148 3612 289 3677 nominia
308 3614 470 3678 nutavisse
494 3615 635 3679 videtur.

213 3717 327 3780 Festus
352 3738 387 3802 p.
418 3716 490 3781 169.
533 3717 747 3784 Naesiterna
779 3726 826 3780 est
855 3737 955 3800 genus
987 3715 1054 3780 vasi
1087 3716 1200 3803 aquari

148 3817 247 3880 ansati
272 3828 304 3882 ct
329 3819 485 3900 patentis,
520 3820 614 3904 quale
643 3831 691 3882 est
717 3841 783 3904 quo
811 3818 885 3904 equi
911 3818 1061 3902 perfundi
1083 3819 1198 3884 solent.

147 3921 235 3984 euro
264 3921 301 3983 in
327 3943 370 3984 ea
395 3923 577 3997 oratione,
608 3943 714 4006 quom
738 3923 932 4004 composuit
957 3923 993 3985 in
1017 3927 1060 4005 Q.
1085 3923 1199 4005 Sulpi·

149 4021 258 4085 cium:
285 4025 457 4113 Quotiens
485 4025 734 4102 vidis-truilos,
766 4025 1001 4100 nassiternas,
1027 4021 1200 4110 perfusos

149 4126 302 4208 aqualis,
331 4129 490 4189 morellus
514 4126 720 4191 siccaneis.

192 4269 295 4331 truilos]
334 4273 458 4330 legendum
486 4271 587 4316 trullus.
627 4271 750 4330 Scaligero
777 4273 864 4326 placuit
894 4243 1008 4316 trulleos.
1053 4268 1089 4311 De
1121 4271 1202 4324 priore
