2976 4844
277 377 335 440 116

347 539 377 595 1.
404 532 527 595 Gellius
556 532 607 607 13,
633 532 687 594 93.
731 535 787 596 Μ.
812 537 910 606 Cato,
935 531 1129 594 consularis
1151 543 1183 593 et
1205 553 1323 595 censo·

280 637 376 710 rius,
403 635 549 718 publicis
575 637 645 697 iam
667 633 879 717 priuatisque
903 634 1074 716 opulentis
1097 635 1199 696 rebus
1224 635 1322 697 villas

279 761 362 804 suas
387 740 583 801 inexcultas
607 750 641 800 et
669 737 793 810 rudes,
825 757 867 798 ne
892 737 1037 798 tectorio
1059 737 1195 819 quidem
1219 759 1322 820 prae·

278 846 359 906 litas
370 840 497 933 fuisse
520 841 601 902 dicit
624 841 670 902 ad
692 861 821 901 annum
849 861 957 921 usque
985 839 1111 900 aetatis
1136 861 1221 901 suae
1247 861 1322 921 sep·

277 945 523 1026 tuagesimum.
581 947 694 1026 Atque
723 943 770 1004 ibi
801 954 924 1024 postea
956 942 1009 1002 his
1043 941 1153 1004 verbis
1189 942 1322 1004 utitur:

278 1052 399 1131 Neque
423 1047 517 1120 mihi,
542 1045 663 1129 inquit,
689 1044 902 1121 aedificatio,
927 1065 1033 1127 neque
1059 1065 1191 1117 vasum,
1216 1065 1323 1127 neque

279 1151 516 1212 uestimentum
547 1151 654 1209 ullum
682 1160 733 1209 est
764 1147 1077 1228 manupretiosum,
1112 1167 1218 1230 neque
1243 1169 1323 1227 pre-

279 1253 390 1315 tiosus
412 1272 532 1314 servus
557 1272 664 1334 neque
683 1250 821 1311 ancilla.
867 1251 904 1312 Si
927 1249 1009 1332 quid
1034 1261 1094 1324 est,
1117 1249 1210 1331 quod
1228 1260 1321 1323 utar,

278 1367 378 1426 utor‚·
404 1355 435 1416 si
462 1374 530 1416 non
564 1365 633 1428 est,
669 1375 767 1435 egeo.
819 1356 928 1415 Suum
960 1352 1081 1434 cuique
1103 1373 1168 1432 per
1193 1373 1245 1413 me
1271 1352 1324 1412 uti

277 1469 380 1540 atque
398 1455 489 1546 frui
521 1456 611 1518 licet.
660 1456 755 1520 Vitio
785 1467 940 1529 vertunt,
974 1455 1056 1537 quia
1085 1457 1193 1516 multa
1217 1476 1320 1537 egeo,

277 1572 315 1622 at
340 1581 406 1642 ego
433 1559 513 1633 illis,
540 1558 624 1641 quia
650 1569 820 1641 nequeunt
850 1579 964 1640 egere.

311 1683 346 1729 ad
364 1697 457 1728 annum
478 1681 564 1741 LXX]
610 1683 676 1727 Dixit
701 1685 774 1740 igitur
799 1684 859 1727 Ceto
890 1685 949 1727 bane
974 1685 1110 1728 cretionem
1132 1697 1179 1727 non
1204 1687 1257 1727 ente
1281 1697 1321 1726 en·

349 1785 405 1816 nom
432 1774 517 1816 setstis
542 1773 765 1829 septuagesimum,
789 1773 811 1814 id
837 1777 891 1825 est,
918 1785 964 1815 non
988 1777 1042 1816 aute
1067 1785 1155 1816 sonum
1179 1771 1245 1814 urbis
1273 1765 1322 1816 59⁰

349 1857 432 1916 1161).
472 1860 536 1903 Unde
559 1865 637 1914 petet,
662 1859 706 1902 boc
733 1859 893 1917 fragmentum
919 1875 966 1904 non
996 1863 1025 1904 ad
1050 1861 1188 1904 orationem
1213 1858 1243 1902 de
1266 1859 1323 1903 suis

348 1947 483 1991 virtutibus
506 1952 593 1990 contra
617 1945 762 2001 Tbermurn,
790 1953 815 1990 nt
837 1948 860 1990 in
880 1949 983 1992 editione
1007 1949 1088 2001 priore
1109 1949 1168 2001 dixi,
1190 1951 1321 2003 pertinere,

349 2037 369 2079 si
391 2037 529 2079 coniectura
551 2048 602 2078 mee
622 2037 649 2078 de
669 2048 740 2094 enno,
760 2048 807 2090 quo
829 2037 860 2080 sit
882 2036 976 2095 habita,
998 2037 1059 2080 baud
1080 2037 1157 2079 inanis
1180 2038 1221 2078 sit.
1260 2035 1323 2080 Con-

349 2128 398 2166 stet
419 2129 506 2182 sutem,
528 2123 650 2165 Romanos
674 2123 726 2166 iude
750 2123 779 2165 eh
801 2137 825 2166 n.
851 2119 899 2167 587
922 2125 1029 2168 luxuriae
1051 2125 1189 2181 indulsisse,
1214 2138 1266 2167 cnm
1292 2122 1321 2170 L.

349 2212 429 2255 Paulli
451 2210 583 2265 triumphus
606 2211 633 2252 de
657 2210 798 2253 Macedonis
819 2208 890 2254 finem
914 2214 1035 2255 attulisset
1061 2213 1216 2255 tributorum.

315 2313 541 2375 manupretiosum]
578 2316 622 2359 boe
644 2315 728 2359 soesb.
759 2317 861 2370 explicet
888 2317 1019 2362 Schneider
1044 2320 1074 2361 sd
1099 2318 1216 2362 Catonem
1240 2319 1275 2364 De
1297 2333 1322 2362 re

349 2411 411 2450 rust.
435 2420 457 2450 e.
485 2401 526 2450 14.
550 2417 573 2458 p.
600 2399 641 2448 63.

342 2508 374 2569 3.
400 2507 527 2569 Fronto
552 2503 658 2586 Epist.
686 2527 720 2586 p.
750 2504 810 2567 181
842 2507 892 2568 ed.
924 2508 1047 2569 Rom:
1090 2511 1160 2588 Ipsa
1202 2505 1323 2569 subieci

279 2608 414 2674 Catonis
439 2611 556 2670 verba:
587 2611 724 2672 Interea
751 2629 1027 2692 unamquamque
1054 2622 1222 2683 turmam,
1251 2631 1322 2670 ma·

279 2713 456 2795 nipulum,
495 2713 669 2773 cohortem
699 2711 873 2784 tentabam
903 2713 986 2795 quid
1003 2709 1136 2800 farere
1158 2725 1320 2794 possent,

275 2813 421 2896 proeliis
447 2813 575 2874 levibus
602 2814 797 2894 spectabam
825 2814 1019 2876 cuiusmodi
1044 2814 1186 2896 quisque
1212 2827 1323 2886 esset;

278 2917 310 2979 si
335 2918 412 2999 quis
442 2927 581 2977 strenue
599 2913 767 3006 fecerat,
804 2916 974 2979 donabam
1004 2919 1163 2990 honeste,
1194 2928 1233 2977 ut
1261 2918 1323 2980 alii

278 3019 369 3082 idem
393 3020 513 3081 vellent
523 3015 668 3108 facere,
698 3031 800 3102 atque
829 3019 864 3080 in
889 3018 1047 3081 contione
1070 3018 1181 3080 verbis
1204 3019 1323 3082 multis

278 3122 476 3183 laudabam.
522 3121 666 3185 Interim
691 3121 824 3204 aliquot
843 3143 960 3203 pauca
984 3133 1102 3183 castra
1114 3118 1216 3211 feci.
1256 3122 1324 3185 Sed

278 3217 336 3286 ubi
358 3224 442 3286 anni
467 3236 602 3306 tempus
628 3224 730 3298 venit,
755 3236 873 3286 castra
894 3224 1037 3286 hiberna
1060 3267 1069 3286 .
1096 3268 1105 3286 .
1133 3268 1141 3286 .

313 3338 415 3385 Catonis
437 3340 523 3398 rerba]
561 3341 586 3382 ln
607 3343 664 3388 edit.
688 3343 767 3395 priore
794 3342 838 3385 hoc
861 3342 1020 3399 fragmentum
1042 3342 1194 3386 inserueram
1216 3341 1322 3384 orationi

348 3429 378 3474 de
400 3430 456 3474 suis
478 3429 612 3474 uirtutibus
634 3434 722 3473 contra
747 3427 905 3484 Thermum,
928 3432 969 3474 sed
993 3427 1148 3489 Originibus
1169 3430 1221 3473 eins
1244 3430 1322 3484 potius

348 3519 513 3562 vindicandum
535 3529 632 3570 censeo,
660 3522 684 3560 et
701 3518 722 3562 ei
745 3519 839 3574 quidem
861 3520 932 3572 perti,
957 3517 996 3562 ubi
1017 3520 1045 3562 de
1064 3519 1137 3562 rebus
1157 3518 1207 3562 suis
1227 3517 1250 3560 in
1267 3518 1322 3560 ilis·

348 3607 417 3662 panis
437 3607 512 3663 gestis
535 3605 628 3652 scribit.

341 3706 374 3770 3.
399 3708 513 3770 Festus
536 3727 571 3786 p.
599 3705 674 3766 311.
727 3703 938 3782 (stiricidium
971 3705 1077 3790 qulasi
1107 3704 1321 3781 stillicidium,

279 3832 349 3873 cum
392 3809 515 3886 stcl(lae
556 3817 726 3868 concretae
763 3806 891 3888 frigore
926 3811 1067 3887 c)adunt.
1135 3813 1221 3872 Cato
1255 3830 1322 3891 pro

278 3915 307 3978 0
329 3950 552 3973 .......
588 3907 827 3988 n)ilrilominus
855 3912 961 3972 voluit
984 3933 1119 3992 semper
1145 3911 1203 3992 (de
1227 3911 1321 3974 stiri-

276 4013 369 4078 cidio
389 4012 443 4117 iq)
464 4035 502 4075 re
524 4009 702 4092 praesenti
724 4014 948 4093 cognosce(r·e
970 4026 1072 4096 atque
1096 4013 1281 4095 statuere.)

312 4138 375 4185 Cato
390 4113 440 4196 pro
467 4136 506 4196 G.]
544 4138 567 4180 in
587 4137 644 4180 edit.
668 4137 750 4191 priore
772 4131 875 4182 orationi
897 4151 946 4194 pro
968 4139 998 4184 t..
1024 4137 1138 4184 Caesetio
1160 4142 1319 4185 adiunximus.

301 4249 305 4256 ·
348 4229 468 4272 Milllerns
490 4238 548 4270 sero
566 4220 594 4268 (l.
618 4237 762 4278 praenomen
784 4239 837 4270 esse
858 4233 949 4272 censet.

281 4330 320 4394 ι1.
341 4325 502 4390 Priscian.
538 4335 565 4386 t.
599 4327 628 4386 1.
656 4345 690 4404 p.
719 4324 793 4387 332.
850 4329 936 4392 Cato
966 4329 1001 4390 in
1036 4330 1214 4404 oratione,
1254 4351 1323 4414 qua
