2966 4842
1172 369 1232 432 511

184 543 257 595 tum
279 552 320 595 ac
340 532 508 618 parietem
529 530 795 604 desiderantem,
819 549 923 613 quam
944 529 1160 612 impetravit,
1193 541 1231 592 ut

185 634 350 697 iudicium
372 657 418 697 ex
427 632 526 725 foro
548 633 584 696 in
606 632 786 696 basilicam
808 628 1079 721 transferretur.
1121 633 1232 716 Usque

186 757 227 798 eo
263 736 407 820 ingenia
437 736 473 798 in
510 735 723 798 scholasticis
752 733 1058 797 exercitationibus
1089 735 1233 797 delicate

185 839 406 914 nutriuntur,
431 850 470 900 ut
490 841 694 912 clamorem,
719 837 910 913 silentium,
934 836 1068 910 risum,
1103 839 1235 900 coehtm

185 939 329 1023 denique
348 941 425 1024 pati
448 940 615 1003 nesciant.

247 1040 327 1105 ibid.
352 1065 386 1124 p.
420 1043 491 1111 172.
537 1041 681 1107 Ouidius
709 1044 806 1106 Naso
837 1040 1002 1104 Latronis
1038 1039 1234 1104 admirator

124 1224 128 1227 ,
185 1157 272 1219 erat,
296 1165 375 1205 cum
396 1144 570 1206 diversum
591 1156 790 1229 sequeretur
820 1143 955 1206 dicendi
975 1163 1099 1226 genus.
1134 1143 1234 1206 habe-

185 1245 355 1308 batonim
376 1245 433 1307 ille
454 1256 613 1309 constans
633 1259 665 1309 et
687 1248 809 1309 decens
830 1259 862 1310 et
885 1246 1030 1308 amabile
1044 1245 1234 1328 ingenium.

185 1348 272 1411 adeo
302 1358 419 1410 autem
445 1347 597 1410 studiose
628 1351 815 1411 Latronem
850 1348 1000 1424 audivit,
1039 1358 1077 1410 ut
1108 1350 1233 1412 multas

189 1450 264 1512 eius
286 1449 474 1512 sententias
496 1449 530 1512 in
553 1471 672 1513 versus
695 1470 778 1513 suos
798 1450 1029 1515 transtulerit.

249 1533 330 1614 ibid.
359 1573 394 1633 p.
419 1551 493 1615 389.
531 1556 641 1615 Latro
669 1553 813 1618 Porcius
843 1573 990 1635 graecos
1021 1553 1176 1616 rhetores
1204 1565 1237 1617 et

187 1655 423 1717 contemnebat
445 1667 478 1717 et
500 1653 697 1738 ignorabat.

253 1754 389 1836 Quintil.
417 1760 474 1832 10,
501 1756 537 1831 b,
564 1759 613 1822 18.
666 1757 770 1840 Quod
794 1757 961 1820 accidisse
989 1757 1093 1821 etiam
1115 1758 1239 1823 Porcio

189 1860 355 1930 Latroni,
380 1859 439 1943 qui
461 1860 600 1942 primus
633 1861 720 1923 clari
748 1860 898 1925 nominis
926 1857 1116 1952 professor
1133 1857 1236 1952 fuit,

189 1963 366 2036 traditur,
391 1973 428 2024 ut
451 1962 602 2036 cumei,
630 1983 800 2027 summam
821 1965 857 2026 in
888 1963 1013 2026 scholis
1041 1962 1236 2044 opinionem

186 2064 363 2139 obtinenti,
377 2085 483 2125 carisa
505 2063 649 2153 infore
670 2077 759 2126 esset
780 2064 934 2137 oranda,
959 2066 1109 2145 impense
1129 2066 1236 2147 petie-

186 2167 250 2237 rit,
277 2165 330 2225 uti
351 2165 512 2227 subsellia
533 2165 568 2226 in
591 2165 766 2228 basilicam
786 2163 1083 2256 transferrentur.

253 2264 377 2328 Plinius
392 2266 479 2329 Hisr.
494 2269 571 2329 Nat.
596 2269 647 2342 20,
671 2270 725 2345 14,
750 2271 802 2332 57.
825 2267 970 2335 Porcius
986 2273 1106 2345 Latro,
1123 2273 1238 2336 clarus

189 2368 281 2431 inter
303 2369 492 2450 magistros
513 2369 661 2434 dicendi.

497 2507 523 2567 1.
546 2509 684 2566 Suasoris
703 2511 739 2566 de
759 2509 916 2568 Theodoto.

249 2621 368 2684 Seneca
393 2618 555 2685 Controv.
579 2645 612 2704 p.
640 2623 712 2687 191.
741 2624 819 2688 Fuit
840 2627 997 2690 Messala
1017 2626 1235 2690 exactissimi

186 2721 318 2805 ingenii
345 2724 379 2787 in
418 2708 536 2789 omnes
572 2725 710 2810 quidem
741 2725 938 2790 studiorum
961 2741 1101 2812 partes,
1136 2729 1237 2792 latini

186 2825 303 2910 utique
325 2828 493 2893 sermonis
516 2828 711 2892 observator
733 2829 1030 2912 diligentissimus.
1053 2833 1148 2897 Idem
1169 2832 1236 2894 ita-

187 2949 252 3011 que
273 2949 350 2990 cum
371 2929 526 2993 audisset
544 2935 732 2994 Latronem
754 2930 1012 3010 declamantem,
1037 2933 1148 2997 dixit:
1171 2953 1237 2996 sua

186 3029 308 3110 lingua
329 3030 480 3093 disertus
502 3043 565 3094 est.
610 3035 792 3116 Ingenium
814 3035 865 3097 illi
885 3037 1068 3110 concessit,
1106 3057 1236 3100 sermo·

186 3151 263 3192 nem
285 3132 418 3196 obiecit.
463 3137 544 3198 Non
567 3135 645 3198 tulit
666 3139 753 3198 hanc
775 3139 1017 3201 contumeliam
1039 3143 1166 3214 Latro,
1204 3149 1237 3200 et

183 3254 251 3314 pro
285 3236 486 3321 Pythodoro
533 3240 706 3303 Messalae
742 3240 935 3303 orationem
971 3241 1236 3305 disertissimam

186 3337 359 3414 recitauit,
389 3359 536 3421 quacum
568 3343 794 3424 compositam
830 3364 929 3406 suam
969 3344 1167 3409 suasoriam
1195 3343 1236 3408 de

187 3439 366 3504 Theodoto
388 3441 590 3507 declamavit
611 3457 691 3528 post
711 3445 877 3510 triduum.

221 3554 362 3616 Messalae]
399 3573 422 3603 v.
445 3574 468 3615 p.
492 3556 550 3609 510.

220 3640 250 3685 de
270 3641 405 3701 Theodoto]
442 3647 581 3690 Theodotus
600 3648 742 3692 interlector
761 3649 807 3692 Cn.
827 3649 946 3703 Pompeii.
979 3662 1001 3692 t.
1022 3649 1139 3695 Gronovii
1168 3657 1232 3699 nola.

257 3729 356 3784 Quinlil.
378 3726 401 3782 3,
424 3727 448 3782 8,
471 3726 512 3774 55.
549 3731 634 3774 Solent
653 3732 680 3775 in
702 3731 796 3777 scholis
807 3732 880 3795 fingi
896 3735 1018 3779 materiae
1040 3736 1075 3782 ad
1092 3737 1235 3784 deliberan-

254 3811 313 3857 dum
335 3813 473 3858 similiores
494 3818 683 3872 controversiis,
698 3825 722 3863 et
742 3835 775 3864 ea·
795 3827 898 3880 utroque
913 3835 1007 3882 genere
1027 3826 1188 3878 commixtae,
1206 3833 1232 3870 ut

257 3899 325 3957 apud
337 3897 363 3945 0.
381 3897 516 3947 Caesarem
534 3907 685 3951 consultatio
704 3907 734 3953 de
754 3923 838 3967 poena
860 3907 982 3958 Theodoti
993 3913 1112 3969 ponitur.
1161 3911 1233 3957 Coni.

256 3987 379 4047 Spalding.
400 3990 525 4036 Fabricius
550 3992 610 4038 bibl.
633 3996 676 4038 lat.
699 4001 717 4040 t.
741 3994 766 4042 2.
781 4012 805 4054 p.
831 3995 871 4043 9⁶.
892 4000 1061 4044 Westermenn
1081 4012 1105 4053 p.
1127 3995 1176 4043 29⁴
1196 4013 1233 4058 sq.

495 4110 524 4167 2.
546 4111 724 4170 Declamatio
744 4118 780 4173 de
799 4116 930 4188 Popillio.

252 4209 548 4277 Circumferebatur
583 4215 769 4282 declamatio
805 4222 843 4282 de
884 4218 1028 4301 Popillio
1060 4218 1231 4284 Ciceronis

186 4311 417 4394 interfectore,
452 4338 533 4400 quae
557 4317 679 4383 Porcio
709 4321 847 4384 Latroni
882 4322 980 4406 vulgo
1012 4321 1232 4399 tribuebatur,
