2966 4842
1140 389 1201 451 483

142 549 301 615 historici
347 548 565 612 tradiderunt
599 545 662 608 sub
695 544 808 627 ipsum
840 545 934 608 civile
959 543 1101 622 belluni,
1133 566 1201 631 quo

129 652 287 744 facilius
310 655 348 716 0.
374 649 514 716 Curio
532 648 573 708 ni
601 647 903 730 promtissima
931 647 1091 722 iuveni,
1116 661 1198 710 caue

141 777 218 817 sam
252 752 414 819 Caesaris
440 748 641 839 defendenti
666 745 926 825 contradiceret,
946 745 1109 832 repetisse
1137 751 1194 812 de*

141 853 314 919 clamandi
338 851 630 915 consuetudinem.

178 958 207 1008 C.
221 959 335 1019 Curioni]
373 961 395 1004 in
415 961 537 1004 tribunatu
557 960 612 1004 eius
630 973 653 1002 a.
675 954 723 1004 toi
737 954 802 1014 (50).

205 1059 417 1124 Hieronimus
438 1059 469 1121 in
489 1057 621 1121 Eusebii
646 1057 770 1122 Chion.
799 1062 838 1122 ad
862 1059 992 1140 Olymp.
1020 1061 1090 1136 181,
1122 1063 1194 1126 b:

142 1163 342 1241 701(53)u.
368 1179 398 1224 a.
443 1161 550 1226 Curio
587 1173 770 1243 promptus
795 1173 828 1223 et
860 1163 1042 1244 popularis
1075 1175 1196 1226 orator

146 1268 277 1329 Romae
299 1265 443 1325 babetur
464 1262 631 1345 insignis,
656 1263 715 1346 qui
749 1264 906 1344 deinceps
928 1265 963 1325 in
981 1265 1111 1354 Africa
1126 1285 1194 1347 pu·
1254 1345 1256 1348 Ι

145 1367 230 1431 dore
254 1366 375 1428 amissi
396 1365 571 1428 exercitus
594 1365 684 1427 mori
707 1366 828 1427 maluit
847 1386 948 1449 quam
967 1367 1121 1454 euadere.

207 1467 313 1531 Tacit.
338 1470 377 1529 de
402 1465 572 1531 Oratorib.
600 1488 627 1528 c.
659 1468 709 1529 37.
756 1467 885 1531 Nescio
906 1485 951 1529 an
976 1469 1131 1530 uenerint
1154 1469 1190 1530 in

142 1591 265 1632 manus
287 1583 419 1632 vestros
441 1572 524 1631 haec
546 1580 671 1641 uetera,
696 1590 783 1652 quae
805 1581 838 1630 et
853 1570 887 1630 in
907 1569 1187 1652 antiquariorum
1263 1614 1265 1618 .

140 1659 348 1735 bibliothecis
367 1672 478 1733 adhuc
500 1682 639 1732 manent
663 1682 791 1732 etcum
818 1671 969 1732 maxime
988 1693 1011 1732 a
1023 1673 1192 1751 Muciano

140 1776 409 1844 contrabuntur',
433 1794 475 1834 ac
494 1773 566 1834 iam
593 1771 765 1844 undecim,
794 1783 832 1833 ut
858 1772 993 1852 opinor,
1020 1775 1188 1835 Actorum

139 1875 236 1938 libris
262 1887 296 1937 et
318 1875 426 1936 tribus
450 1873 688 1955 Epistolarum
715 1873 904 1954 composita
927 1884 960 1934 et
981 1875 1074 1935 edita
1095 1885 1189 1938 sunt.

139 1981 199 2041 Ex
221 1977 265 2040 iis
289 1975 436 2058 intelligi
464 1987 591 2056 potest,
606 1978 667 2040 Cn.
688 1975 886 2056 Pompeium
906 1988 939 2038 et
951 1979 1006 2038 M.
1027 1979 1191 2039 Crassum

139 2099 208 2141 non
240 2077 370 2140 viribus
399 2078 500 2140 modo
527 2089 559 2138 et
589 2077 698 2138 armis
724 2078 784 2138 sed
813 2077 952 2160 ingenio
981 2098 1114 2160 quoque
1150 2089 1183 2140 et

140 2181 299 2244 oratione
332 2179 496 2253 valuisse,
529 2182 692 2241 Lentulos
723 2191 756 2240 et
781 2181 942 2241 Metellos
970 2190 1003 2239 et
1025 2180 1187 2240 Lucullos

139 2295 173 2344 et
200 2279 408 2346 Curiones
430 2293 462 2343 et
483 2293 632 2343 ceteram
662 2301 846 2361 procerum
869 2300 1007 2340 manum
1043 2282 1188 2340 multum

138 2385 174 2445 in
187 2383 240 2446 lais
250 2383 375 2444 studiis
387 2404 511 2465 operae
526 2403 696 2464 curaeque
718 2381 885 2460 posuisse,
904 2402 963 2442 nec
979 2397 1188 2463 quemquam

139 2485 208 2547 illis
237 2485 448 2567 temporibus
482 2504 644 2567 magnam
667 2483 857 2565 potentiam
880 2483 953 2545 sine
975 2483 1093 2564 aliqua
1115 2485 1186 2543 elo*

139 2585 279 2670 quentia
304 2599 537 2648 consecutum.

173 2709 305 2770 Curiones]
341 2717 433 2766 patrem
456 2719 479 2758 et
497 2711 582 2758 filium.

202 2811 267 2875 Dio
296 2810 427 2876 Cassius
459 2816 517 2888 40,
551 2816 603 2877 60.
647 2809 665 2877 ὁ
696 2812 848 2900 Κουρίων
874 2809 932 2892 τὴν
960 2805 1090 2896 γνώμην
1113 2807 1188 2894 ὀξὺς

136 2909 268 2980 εἰπεῖν
301 2939 340 2980 τε
372 2912 519 2994 δεινὸς,
547 2916 601 3005 τῷ
637 2940 670 2980 τε
700 2910 825 2994 πλήθει
850 2909 1089 2991 πιθανώτατος
1129 2920 1184 2979 καὶ

134 3013 311 3104 χρημάτων
332 3013 365 3093 ἐς
383 3014 423 3081 τὰ
439 3011 547 3082 πάντα
571 3011 689 3094 ἁπλῶς,
709 3017 741 3094 ἐξ
758 3005 801 3080 ὧν
823 3009 959 3094 ἢαύτός
979 3040 1009 3079 τι
1038 3018 1186 3082 alcoran-

138 3113 248 3197 τήσειν
265 3115 286 3198 ἢ
310 3124 365 3184 καὶ
386 3121 482 3207 ἑτέρῳ
508 3114 696 3206 διαπράξειν
716 3113 855 3196 ἤλπιζεν,
876 3111 1124 3205 speculaturos.

201 3219 370 3301 Appianas
393 3220 476 3283 Bell.
500 3219 601 3284 Civil.
629 3221 664 3294 l,
687 3220 736 3283 26.
781 3213 956 3308 Λήμορχος
973 3221 1127 3309 Κουρίων
1152 3215 1186 3298 ἐς

138 3315 196 3386 τὸν
217 3321 321 3406 δῆμον
337 3318 597 3413 εὐχαριτώτατος
614 3329 669 3388 καὶ
691 3319 727 3387 ei
732 3326 833 3387 πεῖν
845 3319 1107 3400 ἱκανώτατος.

201 3423 325 3487 Plinius
358 3425 433 3488 hist.
467 3429 500 3500 7,
531 3428 583 3488 ln.
638 3429 714 3488 Una
737 3424 884 3515 familia
905 3427 1115 3501 Curionum,
1148 3427 1184 3489 in

136 3544 206 3604 qua
230 3537 300 3588 tres
325 3527 489 3588 continua
512 3529 600 3589 serie
622 3541 779 3591 oratores
801 3530 1003 3590 extiterunt.

171 3647 235 3706 tres]
272 3651 302 3692 C.
324 3651 464 3694 Scribonius
486 3651 560 3694 Curio
579 3665 645 3704 avus,
666 3653 702 3710 (v.
724 3666 778 3709 pag.
802 3651 875 3710 252.)
898 3654 925 3698 G.
944 3654 1085 3697 Scribonius
1108 3645 1183 3698 (lusio

208 3738 274 3785 pater
296 3734 329 3786 (v.
354 3749 407 3792 pag.
429 3732 509 3788 bil),
533 3741 556 3778 st
575 3737 604 3779 C.
628 3738 768 3781 Scribonius
782 3741 856 3782 Curio
878 3739 951 3787 filius.
977 3740 1047 3788 Conl.
1086 3741 1182 3784 Scholia

207 3817 336 3862 Babiensin
359 3822 381 3863 iu
401 3829 463 3864 orat.
485 3823 507 3863 in
529 3821 640 3864 Clodium
662 3828 685 3866 ei
706 3824 835 3868 Curionem
858 3840 880 3880 p.
904 3819 961 3869 330.
1002 3826 1085 3870 Trea
1107 3827 1183 3868 illia

208 3905 411 3962 temporibus
436 3905 557 3951 Curiones
587 3907 684 3953 illustri
706 3912 805 3956 nornine
835 3914 975 3956 extiterunt
1000 3918 1071 3969 atque
1094 3913 1130 3952 ita
1158 3909 1184 3952 in

207 3989 282 4035 libris
298 3991 379 4036 adbuc
394 3990 529 4052 seruntur.
560 3991 635 4039 Curio
653 4003 733 4050 avus,
754 4000 797 4055 qui
817 3999 933 4042 Servium
957 3995 1072 4040 Fulvium
1092 3993 1183 4038 incesti

208 4091 278 4121 reum
298 4077 424 4138 dejendil,
451 4078 534 4124 ethic
556 4077 582 4127 C.
609 4077 683 4124 Curio
699 4089 787 4140 pater,
815 4085 857 4143 qui
877 4083 905 4127 P.
926 4079 1011 4125 Clodio
1031 4075 1129 4136 adfuit,
1159 4086 1183 4124 st

206 4165 297 4210 tertiae
316 4165 359 4209 ille
375 4162 451 4210 Curio
471 4166 631 4220 tribunicius,
651 4171 694 4225 qui
711 4168 775 4213 bello
794 4171 866 4214 civili
883 4166 1033 4222 Pompeiano
1051 4165 1078 4208 in
1092 4163 1183 4223 Africa

204 4253 302 4308 periit:
324 4255 380 4297 cum
401 4253 468 4297 enirn
486 4261 551 4298 esset
566 4255 681 4311 partium
700 4252 832 4313 Caesaris,
851 4263 988 4316 oppressus
1007 4257 1045 4295 set
1064 4252 1095 4295 ab
1113 4243 1180 4311 equis

205 4340 270 4384 tibus
292 4340 367 4385 Iubae
388 4342 467 4401 regis.
