2976 4844
1160 363 1199 424 97

147 519 397 604 orationemque
433 529 542 599 postea
575 515 723 581 edidisse.
769 515 945 580 Maiensius
973 529 1073 581 autem
1101 541 1136 599 p.
1163 521 1202 581 18

148 622 288 686 scribit:
332 619 441 702 „Cato
466 620 533 703 egit
556 623 595 682 de
620 620 757 683 tribunis
782 619 936 683 militum:
968 620 1123 684 incertum
1148 643 1202 684 au-

150 737 235 800 tem,
261 747 334 787 num
357 723 389 786 in
415 745 515 804 opere
539 721 697 786 destinato
721 721 794 784 huic
819 735 1029 807 argumento,
1055 745 1093 786 sn
1122 745 1201 788 vero

151 830 188 890 in
208 828 298 890 libro
319 829 361 890 cle
386 847 425 890 re
449 827 606 888 militari.
620 833 635 860 “
654 855 694 870 -

216 929 343 994 Nouius
365 951 400 1011 p.
420 931 471 991 67.
527 927 716 992 Proletarii
739 926 817 990 dieti
844 941 915 990 sunt
939 928 1070 1010 plebeii.
1114 933 1202 996 caro

152 1037 207 1098 De
237 1033 387 1096 tribunis
413 1032 584 1094 militum:
615 1031 793 1113 Expedita
817 1053 1007 1113 pauperem
1031 1033 1202 1115 plebeium

151 1147 256 1220 atque
279 1135 526 1219 proletarium.

189 1261 318 1321 expedito]
356 1263 373 1306 i.
398 1276 420 1306 e.
445 1263 549 1315 solvito,
575 1263 687 1306 liberato.

218 1362 345 1426 Nonius
369 1384 403 1444 p.
429 1363 500 1426 195.
547 1363 681 1427 Cliuum
711 1361 837 1447 generis
868 1361 985 1427 neutri.
1031 1367 1117 1428 Cato
1150 1367 1203 1427 De

151 1465 304 1529 tribunis
328 1463 495 1528 militum:
524 1469 619 1529 Loca
641 1465 755 1528 ardua
780 1477 815 1528 et
840 1466 927 1530 cliua
952 1467 1130 1548 depressa.

273 1633 320 1692 56.
356 1633 455 1692 Oratio
479 1636 509 1690 iu
529 1635 561 1690 P.
586 1633 701 1690 Furium
721 1633 834 1692 Philum
853 1650 905 1706 pro
927 1634 1078 1706 Hispanis.

218 1749 267 1810 Ea
295 1749 403 1812 oratio
426 1768 509 1811 auno
536 1747 598 1810 583
617 1748 707 1824 (171)
732 1758 780 1810 est
803 1747 923 1811 habita.
968 1749 1204 1831 Argumentum

153 1853 217 1914 tale
248 1862 309 1913 est.
355 1853 397 1914 P.
422 1850 539 1914 Furius
563 1849 696 1924 Philus,
729 1851 784 1932 qui
810 1871 841 1912 a.
869 1851 931 1913 580
957 1853 1046 1930 (174)
1072 1863 1206 1932 praetor

154 1952 336 2035 Hispaniae
359 1953 475 2028 suerat,
498 1975 514 2014 a
536 1951 692 2034 Hispanis
715 1956 962 2034 repetundarum
986 1967 1151 2018 accusatus
1174 1966 1205 2018 et

156 2055 286 2122 Catone
309 2066 539 2137 recuperatore
556 2057 719 2117 damnatus
744 2066 804 2118 est.

219 2156 335 2220 Livius
361 2159 410 2232 tt,
432 2158 463 2220 2.
513 2158 706 2240 Hispaniae
733 2158 916 2242 utriusque
942 2159 1050 2242 legati
1072 2160 1206 2245 aliquot

152 2265 369 2344 populorum
403 2261 439 2322 in
467 2273 626 2323 senatum
654 2261 855 2324 introducti.
898 2261 925 2324 ii
949 2262 991 2324 cle
1018 2263 1206 2346 magistra-

154 2375 255 2426 tuum
266 2383 494 2426 romanorum
507 2363 659 2425 avaritia
672 2363 898 2445 superbiaque
916 2366 1107 2447 conquesti,
1127 2367 1208 2429 nixi

156 2467 302 2550 genibus
327 2467 371 2529 ab
397 2477 521 2529 senatu
554 2467 754 2548 petierunt,
794 2485 835 2526 ne
864 2487 901 2528 se
926 2469 1040 2529 socios
1051 2464 1207 2557 foedius

155 2569 304 2650 spoliari
328 2571 518 2654 vexarique
546 2589 651 2652 quam
675 2570 791 2631 hostes
813 2567 1010 2650 patiantur.
1067 2572 1153 2633 Cum
1174 2581 1208 2631 et

156 2671 229 2733 alia
255 2672 404 2756 indigna
427 2683 676 2756 quererentur,
713 2669 942 2761 manifestum
971 2682 1089 2734 autem
1116 2683 1206 2734 esset

154 2776 323 2857 pecunias
348 2787 481 2858 captos,
510 2779 552 2838 I..
576 2772 745 2838 Canuleio
762 2773 932 2856 praetori,
962 2775 1021 2857 qui
1040 2774 1206 2857 Hispani-

156 2898 215 2940 am
238 2879 385 2942 sortituu
406 2890 494 2952 erat,
522 2877 702 2960 negotium
729 2877 849 2939 datum
875 2889 937 2952 est,
967 2887 1006 2939 ut
1028 2877 1064 2939 in
1085 2877 1207 2960 singu-

157 2983 231 3055 los,
261 3003 284 3042 a
307 2981 431 3064 quibus
459 2981 609 3063 Hispani
634 2979 800 3062 pecunias
833 2992 1047 3061 repeterent,
1083 2979 1208 3063 quinos

157 3083 410 3165 reciperatores
440 3106 487 3146 eac
513 3083 636 3145 ordine
663 3083 839 3146 senatorio
870 3083 989 3156 daret,
1022 3094 1207 3164 patronos·

157 3205 222 3268 que
254 3206 341 3268 quos
371 3187 494 3248 uellent
519 3185 678 3246 sumendi
706 3197 912 3265 potestatem
926 3183 1087 3274 faceret.
1138 3189 1208 3249 Vo·
1258 3213 1259 3219 ¹

158 3287 245 3349 catis
277 3289 313 3350 in
339 3289 474 3350 curiam
503 3288 630 3371 legatis
659 3287 842 3349 recitatum
873 3299 924 3350 est
954 3300 1095 3350 senatus
1127 3307 1208 3350 con-

158 3392 306 3464 sultum,
335 3391 490 3473 iussique
515 3390 696 3452 nominare
720 3403 890 3471 patronos
917 3403 1069 3474 quatuor
1094 3390 1207 3454 nomi-

158 3506 327 3556 naverunt
362 3497 419 3558 M.
451 3493 649 3557 Porcium
681 3497 900 3565 Catonem,
935 3496 974 3556 P.
1006 3492 1209 3557 Cornelium

158 3595 364 3678 Scipionem,
394 3601 435 3660 L.
456 3596 644 3660 Aemilium
667 3599 837 3668 Paullum,
859 3601 896 3660 G.
916 3597 1106 3677 Sulpicium
1125 3599 1210 3660 Gal-

158 3700 242 3760 lum.
265 3733 307 3744 -—
331 3735 369 3746 -
393 3699 575 3764 Citerioris
601 3699 794 3780 Hispaniae
817 3698 938 3780 populi
964 3701 1019 3762 M.
1042 3702 1209 3763 Catonem

158 3811 192 3862 et
216 3801 424 3883 Scipionem,
453 3801 632 3864 ulterioris
659 3807 697 3865 L.
723 3803 883 3864 Patalium
909 3813 942 3863 et
964 3805 1102 3865 Gallum
1130 3804 1209 3864 Sul·

155 3901 286 3984 picium
316 3917 487 3987 patronos
521 3916 735 3967 sumserunt.
780 3904 837 3967 Au
866 3905 1117 3984 reciperatores
1146 3903 1209 3964 ael·

157 4003 253 4068 ducti
288 4027 312 4068 a
342 4008 562 4070 citerioribus
591 4007 733 4088 populis
769 4010 807 4070 P.
841 4007 999 4069 Furius
1033 4005 1207 4077 Philus,

157 4108 200 4170 alr
231 4109 460 4173 ulterioribus
492 4113 547 4174 M.
584 4111 776 4172 Matienus.
846 4112 906 4172 Ille
936 4111 996 4187 Sp.
1030 4104 1209 4168 Postumio

157 4213 200 4292 Q.
223 4213 352 4276 Mincio
375 4233 465 4278 coes.
489 4212 640 4274 triennio
665 4223 745 4272 ante
764 4222 910 4292 praetor
924 4207 1071 4298 fluerat.
1105 4209 1207 4269 Gra-

157 4313 352 4377 vissimis
382 4314 645 4376 criminibus
676 4313 877 4375 accusati
908 4311 1025 4372 ambo
1058 4311 1207 4392 ampliu·

206 4420 282 4462 Moieri
294 4423 350 4461 [lust.
358 4421 416 4461 Rom
428 4421 508 4473 Fregm.
525 4423 556 4460 ad.
565 4417 584 4460 2.
1008 4429 1024 4487 7
