2970 4836
282 365 322 430 38

281 545 403 604 premo
440 537 473 584 et
506 525 573 588 Ilia
611 523 671 585 dia
707 544 813 604 nepos
849 535 881 584 et
918 525 1021 604 lupus
1052 520 1135 609 feta
1167 538 1199 585 et
1236 529 1332 587 nulla

286 638 408 687 metus.

322 773 348 812 in
367 769 556 829 dissertatione]
585 773 624 815 Sic
644 773 731 815 Festus
751 773 810 814 dixit
828 785 872 826 pro
893 774 916 814 iu
939 773 1047 816 aculione
1068 774 1096 817 de
1116 775 1250 818 consulatu.
1270 774 1331 818 Dis-

355 859 460 904 sertatio
483 873 526 914 pro
546 861 657 903 oratione
677 861 819 903 vocabulum
841 865 878 904 est
897 861 1108 918 grammaticorum
1133 860 1206 918 (opud
1226 861 1332 906 Gellium

354 951 442 995 crebro
462 947 606 1000 invenitur).
652 948 738 992 Festus
758 961 782 1002 p.
807 945 866 995 282.
908 945 967 992 Cato
993 949 1020 992 in
1042 963 1089 1001 ea,
1115 963 1190 1007 qnam
1209 952 1330 1007 scripsit,

356 1052 412 1084 eum
431 1036 593 1082 edissertavit
613 1033 682 1080 Fulvi
701 1034 840 1082 Nobilioris
859 1050 992 1080 censuram

351 1157 483 1218 Servius
503 1154 535 1217 in
559 1155 658 1238 Virg.
680 1155 798 1237 Eclog.
825 1157 853 1227 lt,
874 1157 909 1217 lt.
944 1158 1031 1219 Cato
1057 1157 1097 1217 de
1122 1178 1186 1219 suo
1208 1179 1332 1220 consu-

287 1263 380 1321 latu:
408 1258 526 1321 omnia
544 1259 588 1320 ab
609 1257 748 1338 integro
769 1257 930 1338 paranda
954 1269 1064 1320 erant.

352 1359 482 1424 Paullus
510 1358 661 1439 Epitome
685 1358 774 1420 Festi
793 1381 828 1441 p.
845 1360 919 1423 378.
947 1360 1087 1426 Viritim
1106 1360 1222 1424 dicitur
1244 1362 1331 1436 dari,

286 1466 374 1548 quod
411 1466 502 1523 datur
536 1483 593 1542 per
625 1460 769 1542 singulos
799 1463 901 1526 viros.
940 1466 1043 1527 Cato:
1082 1467 1219 1528 Praeda
1246 1488 1333 1550 quae

285 1578 388 1648 capta
412 1577 475 1638 est,
501 1563 631 1628 viritim
655 1563 779 1627 diuisa.

321 1711 392 1770 Cato]
420 1713 470 1756 Cur
487 1713 531 1756 hoc
549 1711 708 1769 fragmentum
730 1710 783 1753 huic
805 1711 908 1754 oralioni
932 1713 1096 1757 vindicandum
1117 1718 1212 1768 palem,
1233 1717 1256 1757 ln
1278 1728 1332 1758 ors-

357 1803 421 1844 lione
443 1798 474 1844 de
490 1797 590 1856 praeda
608 1798 729 1843 militibus
751 1797 888 1842 dividunda
909 1800 1023 1845 dicemus.

454 2029 499 2086 ll.
535 2029 683 2085 Dissuaslo
707 2029 778 2098 legis
797 2028 902 2084 lunius
923 2029 959 2084 de
981 2029 1168 2086 feneratione.

351 2163 398 2224 Ea
421 2159 526 2224 oratio
553 2181 636 2222 anno
659 2161 720 2223 562
744 2157 833 2236 (192)
857 2158 965 2222 habita
990 2160 1134 2235 videtum
1162 2184 1228 2245 quo
1249 2184 1333 2225 anno

289 2265 328 2326 P.
353 2262 466 2326 Juuius
490 2263 607 2324 Brutus
629 2263 730 2344 legem
751 2260 964 2324 foenerariam
987 2263 1243 2348 promulgavisse
1267 2276 1333 2327 tra·

286 2365 383 2427 ditur.

351 2467 465 2530 Livius
489 2469 512 2529 l.
534 2467 585 2540 35,
608 2469 660 2528 al.
695 2465 830 2529 Iudicia
857 2466 893 2528 in
913 2465 1147 2554 feneratores
1174 2491 1214 2532 eo
1240 2490 1334 2531 anno

288 2575 396 2634 multa
419 2593 534 2633 severe
560 2565 773 2657 suntfacta,
799 2570 1041 2632 accusantibus
1062 2571 1219 2651 priuatos
1238 2570 1333 2632 aedi-

286 2675 375 2736 libus
392 2673 569 2735 curulibus
587 2675 642 2736 M.
654 2671 782 2733 Tuccio
800 2683 833 2732 et
848 2675 885 2734 Ρ.
899 2672 1005 2748 Junio
1015 2675 1134 2734 Bruta.
1161 2677 1213 2736 De
1225 2677 1334 2736 multa

287 2777 531 2838 damnatorum
546 2773 738 2855 quadrigae
759 2773 941 2835 inauratae
963 2772 998 2834 in
1015 2775 1187 2854 Capitolio
1196 2777 1333 2856 positae

287 2889 319 2937 et
339 2876 375 2937 in
393 2879 478 2937 cella
500 2875 597 2938 Jovis
617 2896 726 2956 supra
735 2873 936 2965 fastigium
960 2875 1136 2937 aediculae
1153 2877 1334 2940 duodecim

287 2978 397 3058 clipea
423 2977 601 3040 inaurata.

352 3078 419 3142 Alii
441 3079 617 3158 scriptores
640 3077 721 3158 legis
744 3076 857 3142 Juniae
884 3076 1073 3140 mentionem
1104 3101 1167 3142 nou
1191 3080 1331 3156 faciunt,

288 3181 381 3243 sicuti
407 3179 490 3242 Rein
518 3201 646 3264 quoque
674 3180 740 3242 Das
767 3178 928 3242 romische
960 3179 1169 3244 Privatrccht
1195 3207 1227 3265 p.
1256 3184 1330 3246 307.

288 3296 419 3346 testatus
442 3293 499 3355 esl,
525 3293 619 3365 alque
641 3281 837 3364 ignoramus,
864 3303 922 3344 cur
942 3281 1026 3346 Cato
1047 3307 1114 3346 earn
1137 3284 1331 3348 dissuaserit.

290 3387 353 3448 Scd
380 3384 517 3447 sortasse
544 3404 580 3445 ea
606 3383 659 3445 lex
692 3383 792 3444 minus
821 3405 933 3447 severa
966 3397 1035 3447 erat
1068 3409 1160 3470 quam
1191 3388 1331 3467 priores.

290 3484 375 3551 Cato
403 3497 506 3547 aulem
529 3483 669 3547 fenerari
694 3484 839 3548 maximis
865 3485 978 3567 poenis
1010 3488 1140 3551 afficere
1172 3487 1332 3567 cupiebat.

289 3590 463 3670 Quomodo
488 3587 569 3649 enim
594 3589 631 3648 de
655 3586 770 3649 fenore
793 3589 939 3665 senserit,
964 3611 1005 3650 ex
1028 3587 1229 3668 praefatione
1255 3588 1332 3651 libri

290 3694 328 3752 de
362 3712 397 3752 re
427 3689 544 3751 rustica
573 3709 772 3772 cognoscere
804 3689 898 3751 licet:
943 3693 1008 3752 Est
1033 3689 1207 3750 interdum
1230 3713 1333 3772 prae-

288 3805 381 3855 stare
412 3792 616 3854 mercaturis
646 3811 719 3851 rem
747 3812 931 3873 quaerere,
956 3790 993 3850 ni
1010 3801 1082 3850 tam
1098 3790 1333 3871 periculosum

290 3895 366 3966 siet,
384 3907 417 3955 et
439 3895 522 3957 item
567 3891 738 3962 oenerari‚
763 3892 794 3952 si
813 3903 885 3952 tam
908 3893 1048 3952 honeste
1072 3891 1149 3954 siet.
1173 3894 1333 3958 Maiores

288 3996 377 4059 enim
402 3996 515 4058 nostri
540 3997 601 4056 hoc
623 3993 672 4054 sic
698 3993 890 4052 habuerunt
920 4003 953 4052 et
982 3992 1031 4052 ita
1056 3993 1092 4055 in
1115 3996 1250 4078 legibus
1269 4020 1328 4078 po-

288 4080 443 4172 suerunt,
454 4095 588 4184 furem
609 4092 705 4174 dupli
727 4093 962 4170 condemnari,
977 4092 1227 4184 feneratorem
1249 4119 1333 4179 qua-

288 4199 416 4279 drupli.
452 4201 590 4278 Quanto
615 4195 769 4274 peiorem
795 4196 900 4258 civem
924 4196 1164 4261 existimarint
1177 4197 1332 4289 fenera·

289 4315 399 4364 torem
422 4318 524 4380 quam
535 4294 684 4385 furem,
721 4298 799 4360 hinc
823 4299 899 4361 licet
927 4300 1141 4362 existimare.
1160 4336 1200 4344 —
1240 4312 1270 4362 ct
1293 4323 1333 4362 ex
