2976 4844
1193 347 1253 410 tet

202 507 241 569 in
265 507 352 568 bello
375 503 607 598 superfuerit,
634 504 666 567 ei
686 503 764 588 quis
787 523 856 566 non
877 503 1045 566 invenerit
1057 505 1253 586 pecuniam,

202 609 332 691 egebit.

386 821 434 880 82.
470 822 571 880 Oratio
595 840 648 895 pro
666 824 698 879 L.
722 821 847 880 Caesare
867 825 904 878 ad
925 827 1072 896 populum.

270 955 308 1016 In
333 952 475 1016 editione
501 953 612 1037 priore
643 954 856 1038 fragmentum
883 955 975 1018 huius
1002 954 1159 1019 orationis
1182 977 1257 1020 ora·

204 1057 291 1120 tioni
322 1079 389 1140 pro
424 1049 466 1120 Ι..
497 1059 653 1124 Caesetio
684 1056 928 1121 coniunximus:
965 1060 1021 1122 sed
1047 1062 1256 1142 separandum

209 1181 279 1224 esse
306 1171 419 1243 postea
443 1159 665 1223 animadverti.
1033 1238 1039 1249 ,

272 1260 458 1326 Priscianus
485 1275 510 1326 t.
540 1265 571 1325 d.
597 1286 632 1344 p.
658 1263 730 1326 493.
791 1262 944 1328 Oetendo
979 1284 1109 1348 quoque
1143 1265 1183 1326 ab
1217 1284 1257 1326 eo

207 1365 421 1447 compositum
446 1364 594 1429 similiter
618 1363 698 1428 facit
723 1375 881 1428 ostentum
909 1376 940 1428 et
963 1377 1135 1429 ostensum.
1159 1399 1200 1412 -
1216 1400 1258 1410 —

208 1473 297 1534 Cato
319 1490 389 1552 pro
419 1473 461 1533 L.
494 1472 644 1534 Caesare
675 1469 722 1531 cd
752 1468 944 1550 populum:
980 1468 1074 1552 quod
1105 1487 1171 1552 ego
1205 1489 1257 1531 me

206 1591 312 1653 spero
338 1583 569 1635 ostentorum.

244 1713 315 1774 Caio]
353 1718 397 1761 boc
422 1719 500 1772 ipsum
523 1718 683 1776 fragmentum
703 1731 716 1760 e
738 1717 854 1762 Diomede
876 1731 921 1761 non
937 1716 1032 1771 Catoni,
1060 1720 1101 1761 sed
1119 1718 1149 1762 Ρ.
1166 1717 1257 1762 Rutilio

280 1805 343 1848 Rufo
366 1805 499 1862 tribuitur3
526 1810 596 1862 atque
618 1805 728 1849 Diomedi
753 1807 833 1860 potius
858 1819 927 1861 quum
949 1805 1077 1849 Prisciano
1097 1803 1168 1850 fidem
1191 1806 1257 1851 edhi-

284 1893 384 1937 berdem
403 1907 467 1947 esse,
489 1893 575 1938 scribit
590 1895 724 1938 Mamurius
746 1907 770 1948 p.
786 1890 828 1942 ³4.
851 1895 980 1938 Diomedes
991 1895 1054 1937 enim
1065 1893 1098 1937 sic
1118 1907 1141 1950 p,
1158 1889 1257 1938 372ed.

282 1982 388 2026 Putscb:
409 1980 456 2036 „R
476 1980 587 2026 Rutiliae
609 1980 638 2025 de
662 1982 713 2026 cite
736 1993 802 2026 sue:
828 1979 876 2026 Uni
898 1995 949 2026 une
968 1987 1091 2026 ostentato
1114 1987 1161 2030 est.
1196 1981 1258 2026 item

276 2083 326 2127 pro
347 2069 426 2114 Lucio
452 2065 575 2113 Caerueio
598 2068 633 2114 od
654 2070 775 2128 populum
806 2083 835 2113 ex
865 2070 910 2114 boe
941 2071 1057 2114 derivavit
1088 2070 1256 2124 participinmt

281 2157 354 2219 Quod
368 2171 415 2218 ego
430 2172 469 2202 me
482 2171 556 2215 opero
568 2163 734 2206 ostentorum.
752 2171 802 2202 non
818 2163 988 2202 ostensurum.
999 2157 1011 2180 ‘¹
1048 2157 1108 2202 Cum
1118 2159 1257 2214 Diomedes,

282 2249 316 2290 ait
336 2247 480 2300 Maiensius,
501 2246 569 2290 ouius
590 2249 680 2301 scripte
701 2246 844 2290 Priscianus
866 2247 928 2290 tolet
953 2259 1093 2300 excerpere,
1116 2247 1160 2290 boc
1182 2247 1259 2301 ipsum

282 2336 443 2394 fragmentum
455 2335 569 2380 tribuerit
581 2335 611 2378 P.
623 2335 715 2378 Rutttio
734 2335 758 2378 iu
779 2334 887 2378 oratione
898 2347 947 2390 pro
960 2332 989 2382 L.
1005 2329 1126 2378 Goerucio
1139 2332 1173 2378 od
1181 2347 1260 2392 popu-

282 2424 343 2477 lum,
367 2425 478 2468 Diomedi
494 2425 571 2482 magis
590 2423 735 2468 credendum
755 2427 800 2466 eet.
817 2443 846 2454 -
860 2421 885 2463 iu
905 2422 962 2465 edit.
981 2421 1106 2464 Diomedis
1123 2419 1259 2467 annitere

283 2527 306 2568 p.
331 2507 362 2558 65
383 2513 445 2556 idern
469 2512 536 2554 loeus
559 2511 594 2552 sic
616 2511 723 2567 iegitur:
757 2507 816 2552 Ideo
839 2506 867 2556 Ρ,
888 2506 983 2551 Lucius
1007 2503 1105 2552 Coelius
1126 2507 1161 2553 od
1179 2522 1260 2566 popu-

283 2602 355 2646 lum:
378 2599 422 2644 Ex
444 2597 491 2644 lter
510 2611 550 2642 me
570 2610 645 2656 spero
665 2602 829 2651 ostentorum,
855 2610 903 2640 nou
928 2600 1101 2642 ostensurum.

249 2723 325 2786 quod]
359 2739 430 2785 quem
454 2727 500 2769 duo
523 2720 593 2768 codd.
617 2723 721 2767 Krebiii.

421 2958 469 3016 83.
504 2956 604 3014 Oratio
627 2959 728 3013 eontra
753 2955 900 3012 Tiberium
922 2956 1045 3012 exulem.

280 3093 370 3154 Haec
399 3087 569 3170 inscriptio
600 3087 632 3151 in
661 3085 761 3150 Gellii
793 3085 878 3149 libro
912 3097 1036 3150 extat.=
1064 3088 1261 3168 Quaeritur,

215 3195 308 3280 plena
334 3193 376 3256 sit
397 3204 428 3256 et
452 3191 577 3275 integra
600 3212 717 3254 aunon.
764 3189 993 3269 Imperfectum
1016 3211 1084 3254 esse
1105 3192 1259 3256 arbitror.

216 3298 299 3364 Cum
326 3295 429 3381 igitur
451 3295 483 3358 in
511 3294 682 3359 Prisciano
708 3293 824 3356 oratio
850 3295 992 3358 Ceionio
1013 3296 1180 3358 adversus
1201 3297 1262 3359 Ti-

214 3402 350 3465 berium
381 3397 624 3482 Sempronium
660 3399 820 3480 Longum
848 3409 1059 3473 memoretur,
1093 3397 1262 3480 probabile

217 3515 265 3568 est
294 3501 480 3577 conficere,
509 3510 609 3564 totam
634 3498 880 3583 inscriptionem
906 3521 974 3563 esse
999 3501 1114 3564 oratio
1139 3513 1263 3565 contra

218 3607 400 3672 Tiberium
422 3603 668 3687 Sempronium
689 3607 851 3684 Longum
875 3605 1027 3666 exulem.
1072 3605 1136 3666 Sed
1154 3626 1194 3667 ne
1216 3603 1262 3667 sic

218 3709 345 3794 quidem
370 3729 481 3772 sensus
506 3719 553 3770 est
576 3716 718 3788 apertus.
763 3704 950 3788 ignoramus
976 3704 1075 3782 enim,
1097 3705 1177 3791 ‘quis
1206 3705 1261 3770 Ti.

218 3815 392 3894 Sempron.
414 3814 552 3895 Longus
575 3809 674 3873 fuerit
700 3808 785 3885 exul,
809 3819 840 3871 et
867 3829 929 3892 qua
954 3808 1128 3873 occasione·
1149 3819 1264 3872 contre

218 3915 343 3978 exulem
367 3913 495 3977 dixerit.
509 3913 605 3988 Ceto,
631 3925 735 3976 utrum
760 3933 831 3974 cum
856 3914 895 3974 de
918 3932 962 3987 eo¹
977 3911 1175 3974 restituendo
1194 3909 1264 3972 fer·

217 4027 306 4081 retur
330 4015 461 4098 rogatio
483 4039 523 4080 en
548 4015 637 4079 alias.
691 4017 738 4078 At
763 4013 901 4079 fortasse
928 4015 1122 4076 emendenda
1142 4023 1191 4074 est
1213 4009 1264 4074 in-

215 4118 376 4202 scriptio:
416 4120 532 4184 orotio
562 4130 686 4181 contro
717 4117 810 4180 Tib:
826 4115 1070 4197 Sempronium
1102 4118 1264 4198 Longum

213 4225 406 4286 ‘consulem
439 4220 537 4286 .·Cato
567 4221 689 4300 legatus
724 4220 829 4282 iuerat
860 4217 916 4294 Ti.
939 4215 1122 4296 Sempronii
1150 4217 1263 4298 Longi

218 4324 361 4389 consulis
390 4345 419 4388 a.
445 4323 507 4386 560
526 4321 628 4402 (tet).
674 4321 762 4387 Plut.
787 4320 871 4417 Cato
895 4317 945 4380 12.
992 4318 1162 4403 Aesupra
1182 4317 1265 4384 vidi-
