2966 4842
1185 336 1245 396 stt

260 489 338 551 ibid.
367 492 423 563 10,
449 490 485 560 9,
513 489 563 552 95.
610 489 702 570 Quid
724 491 834 570 ergo?
856 501 925 554 nan
948 503 1000 552 est
1022 491 1108 552 satis
1131 493 1248 554 omnia

193 594 245 653 sic
269 592 399 666 dicere,
424 591 595 672 quomado
616 593 670 654 M.
692 593 828 655 Tullius
851 591 972 654 discit?
993 593 1094 656 *Mibi
1115 593 1251 676 quidem

198 694 283 756 satis
311 705 412 766 esset,
448 692 478 754 si
503 695 621 756 omnia
642 694 804 776 consequi
823 715 973 776 possem.
1019 695 1112 776 Quid
1135 707 1249 757 tamen

201 808 354 869 noceret,
390 795 455 857 vim
481 797 661 868 Caesaris,
693 796 917 877 asperitatem
950 797 1074 869 Caelii,
1104 797 1250 877 diligen·
1291 851 1295 860 ,

208 899 291 959 tiam
305 897 490 970 Pollionis,
516 898 721 960 iudicium
745 897 864 962 Calvi
886 898 1091 980 quibusdam
1113 900 1147 960 in
1171 899 1253 961 locis

202 1021 391 1062 assumere.

259 1099 342 1163 ibid.
370 1102 425 1180 19,
453 1103 508 1176 10,
545 1103 594 1164 11.
640 1103 860 1164 sanctitas
883 1103 978 1167 Calvi
1000 1105 1152 1165 oratoris
1179 1106 1252 1164 lau·

200 1206 318 1266 datur.

265 1304 400 1368 Tacitus
427 1306 477 1369 De
510 1305 705 1371 Oratoribus
736 1329 767 1369 c.
793 1307 843 1374 18.
892 1306 1030 1372 Seruius
1053 1307 1183 1378 Galba,
1217 1309 1255 1371 C.

202 1409 330 1482 Carbo,
362 1428 514 1492 quosque
537 1409 627 1471 alios
659 1409 782 1471 merito
811 1409 972 1492 antiquos
1003 1409 1254 1481 vocaverimus,

203 1523 283 1573 sunt
299 1510 435 1573 horridi
452 1522 485 1572 et
504 1509 652 1592 impoliti
669 1522 702 1572 et
724 1511 828 1574 rudes
847 1523 880 1574 et
898 1509 1091 1593 informes,
1116 1523 1149 1574 et
1171 1532 1258 1595 quos

204 1612 336 1675 utinam
358 1614 453 1674 nulla
473 1624 573 1694 parte
596 1611 753 1675 imitatus
771 1624 859 1676 esset
882 1615 1037 1678 Caluus
1061 1625 1173 1675 vester
1195 1626 1256 1676 aut

205 1713 341 1779 Coelius
364 1725 425 1776 aut
447 1714 520 1796 ipse
543 1714 675 1779 Cicero.

268 1815 345 1886 ibid,
369 1839 399 1879 c.
426 1817 475 1878 18.
520 1816 671 1898 Legistis
699 1817 816 1902 utique
844 1829 877 1879 et
908 1817 1003 1882 Calvi
1032 1828 1065 1878 et
1088 1816 1190 1878 Bruti
1213 1817 1260 1878 ad

210 1919 408 1984 Ciceronem
429 1920 553 1982 missas
577 1919 758 2000 epistolas,
782 1920 967 2004 exquibus
984 1918 1103 2009 facile
1132 1929 1184 1980 est
1204 1919 1261 1980 de-

204 2022 432 2104 prehendere,
458 2023 533 2085 Cal
540 2043 628 2083 vum
652 2023 789 2104 quidem
803 2021 961 2085 Ciceroni
980 2022 1090 2084 visum
1108 2041 1261 2084 exsan-

207 2145 329 2206 guem
350 2135 384 2186 et
403 2123 629 2197 attritum,
657 2145 781 2186 rursus
797 2124 995 2188 Ciceronem
1008 2144 1030 2184 a
1049 2125 1153 2188 Calvo
1176 2123 1263 2184 male

208 2226 346 2288 audisse
369 2237 542 2308 tanquam
566 2228 718 2289 solutum
740 2237 773 2286 et
795 2245 962 2286 enervem.

271 2327 350 2391 ibid.
380 2351 409 2389 c.
442 2327 494 2390 95.
539 2328 660 2393 Cicero
689 2339 820 2389 ceteros
849 2324 1035 2387 eorundem
1066 2337 1261 2406 temporum

211 2431 359 2494 disertos
374 2429 570 2516 antecessit,
585 2432 737 2494 Calvus
755 2439 870 2491 autem
884 2439 917 2489 et
929 2427 1073 2490 Asinius
1091 2429 1262 2490 etCaesar

212 2545 243 2595 et
266 2531 401 2596 Coelius
423 2545 456 2594 et
479 2536 609 2594 Brutus
632 2553 693 2595 suo
716 2531 791 2594 iure
813 2542 846 2592 et
865 2528 1043 2612 prioribus
1065 2540 1098 2590 et
1120 2550 1260 2612 sequen·

212 2638 301 2700 tibus
330 2646 606 2718 anteponuntur,
637 2656 697 2696 nec
720 2630 834 2722 refert
866 2632 959 2716 quod
979 2631 1069 2693 inter
1100 2654 1135 2694 se
1157 2633 1266 2712 specie

214 2737 398 2827 dfferant,
452 2759 530 2798 cum
564 2758 691 2818 genere
723 2735 952 2798 consentiant.
1006 2733 1267 2796 adstrictior

213 2844 385 2914 Caluus,
421 2841 637 2902 numerosior
675 2839 836 2916 Asinius,
875 2835 1088 2918 splendidior
1122 2839 1263 2908 Caesar,

213 2945 370 3008 amarior
407 2941 561 3016 Coelius,
601 2941 744 3023 gravior
781 2944 931 3014 Brutus,
972 2938 1200 3000 veliementior
1236 2948 1268 2998 et

212 3047 347 3127 plenior
383 3058 415 3107 et
453 3043 620 3106 valentior
656 3042 793 3107 Cicero:
822 3061 941 3103 omnes
979 3051 1099 3102 tamen
1128 3039 1271 3103 eandem

215 3149 433 3211 sanctitatem
456 3145 668 3230 eloquentiae
675 3143 828 3236 ferunt,
854 3156 892 3206 ut
914 3143 944 3206 si
967 3143 1121 3206 omnium
1137 3142 1271 3226 pariter

216 3251 319 3317 libros
340 3251 375 3312 in
395 3271 534 3312 manum
557 3249 741 3323 sumseris,
765 3247 875 3320 scias,
900 3245 1056 3330 quamuis
1078 3247 1114 3308 in
1128 3244 1272 3310 diversis

217 3353 382 3438 ingeniis,
408 3374 480 3415 esse
504 3353 678 3436 quandam
700 3349 820 3414 iudicii
840 3370 881 3410 ac
904 3349 1091 3413 voluntatis
1112 3346 1271 3410 similitu-

218 3457 332 3518 dinem
354 3467 387 3517 et
410 3455 666 3536 cognationem.

283 3555 466 3636 Appuleius
495 3555 528 3616 in
560 3555 727 3636 Apologia
759 3568 783 3618 t.
820 3557 851 3618 9.
882 3579 915 3636 p.
946 3556 1007 3618 589
1031 3558 1084 3618 cd.
1117 3553 1274 3616 Bosscha.

220 3662 478 3738 Quamcumque
514 3658 708 3720 orationem
741 3660 910 3720 struxerit
950 3659 1092 3728 Avitus,
1135 3657 1187 3718 ita
1215 3655 1275 3716 illa

221 3757 287 3816 erit
304 3757 453 3837 undique
473 3759 528 3819 sui
546 3757 701 3846 perfecte
720 3758 896 3830 absoluta,
924 3771 962 3820 ut
975 3759 1009 3820 in
1032 3759 1094 3820 illa
1116 3778 1176 3819 nec
1191 3760 1276 3820 Cato
1364 3750 1371 3763 '

222 3857 429 3938 grauitatem
457 3861 612 3941 requirat
641 3881 699 3921 nec
725 3861 859 3922 Laelius
887 3861 1062 3922 lenitatem
1085 3881 1145 3920 nec
1168 3861 1274 3922 Crac-

223 3961 305 4020 cbus
343 3959 507 4038 impetum
545 3981 603 4022 nec
631 3965 762 4026 Caesar
791 3965 941 4024 calorem
976 3981 1034 4022 nec
1067 3961 1275 4022 Hortensius

225 4047 501 4123 distributionem
525 4081 595 4121 nec
623 4065 773 4126 Calvus
797 4062 1002 4145 argutias
1025 4079 1084 4120 nec
1106 4061 1277 4138 parsimo·

226 4165 319 4226 niam
344 4162 517 4226 Salustius
539 4183 598 4223 nec
622 4163 832 4244 opulentiam
855 4164 985 4227 Cicero.

289 4267 414 4327 Fronto
438 4286 471 4343 p.
497 4267 568 4324 171.
615 4262 845 4327 Contionatus·
869 4265 954 4325 Cato
984 4255 1139 4347 infeste,
1175 4259 1281 4317 Grae·
