2992 4840
246 365 309 428 222

283 526 369 584 diem]
408 529 424 570 i.
441 542 463 572 e.
485 526 706 584 Zablungstermin.
734 526 771 570 Er
796 526 840 570 hoe
867 528 917 581 ipso
942 527 1075 584 fragrarento
1102 527 1194 582 elucet,
1218 530 1294 586 tegem

317 617 430 660 Porciam
451 613 480 658 de
499 614 677 676 provocatione
701 613 735 658 od
747 615 865 672 populum
879 628 932 658 esse
955 615 1154 670 intelligendam:
1184 629 1210 657 ea
1232 616 1295 659 enim

319 706 356 747 tex
377 703 465 756 vetuit,
498 716 545 760 quo
568 703 645 745 minus
666 705 798 747 creditores
818 703 841 746 in
863 703 956 744 vincula
979 702 1128 746 coniicerent
1154 705 1294 747 venderent·

318 806 364 848 que
386 791 535 842 debitorem,
556 791 624 833 sicuti
647 790 769 844 prioribus
787 789 934 844 temporibus
958 791 1047 832 sactum
1072 795 1118 836 est.

282 913 460 972 discordiam]
496 917 599 970 Verum,
614 922 664 968 est,
686 915 715 958 ab
734 916 906 971 antiquissimis
929 916 982 958 inde
1004 914 1169 974 temporibus,
1191 915 1295 970 quoties-

319 1017 410 1059 cunque
431 1004 453 1045 in
478 1001 600 1056 republica
623 1017 723 1045 romana
742 1003 827 1045 seditio
850 1008 890 1045 aut
914 1002 996 1045 turbae
1019 1003 1101 1044 civites
1120 1008 1217 1045 coortae
1231 1007 1293 1054 sunt,

321 1103 362 1133 eas
383 1095 481 1145 propter
505 1104 545 1134 aes
568 1092 670 1134 alienum
690 1091 739 1134 sire
760 1091 790 1133 ob
810 1092 873 1133 cives
894 1089 1022 1133 obaeratos
1043 1089 1118 1132 iactas
1143 1103 1206 1136 esse.
1236 1089 1296 1132 ltine

322 1177 473 1220 secessiones
496 1178 594 1232 populi,
628 1177 681 1220 hinc
705 1179 844 1234 rogationes
865 1177 987 1231 Liciniae,
1018 1178 1101 1220 turbae
1127 1177 1293 1230 Gracchanae,

321 1267 385 1322 teges
407 1265 539 1321 agrariae,
565 1265 619 1308 trino
646 1266 711 1321 teges
735 1266 848 1309 Porciae.
886 1265 956 1313 Cori.
981 1263 1089 1313 Niebuhr
1114 1271 1130 1308 t.
1155 1260 1179 1308 3.
1206 1277 1228 1318 p.
1251 1261 1294 1310 22.

320 1354 381 1396 Fuss
400 1348 578 1411 (Antiqrritotes
591 1351 717 1395 Romanae
729 1341 759 1406 p.
775 1350 819 1404 67)
836 1367 880 1397 uer
892 1353 1021 1405 alienum,
1041 1355 1088 1406 ait,
1114 1358 1140 1396 ut
1158 1367 1173 1394 u
1192 1353 1296 1410 regibus

319 1441 437 1497 expulsis
456 1440 521 1482 inter
537 1439 694 1496 praecipuos
711 1440 868 1495 plebeiorum
889 1441 1010 1484 rnirerioe
1030 1446 1053 1484 ct
1074 1439 1217 1484 discordiae
1235 1441 1296 1482 civi·

321 1528 354 1572 tis
375 1541 483 1582 caterae,
514 1529 549 1570 ito
571 1533 686 1570 extremo
710 1528 760 1571 ium
786 1528 901 1572 libertate
927 1529 992 1572 inter
1014 1529 1169 1586 gravissimo
1194 1528 1297 1584 reipub-

320 1615 387 1658 licae
410 1615 478 1658 molo
498 1615 663 1658 invenimus.“

629 1905 658 1962 2.
692 1903 790 1960 Oratio
812 1944 818 1958 .
843 1945 850 1958 .
874 1945 881 1958 .
905 1943 912 1958 .

196 2136 223 2154 „
317 2076 478 2155 Festusp.
498 2075 567 2136 151.
596 2071 832 2155 Magnificius
852 2092 915 2152 pro
936 2071 1187 2154 magnificentius
1209 2091 1298 2132 usur-

252 2177 342 2259 pavit
369 2211 410 2222 -
432 2180 517 2240 Coto
535 2175 567 2238 in
597 2197 633 2238 ea
655 2197 749 2258 quam
772 2208 811 2218 -
836 2209 896 2248 -,
928 2186 959 2235 at
981 2195 1087 2255 nepos
1108 2175 1183 2236 eius
1209 2173 1239 2235 in
1264 2193 1298 2234 ea

253 2283 360 2358 (qinom
381 2277 510 2359 scripsit
534 2321 542 2340 .
569 2321 577 2340 .
605 2322 613 2340 .
641 2321 650 2339 .
696 2277 861 2358 Ta)men,
886 2276 954 2350 ait,
979 2299 1055 2338 cunr
1081 2277 1203 2338 aedilis
1224 2277 1299 2355 (cu-

254 2383 341 2444 rulis
366 2393 473 2454 esset,
504 2383 662 2462 Magnae
673 2379 836 2459 'Mathis
866 2379 967 2442 turios
1001 2377 1300 2461 magnifflcentiur

253 2505 357 2567 quom
382 2481 587 2571 atriferis.)

491 2781 625 2838 XXXIV.
659 2781 685 2837 C.
707 2780 883 2851 Sempronius
905 2779 1053 2838 Gracchos.

320 2927 361 2993 C.
377 2929 544 2991 Gracchus
568 2951 681 2992 novom
703 2929 790 2991 annis
815 2942 904 2991 natus
925 2929 1028 2992 minor
1045 2927 1178 2991 Tiberio
1201 2929 1300 2990 fratrc

256 3042 345 3106 erat,
376 3035 457 3094 unde
489 3053 570 3095 anno
600 3032 669 3096 sere
696 3033 758 3093 600
780 3031 868 3115 (151)
897 3043 1002 3094 natum
1032 3041 1168 3093 constat.
1212 3031 1299 3094 Plut.

257 3134 298 3197 C.
323 3135 466 3196 Gracch.
494 3157 523 3196 c.
551 3137 581 3196 1.

321 3246 480 3325 Quaestor
505 3245 536 3306 in
569 3245 713 3307 Sardinia
735 3268 764 3307 a.
785 3247 846 3307 628
874 3248 974 3323 (tto).
1014 3242 1301 3323 'tribunusplebis

257 3369 286 3409 a.
311 3347 370 3408 631
394 3348 482 3424 (193)
506 3346 672 3409 etiterum
698 3369 727 3409 a.
750 3349 811 3409 632
834 3347 935 3431 (129).
976 3348 1055 3410 Cum
1078 3345 1110 3407 in
1138 3365 1176 3407 eo
1203 3343 1302 3424 magi-

257 3460 357 3510 stratu
391 3449 502 3510 multas
534 3449 770 3532 promulgasset
801 3450 889 3531 leges
923 3451 1115 3530 populares,
1152 3446 1183 3508 vi
1209 3457 1303 3529 atque

257 3550 352 3612 armis
367 3549 535 3632 optimates
551 3548 711 3613 restitere.
743 3550 866 3613 Seditio
888 3562 1000 3612 exorta
1019 3563 1065 3612 cst
1081 3572 1110 3612 a.
1126 3549 1186 3611 633
1204 3545 1303 3630 (121),

257 3664 288 3713 ct
316 3651 502 3714 interfectus
527 3650 640 3714 Gaius.

323 3790 443 3854 Cicero
468 3791 571 3853 Bruto
596 3792 648 3852 33.
683 3793 751 3856 Seii
765 3815 838 3854 ecce
858 3793 894 3854 in
915 3792 1072 3854 monibus
1088 3791 1187 3852 viret
1203 3810 1305 3872 prae-

258 3892 473 3956 stantissimo
501 3892 642 3974 ingenio
671 3905 704 3954 et
721 3893 908 3984 flagranti
935 3894 1051 3956 stratio
1076 3905 1109 3954 et
1139 3893 1260 3954 doctus
1284 3911 1307 3951 a

256 4016 369 4076 puero
398 3998 437 4058 G·
461 3997 649 4057 Gracchus.
696 3994 781 4058 Noti
806 3995 896 4056 enim
923 4008 1067 4077 putore,
1102 4013 1307 4077 quemquam

256 4097 447 4176 pleniorem
474 4108 506 4158 et
531 4096 724 4159 uberiorem
746 4098 792 4156 art
812 4096 1139 4185 ‹iicendumfrrisse.
1167 4100 1214 4159 Et
1236 4095 1303 4167 itte,

260 4197 310 4263 sic
328 4219 494 4279 prorsus,
519 4197 648 4279 inquit,
673 4197 854 4274 existimo,
878 4211 980 4282 atque
1005 4201 1111 4261 istum
1137 4198 1178 4260 de
1207 4217 1307 4276 eripe-

263 4298 413 4362 rioribuo
441 4320 527 4380 pene
560 4300 669 4362 solum
698 4302 787 4382 tego·
841 4304 952 4365 Immo
981 4302 1106 4382 plone,
1144 4299 1306 4382 inquom,
