2992 4844
1176 341 1235 404 307

186 496 376 578 pendentes
398 518 478 564 uero
500 518 577 561 cum
600 498 741 564 alitibus
763 498 798 560 in
821 510 920 562 tanta
942 498 1143 562 deliciarum
1156 521 1236 582 pre-

190 600 242 662 tia
259 599 404 672 venisse,
428 601 623 664 clarissimo
645 601 700 681 (ut
723 601 878 684 equidem
893 601 1063 684 arbitror)
1077 604 1237 684 exemplo

191 706 233 766 L.
259 703 378 766 Crassi
405 715 507 787 atque
536 707 598 768 Cn.
627 704 775 768 Domitii
804 704 1036 768 Ahenobarbi.
1090 708 1238 770 Crassus

191 817 313 869 orator
334 801 422 894 fuit
454 806 490 868 in
510 807 642 894 'primis
675 806 824 870 nominis
857 807 1015 882 romani,
1052 806 1175 870 domus
1207 809 1240 870 ei

193 907 404 990 magnifica,
429 909 489 972 sed
507 909 689 992 aliquanto
716 911 954 991 praestantior
975 910 1010 971 in
1033 910 1153 972 eodem
1174 913 1240 974 Pa-

192 1012 276 1074 latio
309 1013 351 1092 Q.
385 1010 518 1086 Catuli,
552 1015 660 1074 multo
692 1034 773 1076 nero
805 1013 1039 1096 pulcherrima
1072 1034 1241 1076 consensu

134 1175 137 1186 ,
192 1112 346 1179 omnium
368 1125 481 1176 aetate
502 1135 545 1176 ea
573 1114 608 1176 iu
631 1117 715 1178 colle
741 1116 906 1180 Viminali
929 1119 967 1181 C.
992 1116 1125 1200 Aquilli
1145 1119 1238 1200 equi·

193 1216 238 1277 tis
266 1214 418 1289 romani,
454 1217 612 1284 clarioris
647 1217 708 1280 illa
738 1218 843 1280 etiam
872 1240 976 1304 quam
1006 1219 1095 1282 iuris
1130 1219 1239 1281 civilis

193 1318 351 1391 scientia,
376 1341 452 1380 cum
476 1331 591 1382 tamen
620 1320 751 1383 obieeta
774 1324 901 1385 Crasso
933 1343 999 1384 sua
1020 1334 1084 1384 est.
1130 1323 1240 1386 Nobi-

193 1420 406 1484 lissimarum
427 1423 584 1504 gentium
613 1423 731 1497 ambe,
757 1426 903 1487 Crassus
924 1437 1026 1507 atque
1049 1424 1237 1498 Domitius,

193 1543 375 1586 censuram
399 1537 481 1607 post
510 1527 710 1588 consulatus
739 1526 851 1588 simul
872 1547 1010 1608 gessere
1041 1547 1133 1588 anno
1161 1548 1241 1589 ‹eon-

196 1626 289 1690 ditae
304 1625 398 1689 urbis
417 1629 585 1692 DCLXII
586 1624 817 1717 frequentem
839 1627 966 1711 iurgiis
978 1641 1124 1710 propter
1139 1627 1240 1690 dissi·

196 1727 423 1792 militudinem
447 1751 594 1792 morum.
624 1731 714 1794 Tum
736 1733 797 1796 Cn.
822 1730 1012 1804 Domitius,
1037 1744 1074 1793 ut
1097 1743 1171 1793 erat
1187 1755 1240 1792 oe-

195 1835 333 1895 hemens
361 1845 509 1906 natura,
538 1846 722 1915 praeterea
753 1853 917 1896 accensus
950 1833 1049 1910 odio,
1083 1835 1175 1918 quod
1196 1857 1242 1896 ex

195 1935 426 1998 aemulatione
441 1936 676 2002 avidissimum
695 1946 764 2009 est,
789 1937 946 2018 graviter
968 1937 1137 2019 increpuit
1154 1939 1242 1999 tanti

195 2060 367 2104 censorem
395 2039 568 2113 babitare,
591 2061 657 2122 pro
678 2040 781 2102 domo
807 2039 881 2102 eius
903 2040 1096 2102 sestertium
1120 2039 1241 2102 millies

197 2141 382 2205 identidem
409 2142 628 2223 promittens.
674 2146 719 2206 Et
747 2147 913 2215 Crassus,
946 2153 984 2204 ut
1005 2162 1169 2225 praeseus
1192 2140 1243 2201 in·

196 2244 300 2328 genio
331 2267 465 2327 semper
497 2257 530 2307 et
551 2243 682 2335 faceto
715 2248 830 2326 lepore
863 2247 989 2319 solers,
1020 2245 1178 2306 addicere
1209 2265 1244 2304 se

197 2347 391 2428 respondit,
416 2347 570 2429 exceptis
601 2369 666 2409 sex
696 2348 889 2410 arboribus.
936 2350 987 2411 Ac
1009 2368 1051 2408 ne
1079 2347 1245 2427 unoqui-

200 2451 277 2512 dem
289 2449 452 2524 denario,
475 2449 506 2512 si
521 2450 777 2522 adimerentur,
796 2461 921 2511 emtam
932 2451 1062 2510 nolente
1073 2446 1241 2520 Domitio,
1320 2504 1322 2506 ,

201 2555 349 2618 Crassus
379 2565 541 2615 utrumne
574 2553 685 2635 igitur
717 2573 783 2636 ego
812 2573 909 2626 sum,
943 2549 1071 2634 inquit,
1103 2570 1242 2633 quaeso,

202 2653 350 2720 Domitii
384 2659 543 2738 exemplo
569 2655 709 2738 granis,
742 2656 784 2717 ab
812 2655 889 2737 ipsa
917 2675 992 2716 mea
1014 2657 1172 2716 Censura
1187 2672 1247 2713 no·

198 2757 342 2834 tandus,
375 2759 433 2842 qui
462 2759 497 2820 in
524 2759 647 2834 domo,
671 2779 759 2842 quae
782 2759 865 2820 mibi
888 2757 1076 2820 hereditate
1099 2755 1243 2828 obvenit,

198 2858 342 2923 comiter
369 2861 519 2923 habitem
553 2883 598 2922 an.
627 2873 685 2936 tu,
719 2861 777 2944 qui
806 2860 1002 2923 sestertium
1033 2857 1155 2920 millies
1185 2879 1247 2920 sex

203 2963 347 3026 arbores
368 2964 557 3027 aestimes?
586 2965 659 3028 Eae
676 2962 792 3053 suere
815 2963 892 3034 loti,
923 2964 1047 3044 patula
1069 2979 1247 3052 ramorum

203 3067 373 3146 opacitate
389 3067 548 3128 lascivae.
593 3069 643 3130 Ac
666 3087 707 3129 ne
730 3066 805 3150 quis
828 3066 927 3126 vilem
943 3065 984 3126 de
999 3075 1111 3126 cetero
1128 3062 1246 3126 Crassi

200 3169 340 3230 domum
356 3169 505 3252 nihilque
520 3170 556 3230 in
579 3191 620 3230 ea
642 3169 804 3252 iurgante
821 3168 979 3232 Domitio
990 3165 1117 3260 fuisse
1133 3166 1246 3227 dioen-

199 3271 282 3332 dum
304 3283 443 3354 praeter
465 3273 607 3334 arbores
631 3271 772 3346 iudicet,
803 3272 873 3334 iam
895 3274 1073 3334 columnas
1096 3279 1247 3353 quatuor

199 3373 372 3458 Hymettii
398 3375 584 3438 marmoris
606 3375 795 3438 aedilitatis
818 3375 937 3458 gratia
958 3375 1004 3436 ad
1026 3394 1163 3436 scenam
1190 3392 1246 3432 or·

202 3477 352 3538 nandum
392 3477 566 3553 advectas,
600 3477 635 3539 in
668 3479 760 3540 atrio
793 3477 867 3540 eius
905 3478 1028 3538 domus
1063 3485 1245 3546 statuerat,

201 3599 278 3639 eum
301 3579 335 3641 in
356 3580 494 3661 publico
517 3581 670 3642 nondum
692 3587 805 3642 essent
827 3582 916 3640 ullae
941 3599 1167 3642 marmoreae.

238 3725 382 3768 sestertium
401 3723 506 3784 millies]
544 3727 561 3769 i.
584 3742 606 3770 e.
629 3720 768 3780 elfinus
797 3725 896 3766 Thales.
920 3738 940 3765 v.
969 3725 1111 3768 Harlmanns
1132 3722 1247 3765 'labellen

273 3813 316 3855 der
335 3815 472 3858 romischcn
493 3816 596 3858 Miinzen
626 3829 649 3870 p,
679 3810 720 3858 20.
750 3813 852 3856 Multum
878 3813 1108 3854 ePlinio'discedit
1128 3808 1248 3855 Valerius,

274 3905 302 3942 nt
320 3913 374 3944 mox
394 3903 534 3946 videbimus.

265 4019 380 4082 Valet.
412 4021 509 4082 Max.
543 4019 580 4095 9,
613 4023 647 4093 l,
683 4023 713 4082 4,
760 4024 820 4085 Cn.
851 4018 1028 4082 Domitius
1060 4019 1099 4076 L.
1126 4013 1251 4073 Crasso

203 4124 356 4205 collegae
372 4143 437 4185 suo
458 4121 681 4184 altercatione
703 4133 782 4183 orta
805 4121 942 4194 obiecit,
968 4118 1059 4201 quod
1074 4114 1250 4175 columnas

202 4224 404 4310 Hymettias
434 4225 470 4288 in
503 4223 640 4297 porticu
669 4219 792 4285 domus
815 4224 965 4285 haberet.
1000 4221 1110 4299 Quem
1144 4211 1252 4274 conti·

203 4347 273 4389 nuo
296 4331 465 4400 Crassus,
498 4325 618 4408 quanti
652 4325 724 4406 ipse
752 4345 849 4386 suam
879 4324 1019 4386 domum
1041 4316 1252 4388 aestimaret,
