2992 4844
285 375 345 436 278

352 531 480 594 Sallust.
513 531 587 612 lug.
619 552 651 592 c.
683 529 735 594 30.
785 532 823 594 0.
852 529 1011 594 Memmii
1026 526 1210 619 facundia
1237 531 1338 592 clara

284 637 481 717 pollensque
494 631 594 722 fait.

427 884 454 940 l.
496 884 605 941 Conciu
626 888 691 956 pust
712 885 835 939 reditum
858 883 891 938 L.
914 881 1040 938 Cornelii
1062 879 1186 937 Bestiae.

353 1016 400 1078 Ea
432 1027 479 1078 est
509 1015 614 1078 habita
640 1037 670 1077 a.
702 1016 763 1076 544
795 1014 895 1095 (110).
941 1015 983 1076 Ι..
1010 1010 1204 1094 Calpurnius
1226 1011 1337 1076 Bestia

289 1116 398 1178 consul
421 1138 450 1179 a.
472 1117 532 1178 043
553 1118 643 1196 (111)
670 1117 787 1179 bellum
815 1127 926 1179 contra
938 1116 1126 1198 Iugurtham
1142 1127 1336 1198 susceperat,

288 1220 342 1280 sed
373 1238 490 1300 arege
515 1219 648 1299 pecunia
678 1218 910 1300 corrumpitur.
955 1217 1037 1282 Cum
1064 1218 1175 1281 deinde
1197 1219 1336 1282 Romam

289 1340 439 1381 reversus
457 1331 551 1397 esset,
574 1319 747 1384 Memmius
775 1320 921 1383 tribunus
946 1321 991 1403 pl.
1015 1319 1202 1384 concionem
1223 1332 1338 1384 contra

290 1442 358 1482 eum
383 1420 476 1482 dixit.
800 1485 804 1492 ,

352 1523 480 1584 Sallust.
498 1523 647 1606 Iugurth.
673 1548 703 1589 e.
724 1525 778 1588 30.
822 1527 860 1589 0.
885 1522 1093 1600 Memmius,
1119 1523 1217 1588 cuius
1240 1524 1281 1587 ele
1297 1524 1339 1586 li·

290 1623 419 1686 bertate
457 1625 575 1706 ingeni
616 1639 650 1688 et
685 1627 766 1690 odio
798 1628 973 1708 potentiae
1003 1627 1192 1689 nobilitatis
1226 1648 1337 1710 supra

291 1725 465 1800 diximus,
479 1750 629 1809 prorsus
644 1729 914 1792 intentas'omni
940 1730 1042 1791 modo
1060 1729 1168 1810 plebis
1182 1728 1339 1792 animam

291 1829 507 1890 accendebat.
569 1829 637 1894 Sed
677 1832 840 1914 quioniam
884 1853 925 1894 ea
965 1843 1164 1913 tempestate
1206 1835 1337 1896 Romae

291 1932 439 1994 Memmi
438 1929 621 2020 facundia
640 1936 735 1995 clara
754 1933 1050 2024 pollenspaefait,
1069 1934 1186 1996 decere
1204 1934 1338 1996 existu-

294 2033 501 2095 marianam
516 2056 562 2096 ex
583 2046 654 2096 tam
679 2037 795 2098 multis
814 2036 1008 2100 orationem
1023 2036 1097 2100 eias
1107 2036 1337 2118 perscribere,

292 2155 334 2196 ac
357 2135 577 2217 potissimum
596 2158 639 2197 ea
660 2137 791 2213 dicam,
816 2160 903 2221 qaae
934 2138 970 2199 in
998 2137 1156 2200 contione
1178 2148 1258 2219 post
1283 2160 1338 2200 re·

293 2235 405 2298 ditum
426 2238 562 2300 Bestiae
585 2239 819 2304 huiuscemodi
845 2240 954 2302 uerbis
977 2240 1154 2302 disseruit.

329 2380 602 2442 unam-perscribere]
638 2399 682 2428 nee
705 2391 782 2430 temen
810 2400 863 2430 earn
891 2386 1008 2430 Salustius
1031 2387 1060 2430 sd
1085 2385 1185 2429 verbum
1205 2386 1228 2430 in
1250 2384 1339 2429 librum

365 2484 433 2514 suum
452 2472 550 2526 retulit,
570 2474 611 2516 sed
632 2485 699 2516 ruore
719 2487 762 2516 suo
781 2474 884 2532 cogitata
897 2473 1005 2518 lllerumii
1024 2475 1081 2518 stilo
1100 2475 1198 2528 proprio
1216 2473 1338 2521 torruerit.

331 2729 360 2784 2.
402 2727 500 2785 Oratio
521 2730 659 2786 adversus
679 2730 713 2785 L.
734 2729 921 2801 Calpurnium
939 2728 1065 2786 Bestiam
1080 2732 1143 2801 lege
1160 2730 1300 2788 Mamilia.

359 2878 408 2938 Ea
435 2876 519 2939 dieta
552 2889 599 2940 est
631 2898 661 2938 a.
692 2877 753 2940 544
784 2876 886 2961 (110).
943 2879 1082 2941 Bestiam
1114 2876 1253 2940 defendit
1284 2879 1339 2942 M.

294 2977 451 3041 Aemilius
477 2979 631 3054 Scaurus,
655 2978 711 3066 qui
737 2979 770 3041 in
796 2980 881 3043 bello
900 2980 1093 3063 Iugurthino
1113 2980 1237 3042 Bestiae
1260 3001 1341 3044 con-

295 3080 371 3158 sulis
400 3081 522 3162 legatus
549 3081 667 3144 fuerat.
721 3081 762 3146 C.
791 3081 954 3146 Mamilius
983 3082 1170 3145 Limetanus
1195 3080 1342 3145 tribunus

295 3182 343 3262 pl.
366 3203 395 3243 a.
421 3183 483 3243 544
505 3185 595 3263 (110)
620 3184 821 3266 rogationem
857 3188 896 3247 ad
929 3185 1081 3266 populum
1109 3183 1340 3266 promulgavit,

296 3283 342 3345 uti
362 3296 568 3367 quaereretur
592 3285 624 3347 in
647 3308 716 3362 eos,
745 3307 881 3370 quorum
907 3286 1043 3348 consilio
1067 3286 1222 3367 Iugurtha
1241 3283 1342 3346 senati

298 3389 425 3448 decreta
451 3386 665 3469 neglexisset,
698 3386 818 3472 quique
848 3391 887 3450 ab
922 3409 961 3451 eo
990 3388 1021 3449 in
1051 3386 1262 3471 legationibus
1289 3396 1343 3447 aut

295 3488 437 3570 imperiis
457 3488 606 3569 pecunias
639 3488 847 3569 accepissent.
890 3490 1019 3552 Sallust.
1048 3491 1122 3573 lug.
1145 3491 1198 3550 40.
1244 3485 1343 3550 Multi

296 3590 422 3654 nobiles
449 3593 509 3652 hae
531 3593 603 3674 lege
638 3590 777 3653 accusati
806 3603 837 3653 ct
868 3592 1006 3653 damnati
1035 3604 1121 3664 suut,
1147 3590 1232 3653 iuter
1261 3609 1342 3674 quos

297 3695 340 3755 L.
369 3692 561 3775 Calpurnius
589 3693 695 3756 Bestia
722 3693 845 3757 Consul
880 3715 909 3756 a.
938 3695 999 3755 543
1024 3693 1115 3773 (111)
1141 3705 1225 3765 erat,
1248 3711 1342 3775 quem

297 3796 340 3861 C.
363 3795 536 3859 Memmius
561 3817 648 3858 reum
668 3794 759 3859 lecit.
799 3795 976 3859 Constabat
998 3795 1100 3872 enim,
1118 3816 1188 3858 eum
1209 3791 1343 3875 pecunia

297 3910 484 3979 corruptum
520 3919 590 3960 cum
623 3899 781 3980 Iugurtha
811 3918 922 3977 pacem
954 3897 1081 3960 fecisse.
1121 3895 1221 3959 Cous.
1254 3891 1344 3957 Livii

296 4001 388 4084 Epit.
423 4001 445 4063 l.
474 4000 523 4068 04.
550 3999 669 4064 Florus
690 4001 720 4074 3,
746 4001 776 4062 1.
809 4000 947 4064 Orosius
971 4002 1000 4076 5,
1027 4002 1078 4063 15.
1105 4001 1272 4063 Drumanu
1299 3999 1342 4058 T.

300 4104 331 4168 2.
356 4125 390 4185 p.
415 4103 467 4166 95.

322 4257 325 4262 .
363 4204 436 4269 Cic.
459 4207 499 4266 de
522 4204 615 4268 Orat.
635 4203 666 4278 2,
694 4205 746 4279 70,
771 4205 845 4268 283.
890 4206 1023 4268 Bellum
1045 4203 1151 4266 etiam
1169 4213 1241 4278 est,
1267 4221 1346 4264 cam
1395 4249 1401 4260 .

299 4305 383 4386 qaid
396 4305 516 4386 cuique
528 4305 574 4368 sit
595 4317 860 4370 consentaneam
881 4306 1024 4368 dicitur:
1046 4317 1084 4368 ut
1101 4324 1180 4368 cum
1192 4305 1346 4368 Scaurus
