2976 4844
239 377 278 438 76

238 534 296 596 ubi
322 534 424 597 datus
449 547 522 609 eet,
548 547 622 597 lum
647 535 699 598 uti
728 555 785 598 eos
818 547 946 596 mutem
975 547 1078 619 atque
1104 535 1167 599 6111
1189 538 1284 601 modi

236 637 303 700 sim
328 658 390 718 pro
416 637 494 700 alius
519 638 617 702 modi.

300 739 420 806 Ibidem
445 743 488 804 Τ.
509 742 540 802 1.
566 763 600 822 p.
613 741 688 804 276.
743 744 799 806 M.
824 742 969 807 061616
992 743 1206 806 6666666116
1229 765 1282 807 ue·

236 842 324 906 61116
349 855 382 906 61
409 843 590 908 uehiculis:
615 847 711 909 Nam
730 845 964 928 periniurium
989 846 1065 920 siet,
1095 869 1172 908 cum
1198 847 1284 909 mihi

238 946 280 1009 ob
305 966 364 1009 eoa
390 965 524 1022 mores,
553 968 639 1029 quos
664 948 765 1031 prius
789 949 911 1021 habui,
943 950 1052 1012 honos
1078 950 1200 1021 detur·,·
1226 950 1284 1013 ubi

238 1049 341 1110 datus
364 1061 426 1123 est,
452 1061 526 1111 tum
550 1050 602 1112 611
624 1072 684 1113 eos
711 1063 839 1114 mutem
861 1063 963 1134 atque
987 1051 1050 1113 atii
1074 1053 1167 1116 modi
1184 1053 1281 1116 aiem.

301 1151 425 1215 Ibidem
454 1154 496 1214 Τ.
524 1157 554 1216 1.
583 1175 618 1236 p.
644 1153 718 1216 666.
768 1157 824 1218 M.
859 1155 994 1218 Coelius
1025 1155 1066 1216 de
1097 1155 1221 1218 uestitu
1251 1167 1283 1218 et

237 1253 417 1317 uehiculis:
443 1257 540 1320 Nam
562 1255 796 1338 periniurium
826 1256 914 1330 siet,
943 1279 1022 1320 eum
1051 1257 1136 1320 mitt
1160 1258 1202 1321 ob
1223 1280 1282 1321 eos

237 1377 372 1432 morea,
405 1379 492 1440 quos
517 1358 619 1440 prius
649 1358 773 1434 habui,
802 1360 912 1422 166666
942 1360 1064 1431 detur,-
1093 1360 1152 1422 661
1179 1360 1283 1424 datur

236 1459 294 1534 ait,
322 1471 398 1522 tum
417 1459 470 1523 uti
494 1482 553 1524 eos
579 1471 709 1524 rnutem
729 1473 832 1546 atque
856 1462 918 1524 6111
944 1462 1038 1525 modi
1060 1462 1138 1527 eim.

272 1621 310 1666 M.
332 1620 402 1682 Ceto]
433 1627 455 1668 in
480 1627 552 1670 tertio
573 1627 626 1669 luco
650 1623 688 1674 M.
712 1621 810 1670 Goeller
831 1627 954 1680 scribitur,
977 1631 1001 1670 et
1021 1627 1097 1670 sicin
1117 1627 1283 1672 6666166666-

236 1707 241 1716 ’
310 1713 402 1756 dicibus
425 1719 520 1768 praeter
545 1713 695 1768 Lipsieusem
715 1711 752 1774 2.,
771 1716 811 1771 qui
831 1711 937 1758 Murcue
953 1725 1047 1773 quoque
1059 1713 1184 1759 Caecilius
1202 1717 1281 1768 habet,

311 1801 356 1858 legi
378 1801 492 1845 Krehlius
514 1805 614 1846 testatur
633 1807 656 1846 iu
680 1803 800 1846 Addeudis
823 1803 854 1848 T.
877 1803 901 1850 1.
930 1815 954 1857 p.
980 1803 1066 1847 xxti.
1104 1803 1220 1860 Equidem
1243 1799 1281 1848 M.

308 1885 368 1934 Galo
391 1903 436 1945 pro
455 1885 492 1935 M.
511 1886 612 1934 Coelius
630 1891 743 1944 restituo,
767 1897 909 1948 quamquam
929 1891 1086 1936 liuhukeuius
1110 1893 1138 1936 ad
1161 1891 1282 1936 Velleiusu

308 1978 333 2034 2,
358 1975 399 2024 68.
423 1992 447 2034 p.
468 1976 517 2024 297
543 1979 605 2023 huuc
628 1981 706 2024 locum
732 1979 817 2024 Coelio
843 1980 906 2024 11616
930 1982 1022 2024 oratori
1045 1983 1153 2025 tribuere
1174 1982 1281 2038 mauult,

236 2123 240 2128 Ι
307 2067 471 2126 61666116661
491 2081 550 2112 uana
570 2068 682 2122 opiuioue
705 2065 746 2124 (v.
764 2068 861 2112 Ellendt
884 2081 906 2122 p.
927 2067 1063 2122 cxvul.)
1084 2069 1182 2129 fretus,
1205 2069 1281 2114 eidem

312 2157 434 2203 vindicare
456 2158 543 2201 studet.
590 2157 665 2200 Aliter
686 2157 757 2199 etiam
778 2156 866 2200 iudicat
888 2156 963 2200 Ulrici
985 2154 1092 2212 (Antike
1113 2158 1281 2214 ilistoriogra-

308 2250 362 2306 phie
383 2261 407 2303 p.
431 2244 512 2304 115),
534 2243 573 2302 qui
596 2245 654 2288 haee
676 2244 750 2288 verba
777 2257 806 2287 ex
827 2245 978 2288 orationibus
1000 2243 1077 2289 Coeiii
1096 2245 1213 2300 Antipatri
1233 2245 1281 2288 his-

308 2337 389 2390 torici,
411 2349 471 2393 quae
494 2333 603 2377 historiis
627 2333 680 2376 eius
709 2333 813 2376 insertae
842 2333 960 2386 luissent,
993 2338 1105 2388 excerpta
1129 2338 1205 2388 putat.
1251 2334 1283 2376 Ar

307 2430 390 2470 eontra
412 2425 436 2467 16
460 2423 543 2468 eadem
565 2435 658 2465 mecum
680 2423 799 2466 sententia
822 2426 886 2465 stant
907 2421 1040 2465 Mamurius
1066 2437 1088 2476 p.
1110 2417 1163 2474 tl„
1186 2421 1282 2465 Ellendt

306 2527 331 2570 p.
353 2512 447 2557 cxvii
477 2515 547 2568 atque
567 2509 693 2554 Weieluert
720 2509 850 2553 Poetarum
879 2511 1008 2554 latinorum
1034 2509 1139 2568 Reliqui.
1169 2523 1192 2565 p.
1216 2507 1280 2559 la:

307 2604 364 2646 item
385 2600 518 2653 Duebuer,
541 2599 581 2656 qui
599 2599 715 2644 adnotata
742 2593 842 2652 „Goelir'
865 2597 936 2642 leem
953 2603 1013 2656 poet
1033 2612 1133 2655 paterae
1158 2599 1242 2642 116666
1265 2612 1282 2642 6

274 2740 276 2749 Ι
307 2689 442 2736 1161661666
461 2684 587 2750 affertur:
610 2684 676 2732 unde
697 2691 768 2732 ortua
789 2686 935 2730 666661·-

583 2945 628 3004 tu.
664 2945 764 3003 Oratio
787 2947 824 3002 de
843 2945 920 3000 dote.

301 3097 418 3166 Oratio
444 3094 600 3172 censoria,
627 3094 902 3174 66666701181)
928 3093 1047 3158 habita.
1093 3095 1164 3159 Nee
1189 3094 1282 3160 aliter

236 3202 331 3268 666111
353 3203 514 3266 Weberus
535 3221 570 3283 p.
594 3200 648 3263 33.
1204 3237 1229 3266 ,-

301 3304 385 3370 Cato
410 3303 557 3386 pluribus
578 3299 779 3367 orationibus
805 3300 962 3364 luxuriam
986 3300 1176 3372 feminarum
1198 3302 1281 3366 vitu·

236 3407 383 3494 peravit,
416 3428 476 3468 uec
503 3405 564 3468 alia
593 3425 686 3468 causa
718 3415 809 3480 erat,
842 3427 900 3467 cur
929 3417 960 3469 61
985 3409 1091 3468 dotem
1116 3405 1280 3468 mulierum

236 3510 308 3594 lege
334 3508 592 3591 praescriberet,
627 3518 658 3571 et
692 3507 795 3591 legem
820 3508 1003 3572 Voconiam
1038 3511 1076 3572 de
1106 3505 1281 3569 hereditate

236 3633 345 3677 earum
372 3632 454 3675 auno
477 3610 538 3674 686
565 3609 846 3691 (adulterarent,
876 3609 939 3673 nisi
966 3611 1054 3693 quod
1083 3605 1281 3687 reipublicae

237 3718 421 3778 damnosum
443 3724 590 3795 putaret,
618 3711 765 3775 mulieres
790 3711 935 3774 maximis
958 3707 1078 3772 divitiis
1101 3710 1280 3786 abundare,

236 3837 368 3901 eamque
395 3836 461 3880 rem
486 3818 557 3898 lege
579 3815 753 3898 providere
778 3812 939 3892 cupiebat.
991 3809 1146 3875 Catonem
1170 3810 1202 3873 iu
1227 3833 1280 3875 ea·

238 3919 472 3983 demoratione
495 3921 533 3982 de
552 3929 767 3981 matronarum
796 3911 977 3994 priscorum
992 3924 1175 3996 temporum
1193 3912 1280 3977 61616

237 4033 268 4085 61
291 4020 433 4085 moribus
458 4020 575 4084 dixisse
601 4015 763 4099 suspicor.
815 4004 824 4021 ”

301 4123 425 4188 Gellius
455 4124 506 4200 10,
533 4123 586 4185 23.
623 4121 693 4205 Qui
718 4119 760 4182 de
791 4119 881 4182 uictu
907 4122 1136 4204 nequeenim
1160 4117 1282 4200 populi

238 4227 374 4290 6666661
396 4227 621 4308 seripserunt,
649 4222 809 4287 mulieres
834 4224 964 4286 Romae
987 4235 1090 4306 utque
1115 4222 1150 4285 16
1178 4220 1280 4284 Latio

237 4341 385 4392 aetatem
415 4327 600 4390 abstemiae
638 4327 772 4410 egisse,
812 4329 874 4389 hoe
904 4338 977 4401 661,
1012 4326 1089 4389 6166
1121 4344 1278 4404 semper,
