2966 4842
1120 435 1179 499 l85

409 585 470 643 Gli.
492 585 525 640 L.
548 583 723 656 Sentprouius
741 581 894 642 Atratinus.

196 722 299 784 Natus
320 729 367 780 est
388 737 419 779 a.
442 714 502 778 681
526 712 612 797 (78);
638 725 705 778 erat
734 713 816 778 euim
843 717 1056 799 septendecim
1080 742 1177 786 annos

132 833 233 895 natus,
246 842 315 883 cum
326 815 526 882 M.Coelium
536 829 699 879 accusaret
716 837 745 879 a.
755 818 816 882 698
826 819 907 899 (66).
927 819 1005 884 Eius
1027 823 1178 907 magister

131 923 192 986 luit
210 925 253 986 L.
277 919 404 984 Plotius
417 919 529 984 Gallus
544 920 724 997 rhetor,(u.
739 939 834 998 supra
857 943 892 1002 p.
917 921 1003 1006 380).
1028 925 1179 990 Mortuus

132 1034 180 1086 est
201 1045 231 1087 a.
258 1023 317 1085 783
342 1023 422 1102 (91).
467 1019 676 1083 Hieronimus
697 1019 730 1082 iu
746 1022 867 1087 Euseb.
893 1022 1019 1089 Chron.
1045 1025 1177 1110 Olymp.

133 1125 204 1189 189.
230 1126 263 1186 a.
296 1154 323 1178 =
345 1145 375 1192 a.
397 1145 428 1185 u.
454 1123 517 1185 788
543 1123 629 1201 (21);
654 1123 851 1199 Atratinus,
867 1126 927 1207 pui
941 1129 1179 1209 septemdecim

130 1247 242 1290 annos
264 1237 368 1288 natus
389 1225 543 1290 Coelium
564 1236 803 1300 accusauerat,
838 1229 953 1290 clarus
981 1227 1070 1293 inter
1100 1253 1180 1294 ora-

130 1341 224 1394 tores
261 1328 423 1401 habetur,
462 1338 496 1390 et
524 1327 572 1388 ad
600 1337 795 1388 extremum
832 1329 1030 1392 morborum
1065 1333 1180 1398 taedio

131 1432 167 1493 in
205 1430 325 1493 balneo
353 1430 528 1491 uoluntate
556 1427 779 1490 exanimatus
810 1430 968 1494 heredem
1000 1433 1180 1518 dereliquit

135 1535 348 1614 Augustum.
383 1532 437 1592 An
459 1528 542 1591 idem
566 1531 607 1599 L.
630 1529 839 1610 Sempronius
860 1532 1027 1596 Atratinus
1049 1535 1100 1610 sit,
1125 1537 1180 1620 qui

133 1634 308 1716 proconsul
345 1653 386 1696 ex
420 1630 536 1694 Airica
572 1629 823 1712 triumphaverat
856 1637 968 1698 eodem
1004 1636 1061 1700 illo
1098 1657 1181 1702 anuo

134 1736 196 1800 788
219 1736 313 1811 (lh),
336 1732 456 1809 nascio,
480 1752 540 1797 nec
555 1730 703 1814 Scaliger
724 1737 763 1796 ad
776 1735 948 1798 Eusebium
967 1758 1002 1818 p.
1023 1740 1084 1801 170
1099 1739 1180 1802 certi

134 1837 253 1922 aliquid
275 1835 394 1899 statuit.
441 1835 474 1898 si
497 1834 579 1898 idem
601 1846 649 1897 est
670 1857 740 1897 cum
763 1836 836 1912 hoc,
860 1836 980 1922 inquit,
1003 1838 1031 1902 is
1053 1841 1180 1926 quidem

134 1937 378 2020 triumphaverit
401 1948 431 2001 et
453 1935 628 2000 decesserit
648 1937 760 2000 eodem
780 1959 874 2002 anno.

198 2039 318 2105 Cicero
337 2062 371 2120 p.
389 2037 505 2102 Coelio
529 2060 560 2101 c.
586 2041 620 2105 1.
642 2039 826 2103 Atratinus
840 2043 1110 2106 humanissimus
1128 2058 1182 2108 ot·

133 2165 197 2227 que
219 2141 371 2223 optimus
392 2141 599 2209 adolescens.
642 2137 722 2202 ibid.
747 2163 777 2204 c.
803 2144 834 2203 7.
868 2145 1049 2208 Atratinus
1071 2145 1180 2208 diser·

132 2257 191 2308 tus
212 2244 424 2306 adolescens.

198 2343 334 2427 Quintil.
358 2346 421 2419 XI,
447 2345 475 2419 1,
499 2344 553 2406 68.
596 2343 793 2428 Aliquando
819 2345 923 2408 etiam
955 2345 1182 2430 inferioribus

130 2449 381 2530 praecipueque
403 2446 665 2510 adolescentulis
677 2466 822 2528 parcere
842 2460 905 2510 aut
926 2449 1054 2510 mederi
1075 2451 1182 2513 decet.

137 2551 255 2613 Utitur
294 2552 356 2611 hoo
394 2548 635 2616 moderatione,
664 2549 783 2612 Cicero
816 2571 885 2630 pro
915 2551 1031 2613 Coelio
1062 2563 1184 2614 contra

136 2653 354 2726 Atratinum,
379 2663 417 2714 ut
438 2673 515 2712 eum
537 2671 607 2713 non
639 2651 774 2714 inimice
802 2651 977 2734 corripere
999 2653 1061 2716 sed
1073 2673 1185 2735 paene

135 2754 251 2836 patrie
273 2773 411 2823 monere
438 2752 608 2814 uideatur.
660 2755 753 2819 Num
783 2751 816 2816 el
843 2753 967 2816 nobilis
992 2767 1025 2816 et
1053 2755 1184 2818 iuuenis

135 2868 168 2919 et
190 2875 257 2918 non
280 2855 410 2918 iniusto
432 2853 552 2916 dolore
574 2865 711 2917 uenerat
732 2854 780 2916 ad
799 2856 1043 2918 accusandum.

172 3013 221 3044 non
239 2999 333 3044 iniusto
351 2995 447 3055 dolore]
483 3002 575 3052 patrem
594 2999 656 3043 ultus
675 3003 726 3056 est,
746 3000 785 3056 qul
804 3013 818 3042 s
838 2998 923 3044 Coelio
942 3000 1031 3044 duabus
1051 2997 1129 3045 causis
1143 3015 1181 3044 ac-

206 3092 301 3133 cusatus
321 3091 383 3132 mat.
402 3085 458 3131 Vid.
479 3083 557 3129 (loelli
578 3091 639 3128 oret.
661 3099 684 3141 p.
706 3082 764 3133 162.

331 3225 357 3281 1.
389 3222 488 3280 Oratio
508 3222 648 3279 adversus
667 3223 708 3282 Μ.
732 3221 860 3280 Coelium
880 3223 993 3279 Rufum.

200 3356 283 3420 Acta
306 3366 353 3420 est
375 3375 467 3417 causa
491 3375 521 3417 a.
545 3353 607 3416 698
629 3351 706 3438 (66),
729 3364 880 3434 utsupra
904 3352 1053 3417 diximus.
1082 3352 1182 3418 Cous.

136 3473 228 3522 orat.
252 3463 359 3526 Caelii
381 3483 415 3543 p.
441 3463 515 3526 468.
561 3456 693 3521 Coelius
728 3455 759 3519 iu
789 3455 935 3519 oratioue
963 3477 1019 3518 sua
1049 3455 1185 3530 dixerat,

137 3561 279 3624 Atratini
301 3564 478 3629 orationem
500 3585 564 3627 non
585 3560 685 3643 ipsius
713 3579 799 3631 esse,
826 3559 883 3620 sed
910 3576 927 3618 a
950 3555 1063 3621 Plotio
1089 3555 1184 3620 Gallo

139 3675 351 3742 praeceptore
375 3664 609 3745 conscriptam:
632 3672 663 3722 et
690 3657 784 3720 facile
813 3656 949 3740 intelligi
977 3668 1097 3739 potest,
1126 3679 1184 3719 cur

62 3771 63 3774 ’
140 3760 273 3824 Coelius
304 3762 337 3824 id
359 3763 498 3826 dixerit:
523 3761 691 3825 Atratinus
723 3755 806 3820 enim
838 3778 908 3822 nou.
926 3757 1060 3840 amplius
1081 3758 1183 3822 XVll

140 3881 240 3924 anuos
263 3862 411 3930 habebat.
508 3913 510 3924 ,

203 3959 321 4026 Curius
333 3965 578 4028 Fortunatianus
590 3962 621 4022 iu
631 3963 713 4023 Arte
724 3959 887 4022 rhetorica
910 3981 945 4040 p.
962 3959 1015 4023 92.
1033 3959 1082 4021 ed.
1097 3955 1185 4036 Cap·

139 4084 254 4146 peron-
288 4066 406 4129 Etiam
429 4065 490 4128 illo
510 4063 600 4125 inter
622 4062 866 4125 translationes
885 4059 1068 4142 ponimus,
1099 4078 1186 4140 quae

140 4187 208 4230 non
230 4167 341 4231 uerbis
364 4168 425 4229 sed
446 4163 640 4229 nominibus
663 4162 842 4224 translatis
870 4155 1099 4221 immutantur
1107 4201 1122 4232 ,.
1148 4169 1186 4220 ut
1313 4161 1315 4170 '

139 4289 218 4330 cum
239 4269 478 4332 Atratinus
500 4260 1185 4343 Goeliumpulchellumlosonem
1210 4305 1236 4324 a

140 4372 341 4453 appellat
363 4381 396 4432 et
419 4369 537 4434 cicero
559 4361 717 4429 Clodium
738 4359 933 4425 Palatinam
954 4358 1130 4424 Medeam.
