2966 4842
1166 377 1227 438 507

177 532 311 606 cellit,
337 531 397 594 viar
407 532 442 594 in
452 550 492 594 so
504 533 616 594 locum
624 531 671 593 ad
694 531 906 594 laudandum
918 533 1041 594 habere
1056 532 1227 595 uideatur.

182 655 391 720 quamquam
413 635 447 696 in
470 635 534 696 hac
563 635 641 716 ipsa
673 634 843 716 sapientia
873 637 951 716 plus
983 647 1142 717 apparet.
1179 636 1230 698 ita

179 738 281 820 graui
302 737 431 800 iudicio
453 739 626 820 multaque
648 749 724 798 arte
746 757 782 799 se
804 738 962 799 exercuit
992 739 1028 798 in
1051 738 1231 802 uerissima

179 860 304 923 genere
326 837 470 901 dicendi.
516 844 633 902 Tanta
653 851 770 901 autem
796 840 969 900 industria
997 851 1049 900 est
1078 850 1231 901 tantum·

180 963 245 1025 que
266 942 406 1023 evigilat
426 942 461 1003 in
484 942 612 1016 studia,
637 954 675 1003 ut
697 961 765 1003 non
790 941 946 1002 maxima
967 941 1121 1025 ingenio,
1136 943 1228 1025 quod

179 1045 215 1106 in
238 1063 279 1106 ea
301 1063 473 1106 summum
494 1057 556 1120 est,
580 1044 699 1127 gratia
720 1045 875 1106 habenda
896 1043 1066 1105 uideatur.

243 1144 402 1209 Horatius
430 1147 497 1208 Sat.
530 1149 643 1221 1,10‚
673 1146 712 1208 29
746 1157 777 1208 et
803 1147 853 1208 De
882 1146 963 1208 Arte
989 1146 1124 1210 Poetica
1153 1148 1228 1210 371.

182 1249 343 1312 Messalae
363 1247 502 1312 Corvini
522 1247 712 1312 mentionem
735 1248 813 1311 iacit
837 1259 994 1332 tamquam
1018 1249 1132 1312 summi
1159 1248 1233 1312 illo·

181 1373 251 1413 rum
274 1362 453 1431 temporum
477 1349 635 1414 oratoris.

244 1451 390 1516 Velleius
423 1454 459 1525 2,
492 1453 544 1514 36.
588 1456 665 1517 lam
683 1473 770 1533 pene
798 1473 1096 1536 superuacaneum
1126 1454 1236 1516 uideri

179 1567 302 1638 potest,
326 1554 549 1618 eminentium
570 1554 790 1637 ingeniorum
808 1567 930 1618 notare
953 1569 1122 1638 tempora.
1150 1557 1236 1639 Quis

184 1661 275 1720 enim
310 1658 472 1740 ignorat,
511 1657 677 1719 diremtos
710 1659 878 1738 gradibus
911 1660 1035 1720 aetatis
1067 1659 1237 1737 floruisse

183 1763 246 1823 hac
261 1772 413 1841 tempore
430 1759 639 1833 Ciceronem,
651 1760 876 1822 Hortensium
891 1779 1038 1844 saneque
1055 1765 1232 1836 Crassum,

185 1866 360 1936 Catonem,
378 1862 579 1943 Sulpicium,
605 1883 754 1945 moxque
771 1864 930 1935 Brutum,
951 1864 1135 1937 Calidium,
1154 1867 1237 1926 Coe·
1263 1865 1265 1870 ’

185 1962 287 2039 lium,
313 1966 454 2028 Caluum
483 1975 516 2026 et
535 1965 740 2045 proximum
763 1965 920 2027 Ciceroni
942 1969 1143 2039 Caesarem,
1179 1987 1236 2028 eo-

186 2087 330 2149 rumque
369 2068 460 2128 uelut
502 2068 661 2129 alumnos
696 2067 932 2130 Coruinum
969 2088 1009 2128 ac
1049 2069 1238 2130 Pollionem

188 2169 359 2233 Asinium.

250 2268 424 2332 Columella
445 2269 495 2332 De
518 2291 553 2334 re
578 2269 696 2333 rustica
715 2271 859 2336 Praelat.
888 2270 945 2333 lib.
962 2275 991 2332 1.
1020 2274 1049 2344 §.
1081 2272 1131 2336 30.
1163 2272 1237 2336 Nec

188 2376 337 2436 Brutum
358 2384 419 2434 aut
448 2373 600 2436 Coelium
623 2375 847 2446 Pollionemve
876 2395 953 2434 cum
977 2374 1175 2436 Messala
1203 2385 1235 2435 et

189 2477 293 2538 Caluo
315 2471 513 2537 deterruere
539 2476 582 2537 ab
613 2476 825 2559 eloquentiae
852 2477 968 2538 studio
984 2475 1149 2564 fulmina
1177 2475 1239 2536 illa

189 2577 377 2642 Ciceronis.

192 2697 194 2704 “
253 2675 375 2742 Seneca
399 2677 562 2743 Controv.
587 2679 644 2743 lib.
671 2681 702 2742 2.
728 2679 778 2741 12.
806 2701 838 2760 p.
864 2679 936 2742 191.
983 2679 1060 2742 Fuit
1083 2679 1242 2742 Messala

189 2779 405 2844 exactissimi
426 2783 558 2866 ingenii
579 2781 614 2844 in
638 2803 755 2845 omnes
778 2781 913 2865 quidem
937 2780 1133 2842 studiorum
1158 2801 1242 2862 par-

189 2897 251 2959 tes,
275 2885 375 2947 latini
397 2886 514 2968 utique
537 2886 707 2947 sermonis
727 2886 926 2947 obseruator
942 2881 1241 2965 diligentissimus.

190 2989 279 3049 ldem
302 2986 334 3049 iu
359 2985 533 3068 Excerptis
559 2985 722 3049 Controv.
752 2987 775 3047 l.
800 2985 829 3049 3.
857 3007 890 3065 p.
920 2985 992 3047 127.
1040 2983 1244 3066 Diligentis-

194 3089 281 3150 sime
303 3089 364 3152 tibi
380 3113 432 3152 me
455 3110 672 3162 excusarem,
697 3099 873 3170 tamquam
888 3087 966 3148 huic
982 3088 1033 3148 rei
1051 3106 1119 3148 non
1134 3107 1245 3148 essem

141 3229 147 3241 -
195 3204 309 3265 natus,
335 3193 401 3254 nisi
423 3191 559 3265 scirem,
584 3203 617 3254 et
639 3191 827 3253 Pollionem
843 3189 1003 3254 Asinium
1024 3197 1056 3251 et
1073 3193 1121 3254 M
1125 3207 1244 3252 essa·

192 3296 205 3353 l
211 3311 276 3354 am
294 3297 348 3358 Co
359 3317 404 3356 ru
417 3295 490 3356 inu
503 3317 536 3356 m
558 3305 590 3356 et
607 3291 819 3365 Passienum,
844 3291 903 3378 qui
925 3313 1014 3354 nunc
1033 3293 1150 3374 primo
1169 3294 1245 3354 loco

192 3407 274 3470 stat,
300 3397 414 3458 minus
436 3397 517 3460 bene
542 3397 649 3460 uideri
670 3419 773 3480 quam
789 3395 942 3461 Cestium
964 3407 1025 3456 aut
1042 3399 1242 3457 Latronem.

193 3501 316 3560 Utrum
338 3521 424 3580 ergo
444 3512 560 3580 putas,
587 3503 649 3562 lroc
672 3499 857 3561 dicentium
880 3499 1002 3559 uitium
1025 3517 1098 3558 esse
1115 3517 1160 3557 an
1181 3513 1244 3558 au·

193 3599 384 3659 diensium?
428 3603 511 3662 Non
535 3601 589 3661 illi
608 3598 707 3679 peius
731 3601 867 3670 dicunt,
899 3599 960 3658 sed
989 3598 1024 3658 lai
1046 3600 1245 3680 corruptius

193 3697 360 3758 iudicant.
387 3700 493 3760 Pueri
503 3699 593 3779 sere
615 3712 676 3759 aut
698 3701 835 3759 iuuenes
851 3701 985 3758 scholas
996 3697 1246 3787 frequentant.
1267 3781 1271 3792 ‚

194 3797 230 3858 hi
252 3799 319 3858 hon
352 3809 486 3860 tantum
516 3799 756 3862 disertissimis
786 3799 884 3874 uiris,
918 3821 1003 3881 quos
1031 3805 1138 3882 paulo
1167 3811 1247 3861 ante

195 3899 310 3970 retuli,
335 3897 395 3959 sed
416 3897 519 3962 etiam
535 3903 691 3966 Ciceroni
713 3901 864 3967 Cestium
890 3923 992 3962 suum
1005 3899 1244 3988 praeferrent,

195 4001 263 4063 nisi
284 4000 416 4081 lapides
438 4001 610 4066 timerent.

261 4101 367 4164 Tacit.
396 4101 482 4164 Dial.
514 4109 552 4166 dc
582 4105 689 4168 orsu.
720 4105 770 4166 la.
823 4108 896 4170 Nec
928 4104 1017 4160 rullus
1045 4097 1160 4163 Asinii
1188 4115 1249 4165 aut

198 4207 372 4268 Messalae
395 4206 479 4267 liber
493 4203 530 4283 (i.
549 4228 578 4270 e.
596 4205 716 4284 oratio)
735 4219 807 4267 tam
823 4201 971 4268 illustris
992 4213 1042 4263 est
1059 4220 1163 4286 quam
1175 4205 1251 4266 Me·

202 4309 267 4370 dea
289 4306 404 4371 Ouidii
426 4321 487 4370 aut
514 4309 614 4373 Varii
637 4309 820 4390 Thyestes.
