2970 4836
1213 375 1251 436 15

201 535 512 615 (Schweizerisches
529 537 679 600 Museum
690 535 745 598 tur
760 532 1250 608 historiscbeWissenschaiten,

201 638 231 702 l.
248 638 277 700 3.
300 638 408 722 1837.)
424 651 455 703 et
475 641 735 703 Westermannus
752 640 874 701 Gesch.
893 641 924 700 d.
945 639 1078 700 fieretis.
1097 659 1131 718 p.
1146 639 1198 699 37.

263 742 313 804 De
329 764 430 818 anno,
453 764 517 827 quo
533 742 617 806 Cato
637 753 781 805 mortuus
797 753 861 816 est,
882 761 990 806 omnes
1007 753 1156 804 auctores
1172 761 1250 804 con·

201 844 356 908 sentiunt:
381 849 435 907 sed
455 849 493 909 de
509 865 589 909 anuo
609 844 706 907 natali
725 843 945 928 quinquennio
961 843 1110 906 differunt
1129 843 1249 906 Cicero

92 935 94 940 ’
201 957 232 1008 et
247 947 360 1009 Livius
376 947 459 1010 inter
475 969 517 1011 se.
547 947 663 1024 (Conf.
681 947 916 1010 Drakenborch
934 949 972 1008 ad
991 945 1118 1009 Livium
1135 945 1250 1021 39,10.

203 1051 254 1121 11,
268 1048 320 1110 38.
356 1051 508 1112 schottus
527 1053 566 1111 ad
586 1050 701 1112 Aurei.
717 1049 850 1112 Victor.
876 1049 996 1111 illustr.
1013 1048 1088 1110 Viri
1104 1071 1134 1110 c.
1150 1049 1202 1110 47.
1217 1069 1248 1129 p.

202 1149 276 1212 303.
304 1153 491 1212 Lachmann
505 1151 739 1213 Connuentatio
753 1154 791 1212 de
803 1151 946 1212 fontibus
960 1150 1050 1212 Livii
1063 1151 1161 1212 altera
1174 1171 1249 1232 pag.

205 1254 256 1312 18.
288 1250 486 1313 Garatouius
513 1254 551 1310 ad
575 1250 649 1312 Cic.
669 1249 804 1313 Verrio.
829 1251 883 1314 tib.
900 1263 930 1313 1.
949 1274 978 1312 c.
994 1253 1046 1312 13.
1073 1251 1203 1314 Clinton
1219 1251 1250 1314 in

203 1352 308 1414 Fastis
326 1355 365 1412 ad
381 1372 411 1411 a.
427 1351 485 1410 537
511 1351 583 1423 (317
589 1355 611 1423 ).
648 1349 758 1412 Ceteri
775 1362 877 1411 autem
892 1361 1038 1412 auctores
1054 1363 1106 1413 aut
1123 1352 1250 1412 Livium

206 1464 257 1512 aut
276 1451 469 1514 Ciceronem
484 1463 554 1512 sunt
574 1449 685 1514 secuti.
719 1454 795 1532 Ego
814 1451 982 1516 Ciceronis
999 1451 1181 1533 opinionem
1199 1475 1252 1516 ve·

210 1573 276 1614 ram
291 1565 380 1634 puto,
400 1564 430 1614 et
447 1552 530 1617 Cato
547 1552 614 1633 ipse
631 1574 698 1615 eam
716 1556 897 1635 approbare
915 1553 1051 1628 videtur,
1069 1565 1101 1616 ut
1117 1577 1158 1618 ex
1174 1557 1251 1619 Plu·

166 1669 168 1674 ·
202 1653 304 1716 turchi
320 1655 398 1717 loco
414 1654 445 1716 in
465 1654 527 1716 vita
544 1654 677 1720 Catonis
692 1655 875 1737 apparebit.

261 1756 293 1818 Is
308 1756 390 1818 enim
407 1757 520 1820 scribit
536 1779 607 1840 cap.
626 1763 655 1821 1.
687 1762 775 1838 Φησὶ
783 1755 848 1845 γὰρ
857 1754 958 1837 αὐτὸς
967 1756 1119 1842 (Κάτων)
1132 1763 1248 1828 ἑπτα·

198 1861 371 1925 καίὸεκα
385 1857 559 1944 γεγονὼς
575 1860 640 1942 ἔτη
652 1858 710 1942 τὴν
720 1856 851 1950 πρώτην
863 1859 1140 1951 στρατεύσασθαι
1148 1887 1249 1954 στρα-

113 2011 115 2018 .
199 1963 296 2040 τείαν,
319 1967 391 2048 περὶ
408 1957 446 2027 ὃν
457 1959 610 2046 Ἀννίβας
622 1959 743 2052 χρόνον
758 1960 898 2049 εὐτυχῶν
913 1967 1066 2057 ἐπέφλεγε
1085 1964 1143 2048 τὴν
1156 1963 1247 2034 Ἰτα-

199 2065 282 2130 biorn.
306 2065 395 2126 Idem
408 2064 511 2127 refert
525 2064 696 2129 Cornelius
711 2069 823 2149 Nepos
839 2067 897 2129 vit.
912 2067 1046 2133 Catonis
1061 2091 1092 2132 e.
1112 2073 1142 2132 1.
1171 2073 1247 2134 Pri·

199 2187 291 2228 mum
314 2167 523 2247 stipendium
550 2170 675 2231 meruit
701 2191 875 2234 annorum
899 2171 1013 2234 decem
1039 2183 1247 2256 septemque.

199 2267 282 2331 Cato
305 2269 527 2348 septemdecim
549 2292 647 2334 annos
668 2284 737 2334 erat
759 2285 848 2335 natus
875 2293 956 2335 anuo
979 2275 1038 2336 537
1064 2275 1164 2348 (317),
1181 2297 1247 2356 quo

198 2392 279 2433 anno
301 2374 339 2432 ad
359 2371 460 2432 lacum
487 2374 728 2436 Thrasimenum
752 2388 853 2437 totum
877 2375 1098 2437 Romanorum
1121 2375 1247 2436 exerci-

198 2485 262 2534 tum
290 2473 448 2536 Hannibal
473 2475 676 2556 profligarit.
715 2477 791 2536 Hoc
819 2472 920 2552 ipsius
943 2458 1248 2537 Catonis'testimo-

200 2573 284 2636 nium
305 2574 474 2640 Ciceronis
496 2576 690 2656 opinionem,
717 2574 772 2657 qui
790 2573 946 2635 Catonem
967 2593 993 2637 a.
1012 2594 1045 2634 u.
1063 2573 1124 2631 530
1143 2584 1248 2636 natum

200 2675 297 2752 dicit,
321 2679 455 2740 maxime
483 2677 634 2740 adiuvat:
660 2695 730 2737 nam
757 2674 783 2736 si
810 2675 980 2736 secundum
1007 2673 1137 2737 Livium
1165 2693 1248 2739 anno

200 2781 261 2840 515
284 2791 373 2841 natus
396 2794 496 2855 esset,
523 2777 690 2860 septimum
713 2790 745 2840 et
766 2775 921 2839 decimum
945 2798 1057 2839 annum
1083 2775 1142 2838 iam
1167 2797 1248 2842 anno

199 2880 259 2943 533
275 2883 363 2959 (333)
388 2881 560 2966 attigisset,
586 2903 652 2965 quo
676 2901 758 2944 anuo
783 2878 944 2944 Hannibal
970 2883 1108 2943 nondum
1129 2879 1160 2942 in
1184 2881 1248 2942 lta·

198 2983 270 3044 liam
291 2997 441 3060 venerat,
470 2985 513 3047 ita
543 2996 576 3046 ut
604 2984 687 3048 Cato
710 3004 750 3046 eo
778 3001 860 3044 anuo
888 2981 991 3062 prima
1015 2980 1170 3062 stipendia
1192 2987 1248 3046 ad·

198 3102 309 3148 versus
333 3087 464 3150 Poenos
487 3087 596 3149 facere
623 3107 684 3149 nou
711 3095 832 3167 posset.
869 3085 977 3164 Quare
999 3082 1190 3147 Ciceronem
1216 3085 1247 3150 in

199 3207 235 3249 ea
253 3209 289 3250 re
313 3191 539 3273 potiusquam
564 3188 694 3251 Livium
719 3209 854 3272 sequor,
881 3186 1068 3267 praesertim
1092 3187 1247 3269 cumipse

199 3287 283 3352 Cato
311 3300 425 3351 auctor
446 3303 477 3352 et
500 3311 612 3354 suasor
634 3291 772 3355 eiusdem
802 3273 961 3372 opinionis
993 3311 1061 3353 esse
1088 3289 1245 3356 videatur.

264 3389 349 3453 Cato
366 3389 464 3472 igitur
483 3413 510 3456 a.
531 3417 563 3455 u.
588 3394 650 3456 530
670 3395 759 3472 (331)
779 3405 868 3456 natus
892 3405 939 3455 est
959 3397 1130 3456 seeundum
1152 3394 1248 3458 Cice·

197 3511 322 3566 nonem,
348 3492 397 3554 vel
421 3513 450 3556 a.
473 3495 533 3556 515
556 3495 645 3574 (339)
672 3499 843 3560 secundum
866 3496 1007 3558 Livium.
1047 3496 1136 3576 (Cic.
1161 3496 1246 3562 Cato

199 3617 229 3656 c.
252 3597 283 3669 4,
311 3597 362 3658 10.
394 3595 509 3658 Livius
530 3597 554 3660 Ι.
575 3599 696 3671 39,10.

262 3696 345 3762 Cato
366 3719 396 3760 a.
419 3699 478 3762 537
506 3703 595 3781 (317)
619 3701 720 3785 prima
739 3697 896 3782 stipendia
917 3700 1042 3778 meruit,
1067 3704 1171 3766 XVII
1193 3725 1247 3766 an·

200 3818 260 3860 nos
277 3813 377 3865 natus.
404 3803 492 3867 Ptur.
511 3805 596 3869 Cato
617 3809 642 3873 1.

263 3901 345 3967 Cato
374 3903 413 3966 ad
436 3905 580 3988 Capuam
608 3908 697 3970 miles
728 3904 895 3988 profectus
921 3918 986 3980 est,
1012 3905 1126 3990 viginti
1149 3927 1246 3969 annos

197 4013 337 4082 natusa.
363 4007 424 4067 510
445 4009 544 4085 (311)
581 4005 656 4072 Cic.
679 4008 818 4074 Catoc.
842 4011 878 4080 4,
904 4011 956 4068 10.
999 4009 1167 4068 Brutusc.
1195 4011 1245 4072 15.

198 4107 252 4168 Ad
272 4106 444 4167 Tarentum
464 4109 621 4190 stipendia
647 4110 725 4172 facit
752 4130 781 4170 a.
807 4111 867 4170 515
889 4108 997 4234 (309),
1023 4108 1126 4168 XXV
1147 4129 1247 4175 annos

199 4217 301 4269 natus.
337 4205 411 4270 Cie.
430 4207 565 4271 Catoc.
585 4211 617 4271 1.
637 4213 688 4270 10
890 4241 892 4244 ·
