2966 4842
275 327 336 390 526

272 483 324 548 iili
345 494 420 546 erat
442 483 601 548 velocitas
623 481 805 558 arationis,
829 493 868 544 nt
890 483 1010 548 vitium
1029 483 1154 562 fieret.
1200 488 1326 570 ltaque

273 587 372 650 diuus
405 587 587 670 Augustus
620 585 748 668 optime
780 583 889 648 discit:
924 587 1132 654 Haterius
1170 601 1325 652 noster

273 687 667 780 sufflaminandus
689 699 767 750 est.
811 688 899 751 adeo
920 709 989 752 non
1011 711 1153 752 currere
1176 691 1238 753 sed
1263 690 1323 754 de-

272 815 412 856 currere
441 791 630 854 uidebatur.
660 810 720 852 nec
748 790 930 854 verborum
959 803 1095 857 tantum
1123 792 1174 856 illi
1202 793 1321 876 eopia,

272 895 334 960 sed
355 894 459 958 etiam
481 915 599 958 rerum
620 905 715 956 erat:
736 893 869 977 quoties
892 895 1000 970 velles,
1024 894 1168 958 eandem
1186 917 1259 958 rem
1274 906 1320 971 et,

272 1019 377 1082 quam
399 995 460 1060 diu
483 999 596 1071 uelles,
619 995 746 1058 diceret
760 995 840 1058 aliie
851 995 953 1059 toties
967 995 1119 1079 figuris,
1132 997 1213 1060 aliis
1228 1009 1322 1060 trac·

271 1099 472 1175 tationibus,
495 1098 546 1162 ita
569 1109 607 1160 ut
633 1117 693 1160 nec
719 1098 796 1182 regi
815 1111 932 1180 posset
956 1119 1016 1162 nec
1041 1100 1210 1170 consumi.
1233 1100 1324 1182 Regi

271 1213 388 1266 amem
409 1202 453 1268 ab
474 1201 551 1284 ipso
562 1221 631 1264 non
648 1212 800 1284 poterat,
816 1199 970 1285 alioquin
989 1201 1150 1265 libertum
1164 1201 1321 1278 habebat,

273 1303 331 1368 cui
347 1315 500 1388 pareret,
525 1315 558 1366 et
579 1303 629 1366 sic
650 1301 733 1378 ibat,
748 1303 920 1386 quomodo
940 1303 997 1367 ille
1014 1315 1077 1366 aut
1091 1304 1323 1368 concitauerat

274 1427 353 1470 enm
377 1418 439 1470 aut
467 1405 723 1497 effrenaverat.
767 1406 908 1472 lubebat
939 1429 1018 1470 eum
1045 1407 1215 1481 transire,
1243 1427 1323 1468 cum

271 1511 421 1595 aliquem
443 1509 503 1574 diu
520 1511 634 1574 locum
654 1508 814 1571 dixerat:
836 1509 1005 1571 transibat
1012 1532 1024 1582 ,·
1045 1508 1204 1571 insistere
1226 1507 1319 1570 iube-

272 1611 345 1688 bat,
367 1612 486 1675 eodem
500 1612 575 1674 loco
591 1612 813 1693 permanebat
818 1633 830 1681 ‚·
846 1610 981 1674 iubebat
998 1611 1173 1694 epilogum
1189 1609 1300 1672 dicere
1309 1633 1322 1682 ,·

271 1713 422 1785 dicebat,·
443 1712 586 1776 habebat
607 1712 643 1773 in
666 1733 730 1774 sua
749 1723 919 1794 potestate
940 1713 1130 1796 ingenium,
1151 1712 1188 1776 in
1203 1712 1320 1774 aliena

274 1815 425 1880 modum.
440 1849 480 1860 -
496 1845 537 1856 -
549 1815 668 1878 Multa
687 1826 787 1876 erant
808 1834 896 1899 quae
917 1815 1194 1898 reprehenderes,
1212 1816 1324 1877 multa

272 1939 359 2003 quae
381 1917 584 2000 suspiceres·
601 1920 687 1980 Cum
708 1917 869 1982 torrentis
888 1918 990 1980 modo
1006 1937 1154 2000 magnus
1167 1915 1319 2000 quidem,

271 2021 334 2083 sed
341 2021 501 2083 turbidus
511 2018 672 2112 flueret.-
692 2019 880 2082 redimebat
894 2032 1008 2082 tamen
1022 2019 1107 2083 vitia
1121 2018 1318 2094 virtutibus,

273 2135 307 2186 et
329 2127 409 2205 plns
430 2123 573 2186 babebat
592 2122 684 2206 quod
707 2121 870 2184 laudares
884 2141 988 2204 quam
1001 2121 1094 2205 quod
1109 2121 1319 2202 ignosceres.

309 2265 524 2332 sufflaminandus
546 2265 593 2327 est]
629 2269 647 2312 i.
668 2283 690 2315 e.
711 2281 765 2311 man
791 2277 857 2310 muas
882 2267 935 2310 dem
961 2267 1074 2312 Haterius
1099 2269 1143 2310 den
1160 2265 1321 2309 fletnmechnb

342 2359 492 2416 untertegen.
530 2357 656 2401 Weichert
676 2357 736 2410 lmp.
758 2353 829 2398 caes.
849 2353 950 2412 Augusti
968 2353 1065 2411 nettqu.
1085 2354 1222 2398 Cctnment.
1244 2351 1269 2396 2.
1295 2365 1319 2407 p.

341 2440 384 2490 to.
424 2444 489 2488 idern
510 2444 584 2489 refert
610 2444 771 2498 Hieronymus
796 2442 874 2497 Epist.
895 2444 924 2485 ed
941 2443 1111 2486 Pammaehum
1131 2438 1172 2486 6¹.
1211 2437 1241 2500 Q.
1265 2439 1320 2484 Ha·

342 2532 432 2585 terius,
455 2532 498 2590 qui
516 2531 647 2590 ingenium
669 2532 695 2575 in
715 2535 846 2574 numerato
868 2527 988 2584 babebat,
1012 2535 1038 2574 ut
1056 2529 1112 2573 eine
1129 2527 1254 2572 monitore
1278 2531 1317 2570 ta-

341 2631 399 2662 cere
420 2632 469 2662 non
490 2624 585 2676 posset,
614 2617 644 2662 de
664 2632 711 2677 quo
739 2617 844 2678 egregie
863 2613 958 2661 Caesar
982 2615 1132 2676 Augustus:
1155 2614 1197 2676 Q.,
1225 2614 1318 2672 inquit,

341 2711 426 2750 noster
447 2704 663 2770 sufflaminandus
682 2710 729 2752 eet.

335 2825 455 2888 Seneca
483 2824 643 2893 Controv.
666 2824 688 2890 l.
709 2827 738 2895 lt.
761 2823 813 2888 29.
836 2845 870 2906 p.
901 2823 978 2886 stt.
993 2821 1163 2886 Haterius
1185 2821 1319 2904 promi·

272 2929 318 2990 sit
341 2941 516 2991 oratorem
536 2940 569 2990 et
590 2927 778 3010 praestitit.

335 3031 454 3093 Seneca
480 3029 582 3112 Epist.
614 3031 664 3099 40.
713 3035 757 3114 Q.
779 3029 917 3095 Haterii
942 3047 1100 3103 cursum,
1134 3025 1206 3092 suis
1232 3036 1318 3087 tem-

267 3132 412 3212 poribus
433 3134 586 3197 oratoris
611 3133 831 3210 celeberrimi,
851 3136 953 3216 longe
975 3132 1092 3194 abesse
1113 3128 1157 3191 ab
1181 3126 1319 3191 bomine

270 3254 356 3296 sano
380 3238 474 3298 volo:
492 3255 679 3318 numquam
699 3234 883 3310 dubitavit,
907 3253 1093 3317 numquam
1116 3227 1317 3303 intermisit,

270 3340 374 3400 semel
390 3336 584 3418 incipiebat,
608 3337 713 3398 semei
731 3334 918 3399 desinebat.

304 3479 418 3536 eurtum]
455 3481 474 3523 i.
494 3493 516 3523 e·
536 3479 685 3523 vetoeitetem
704 3481 831 3524 orationis.
851 3481 941 3526 Seneca
955 3482 1072 3527 controv.
1092 3483 1110 3525 t.
1133 3475 1157 3521 l.
1172 3473 1198 3523 6.
1211 3490 1236 3532 p.
1255 3471 1316 3524 12⁶.

339 3565 368 3627 Q.
388 3565 509 3610 Haterius
520 3567 600 3625 coepit
611 3565 702 3620 subito,
718 3581 765 3627 qno
777 3568 881 3624 solebat,
901 3583 999 3614 cursu
1016 3575 1088 3613 orat
1099 3569 1128 3612 ie
1137 3579 1153 3610 n
1162 3565 1191 3610 ie
1198 3556 1316 3626 seruere.

331 3667 414 3728 Eum
435 3666 467 3728 in
488 3689 611 3732 summo
634 3668 758 3735 honore
783 3668 894 3749 fuisse,
921 3682 954 3733 nt
977 3669 1197 3747 Hieronymus
1223 3661 1315 3739 dicit,

265 3767 457 3831 luculentum
481 3771 567 3833 dedit
596 3771 664 3854 ipse
688 3773 838 3836 Tiberius
863 3771 1042 3855 imperator
1071 3774 1316 3858 documentum,

265 3871 321 3957 qui
366 3872 536 3958 aliqnando
584 3874 770 3938 dissentiens
813 3874 846 3952 in
895 3874 984 3938 curia
1021 3876 1060 3936 ab
1092 3892 1150 3946 eo,
1190 3873 1316 3953 Ignos-

265 3997 336 4050 cas,
361 3974 476 4061 inquit,
498 3999 605 4060 rogo,
629 3975 660 4040 si
681 3977 764 4060 quid
781 3977 944 4043 adversus
967 3990 1021 4052 te,
1044 3979 1087 4058 Q.
1107 3971 1253 4046 Hateri,
1276 3969 1318 4033 ti-

264 4077 380 4142 berius
397 4081 485 4143 sicut
505 4090 645 4142 senator
667 4079 805 4142 dissero.
850 4081 940 4143 Suet.
964 4078 1041 4142 Tib.
1067 4077 1118 4143 29.

329 4180 502 4244 Orationes
523 4180 690 4245 Haterium
718 4181 900 4263 posteritati
926 4179 1133 4254 mandavisse,
1156 4198 1233 4240 mox
1255 4196 1314 4259 pa·

263 4279 352 4348 tebit.
379 4282 442 4344 Sed
466 4281 544 4345 nihil
572 4283 696 4346 videtur
719 4305 883 4364 superesse
910 4280 1130 4366 reliquiarum.
