2958 4840
269 394 331 456 580

278 574 365 629 sere,
390 573 466 616 cum
489 550 620 616 diuersi
638 551 704 614 sibi
730 549 887 614 conscius
909 547 1048 630 generis
1075 550 1211 632 placere
1233 568 1268 610 se
1291 549 1331 611 in

276 655 419 720 (licentio
436 677 549 737 posse,
572 655 694 739 quibus
715 652 767 716 illi
787 654 973 734 placerent,
997 647 1197 740 diffideret.
1221 653 1332 714 Ama·

277 760 359 822 bant
381 770 498 821 autem
518 779 598 819 eum
621 757 731 840 magis
754 776 856 840 quam
874 754 1110 825 imitabantur,
1127 764 1333 837 tantumque·

277 863 321 924 ab
343 883 384 925 eo
406 861 618 953 diffluebant,
643 871 808 943 quantum
831 859 888 920 ille
909 859 952 920 ab
973 855 1125 939 antiquis
1148 856 1330 918 descende-

279 975 356 1026 rat:
366 960 474 1052 foret
496 963 586 1024 euim
608 962 816 1044 optandum,
840 983 944 1043 pares
966 970 1027 1021 out
1059 961 1177 1021 saltem
1203 959 1345 1040 proxi-'

280 1087 354 1130 mos
375 1065 427 1129 illi
448 1065 522 1127 uiro
536 1064 639 1142 fieri.
684 1064 752 1128 seu
772 1065 926 1145 placebat
948 1073 1091 1145 propter
1120 1064 1196 1122 sola
1226 1061 1326 1134 uitia,

279 1168 380 1232 etad
401 1189 442 1229 ea
464 1189 500 1230 se
522 1168 663 1253 quisque
685 1167 856 1248 dirigebat
886 1164 1089 1253 effingenda
1116 1185 1203 1248 quae
1232 1175 1330 1246 pote·

279 1281 353 1341 rat‚·
375 1269 496 1332 deinde
518 1291 596 1332 cum
617 1291 653 1332 se
675 1269 820 1333 iactaret
843 1269 962 1332 eodem
984 1267 1088 1330 mocio
1107 1268 1241 1340 «licere,
1269 1269 1328 1330 se-

279 1394 397 1436 necam
418 1370 626 1462 infamabat.
651 1373 756 1437 Cetius
778 1383 811 1434 et
833 1374 961 1434 miritae
982 1369 1113 1454 alioqui
1134 1382 1167 1431 et
1183 1389 1329 1451 magnae

278 1475 422 1538 uirtutes
432 1473 604 1564 fuerunt,
629 1474 806 1556 ingenium
825 1471 943 1558 facile
973 1485 1006 1536 et
1027 1471 1223 1554 copiosum,
1253 1474 1329 1552 plu·

280 1577 407 1638 rimam
428 1577 548 1650 studii,
574 1579 682 1638 multa
704 1597 821 1639 rerum
843 1575 1015 1657 cognitio,
1052 1575 1087 1636 iu
1118 1597 1187 1659 qua
1215 1587 1329 1637 tamen

280 1679 468 1762 aliquando
496 1679 540 1742 ab
560 1679 632 1752 nis,
665 1679 786 1762 quibus
816 1679 1021 1761 inquirenda
1042 1679 1210 1761 quaedam
1234 1697 1329 1738 man·

281 1780 403 1853 dabat,
429 1781 589 1862 deceptus
622 1793 686 1842 est.
733 1782 911 1842 Tractavit
942 1782 1046 1842 ctiam
1079 1802 1213 1844 omnem
1237 1777 1329 1867 fere

281 1883 477 1945 studiorum
500 1883 693 1944 materiam.
739 1886 833 1947 Nam
862 1895 896 1944 et
924 1883 1155 1946 orationes
1187 1883 1260 1943 eius
1295 1891 1330 1942 et

278 1998 442 2066 poemata
464 1995 495 2046 et
518 1984 682 2065 epistolae
705 1996 737 2046 et
759 1985 893 2068 dialogi
902 1984 1101 2074 feruntur,·
1122 1985 1158 2048 in
1178 1985 1328 2066 pbiloso-

280 2087 363 2167 pliia
382 2108 511 2168 porum
532 2087 690 2169 diligens,
716 2089 880 2170 egregius
903 2101 1016 2150 tomen
1040 2088 1201 2150 uitiorum
1219 2086 1328 2148 insec-

280 2200 375 2252 tator
385 2187 488 2276 fuit,·
511 2192 637 2252 multae
659 2190 695 2252 in
718 2212 758 2253 eo
779 2193 961 2274 claraeque
992 2190 1197 2261 sententiae,
1222 2189 1331 2250 multa

282 2291 387 2353 etiam
410 2313 546 2355 morum
566 2293 686 2374 gratia
707 2293 867 2374 legenda,
896 2293 955 2354 sed
981 2291 1017 2354 in
1045 2291 1234 2374 eloquendo
1253 2311 1331 2352 cor-

282 2405 387 2474 rupto
395 2396 558 2477 pleraque
566 2406 717 2479 atqueeo
725 2394 1033 2476 perniciosissima,
1047 2395 1139 2477 quoti
1155 2393 1331 2456 abundant

282 2495 438 2558 dulcibus
459 2496 564 2559 uitiis.
583 2499 695 2562 Velles
716 2519 796 2558 eum
818 2517 882 2559 suo
896 2496 1035 2578 ingenio
1055 2496 1200 2569 dixisse,
1216 2496 1331 2558 alieno

282 2595 422 2662 iudicio.
466 2601 560 2663 Nam
583 2598 614 2660 si
635 2600 751 2682 aliqua
773 2598 1025 2672 contemsisset,
1051 2598 1081 2660 si
1101 2611 1236 2681 partem
1259 2617 1328 2659 non

282 2699 506 2780 concupisset,
530 2701 561 2762 si
583 2721 650 2761 non
666 2702 783 2762 omnia
804 2721 869 2762 sua
890 2713 1050 2778 ornasset,
1066 2702 1097 2762 si
1111 2722 1228 2762 rerum
1242 2719 1331 2780 pon-

282 2801 368 2862 dera
389 2802 629 2864 minutissimis
651 2803 829 2866 sententiis
851 2824 918 2866 non
936 2801 1134 2890 fregisset,
1162 2821 1332 2866 consensu

279 2904 399 2986 potius
440 2904 656 2968 erttditorum
702 2926 805 2988 prtum
849 2927 1039 2987 puerorum
1081 2925 1199 2968 amore
1238 2923 1331 2966 com-

280 3006 502 3088 probaretur.
526 3028 644 3070 uerum
665 3007 714 3070 sic
736 3029 869 3092 quoque
891 3008 961 3071 iam
988 3007 1140 3072 robustis
1172 3019 1205 3070 et
1237 3027 1331 3068 seue·

284 3109 377 3170 riore
398 3129 524 3188 genere
543 3111 629 3172 sotis
653 3109 817 3187 firmatis
838 3110 1021 3190 legendus,
1052 3112 1104 3171 vel
1132 3109 1211 3172 ideo
1238 3109 1332 3191 quod

283 3230 445 3271 exercere
463 3222 578 3290 potest
601 3212 760 3294 utrinque
782 3211 960 3273 iudicium.
1004 3213 1124 3274 Multa
1151 3210 1260 3282 enim,
1291 3222 1332 3272 ut

284 3309 375 3381 disci,
398 3311 577 3390 probanda
598 3311 633 3372 in
655 3335 714 3385 eo,
738 3315 846 3374 surella
872 3313 977 3374 etiam
998 3313 1206 3376 admiranda
1234 3324 1332 3390 sunt,

284 3409 412 3492 eligere
435 3412 537 3473 modo
558 3433 662 3474 curae
684 3414 746 3487 sit,
777 3415 869 3496 quoti
898 3416 1030 3476 cuinam
1064 3415 1137 3498 ipse
1161 3413 1329 3503 fecisset.

285 3513 406 3594 Digna
427 3514 515 3576 enim
527 3511 613 3603 suit
635 3514 696 3576 illu
707 3527 846 3592 notura,
864 3537 951 3600 quae
962 3518 1106 3580 meliora
1118 3521 1224 3592 uellet,
1241 3537 1331 3599 quae

283 3616 377 3698 quod
399 3617 504 3678 uoluit
525 3614 649 3705 effecit.
869 3682 873 3692 ,

351 3717 459 3796 Quint.
485 3721 608 3797 12,10‚
631 3724 681 3784 11.
704 3725 745 3787 In
768 3722 812 3786 iis
833 3724 949 3798 ctiam,
974 3746 1060 3807 quos
1082 3722 1150 3806 ipsi
1171 3722 1328 3800 uidimus,

287 3819 452 3900 copiam
488 3825 687 3898 Senecae,
732 3825 823 3887 viros
862 3825 1047 3914 Africani,
1093 3826 1332 3888 maturitatem

285 3918 385 4009 Afri,
409 3922 655 3986 iucunditatem
678 3926 809 4007 Crispi,
833 3948 956 3990 sonum
979 3928 1161 4002 Trachali,
1192 3930 1332 4009 elegan-

282 4021 368 4086 tiam
389 4025 537 4086 Secundi
558 4025 781 4106 reperiemus.

349 4123 471 4188 Gellius
493 4125 515 4188 l.
541 4127 593 4202 12,
616 4128 648 4188 2.
693 4131 746 4190 Dc
773 4132 919 4194 Annaeo
946 4137 1074 4196 Seneca
1099 4133 1230 4215 partim
1252 4133 1331 4195 esri-

282 4225 424 4288 stimant
446 4239 485 4288 ut
505 4228 547 4290 de
567 4231 736 4312 scriptore
757 4232 896 4295 minime
918 4235 1012 4308 utili,
1035 4236 1133 4298 cuius
1154 4235 1262 4298 libros
1275 4246 1332 4296 ot·

283 4323 417 4404 tingere
439 4331 570 4390 nullum
590 4321 742 4412 pretium
762 4355 888 4413 operae
908 4335 972 4408 sit,
997 4338 1090 4418 quod
1109 4337 1224 4400 oratio
1252 4337 1332 4398 ciue
