2984 4842
1172 351 1233 412 tas

183 495 362 577 respicere,
397 517 467 558 cum
500 497 532 558 in
564 498 697 578 epistola
732 503 771 562 ad
800 502 973 565 Lucceium
1005 506 1041 581 5,
1081 507 1132 568 ta.
1162 529 1230 570 enm

182 598 414 663 clarissimum
435 610 469 662 et
491 602 781 681 spectatissimum
802 605 914 666 uirum
941 617 975 670 et
998 607 1033 668 in
1059 591 1236 690 republica¹

183 700 348 764 maximis
377 700 660 787 gravissimisque
695 707 811 770 causis
851 709 1028 792 cognitum
1058 722 1161 795 atque
1195 712 1231 775 in

181 805 302 886 primis
323 804 509 885 probatum
531 807 753 888 appellaverit.

381 981 541 1038 LXXXIII.
582 982 623 1042 tt.
649 984 774 1041 Valerius
792 984 915 1044 Messala
932 987 1027 1060 Nlper.

249 1115 436 1175 Praeturam
478 1114 606 1194 petebat
639 1113 798 1179 Cicerone
827 1117 959 1181 consule
990 1140 1020 1182 a.
1053 1120 1111 1182 691
1148 1123 1229 1201 (63).

183 1213 305 1278 Consul
327 1235 356 1277 a.
380 1215 441 1279 693
464 1215 545 1294 (61).
574 1214 647 1280 Cic.
676 1220 714 1278 ad
741 1217 883 1281 Atticum
910 1225 937 1294 1,
965 1223 1014 1296 tn,
1037 1223 1068 1284 6.
1091 1244 1125 1303 p.
1143 1223 1230 1286 Sulla

186 1319 315 1394 11,12.

248 1419 369 1485 Cicero
402 1421 433 1483 in
469 1421 572 1484 Bruto
610 1425 669 1499 to,
706 1425 780 1486 016.
838 1428 893 1488 Μ.
928 1428 1085 1491 Messala
1116 1428 1229 1492 minor·

183 1536 269 1586 natu
292 1544 394 1606 qnam
422 1545 503 1598 nos,
531 1526 625 1588 nullo
659 1527 761 1590 modo
793 1527 909 1609 inops,
938 1531 999 1591 sed
1027 1550 1095 1592 non
1127 1531 1230 1595 nimis

182 1639 328 1690 ornatus
350 1648 475 1707 genere
498 1628 698 1702 verborum,
720 1630 891 1710 prudens,
920 1643 1061 1707 acutus,
1090 1633 1229 1695 minime

181 1729 342 1792 incautus
356 1742 545 1811 patronus,
571 1730 607 1792 in
631 1731 747 1793 causis
764 1733 1011 1814 cognoscendis
1027 1753 1230 1816 componen-

181 1832 301 1916 disque
324 1833 488 1915 diligens,
519 1833 638 1915 magni
664 1834 809 1908 laboris,
837 1837 965 1898 multae
991 1857 1116 1918 operae
1144 1839 1229 1899 mul·

180 1947 364 2018 torumque
387 1956 584 1997 causarum.

244 2036 422 2100 Scholiasta
437 2037 664 2102 Gronovianus
680 2039 712 2100 in
728 2051 810 2103 orat.
826 2062 860 2121 p.
878 2041 913 2102 S.
932 2041 1054 2105 Roscio
1071 2040 1227 2103 Amerino

181 2163 211 2202 c.
240 2142 271 2202 2.
301 2161 378 2223 pag.
408 2140 478 2201 196.
514 2142 562 2208 ed.
601 2139 705 2203 Orelli
735 2153 886 2216 testatur,
913 2145 996 2206 hune
1030 2141 1225 2216 Messallam,

181 2241 236 2327 qui
270 2244 437 2306 admodum
472 2240 595 2304 invenis
628 2245 727 2305 Sexto
761 2243 883 2306 Roscio
918 2243 950 2306 in
984 2265 1076 2306 causa
1105 2245 1227 2318 aderat,

181 2343 342 2408 orationes
377 2343 558 2429 reliquisse.
604 2343 691 2406 Dicit
739 2343 839 2407 enim:
883 2346 1054 2407 Messalam
1092 2343 1227 2406 maxime

181 2445 330 2526 (Cicero)
354 2446 535 2531 significat,
560 2445 649 2508 cuius
675 2458 784 2508 extant
808 2445 980 2509 orationes.
1008 2447 1070 2508 Sed
1087 2444 1228 2510 Orellius

180 2547 212 2611 in
230 2550 438 2613 Onomastico
460 2549 609 2613 Tulliano
636 2572 661 2612 s.
684 2551 715 2618 h.
741 2572 773 2610 n.
799 2548 992 2624 arbitratur,
1016 2547 1225 2611 Scholiastam

181 2653 362 2716 confudisse
384 2651 494 2734 potius
518 2653 600 2714 hunc
620 2653 792 2715 Messalam
815 2675 884 2714 cunr
907 2651 1047 2715 Messala
1064 2649 1226 2726 Corvino,

180 2778 275 2840 quem
298 2755 411 2817 multas
434 2753 568 2818 edidisse
591 2754 755 2818 orationes
775 2765 910 2818 constat.
941 2755 1021 2816 Eam
1042 2753 1226 2836 opinionem

182 2881 289 2922 veram
323 2857 488 2933 existimo,
521 2858 708 2940 praesertim
743 2880 814 2920 cum
845 2878 907 2920 non
938 2856 1062 2918 aliunde
1091 2867 1227 2929 constet,

182 2960 393 3024 Scholiastam
415 2960 502 3022 illum
522 2982 607 3023 nova
628 2971 658 3022 et
683 2959 848 3023 recondita
874 2959 1049 3022 litterarum
1076 2957 1225 3020 tenuisse.

182 3062 334 3127 Similiter
349 3060 495 3127 confudit
518 3063 678 3125 Gutmann
704 3061 735 3124 in
763 3059 911 3124 versione
941 3059 1123 3144 germanica
1141 3059 1228 3124 Din-

180 3167 253 3252 logi
284 3172 325 3233 de
355 3165 564 3234 Oratoribus
594 3187 627 3247 p.
653 3163 725 3227 196.
758 3163 928 3225 Messalam
953 3160 1132 3226 Corvinum
1156 3183 1226 3225 cum

181 3269 237 3333 illo
260 3269 463 3356 antiquiore:
489 3291 524 3334 ea
555 3266 656 3344 enim,
686 3287 767 3352 quae
794 3263 916 3330 Cicero
942 3265 975 3328 in
1002 3265 1106 3329 Bruto
1128 3286 1156 3331 c.
1186 3265 1227 3326 70

180 3376 218 3436 de
242 3373 386 3438 Messala
411 3371 518 3458 Nigro
545 3371 683 3446 tradidit,
711 3372 750 3432 ad
773 3367 953 3433 Corvinum
973 3389 1088 3433 errore
1103 3366 1225 3430 retulit.

425 3549 582 3607 LXXXIV.
624 3549 653 3605 G.
675 3547 820 3607 nommant
839 3544 986 3603 *Gemellus

246 3659 411 3729 Tribunus
433 3660 537 3741 plebis
564 3683 593 3724 a.
625 3660 685 3722 688
712 3661 793 3738 (66).
828 3657 955 3721 Aedilis
979 3655 1083 3738 plebis
1105 3677 1136 3718 a.
1164 3656 1224 3718 691

182 3759 262 3843 (63).
287 3762 427 3824 Praetor
450 3783 477 3826 a.
504 3762 565 3825 696
593 3760 676 3840 (58).
709 3759 805 3823 Anno
835 3762 896 3822 700
926 3759 993 3838 (61)
1028 3757 1225 3822 consulatum

183 3865 332 3943 petebat:
349 3865 404 3923 sed
423 3864 462 3924 de
478 3861 595 3924 ambitu
616 3865 787 3937 damnatus,
804 3862 947 3924 Athenas
966 3860 1042 3923 exul
1061 3855 1224 3942 migravit.

247 3965 285 4026 In
312 3963 478 4045 republica
508 3975 576 4024 erat
606 3962 766 4044 Pompeio
797 3963 918 4026 deditus
951 3961 1089 4044 ideoque
1114 3965 1227 4017 contra

184 4065 341 4144 Lucullos
361 4075 392 4126 et
418 4073 530 4126 contra
550 4062 719 4126 Caesarem
739 4063 836 4128 stetit.
864 4067 953 4128 Idem
975 4081 1039 4122 non
1064 4054 1228 4122 orationes

184 4167 285 4232 solnm
310 4165 456 4251 reliquit,
481 4166 536 4226 sed
560 4163 698 4226 carmina
723 4188 852 4250 quoque
878 4158 1040 4237 confecit,
1062 4156 1227 4239 eidemque

184 4269 357 4334 Lucretius
377 4288 458 4350 opus
480 4286 568 4328 suum
590 4262 760 4328 dedicavit.
