2984 4842
1143 393 1204 458 133

158 567 188 607 a.
212 544 274 608 692
298 547 378 624 (62).
410 545 573 609 Tribunus
599 547 646 628 pl.
676 568 706 610 a.
736 547 795 611 697
819 549 896 625 (57).
927 548 1066 612 Praetor
1088 569 1117 613 a.
1140 553 1200 612 701

158 648 239 726 (53).
272 647 420 712 Ciliciam
449 659 662 730 propraetore
691 647 829 712 obtinuit
858 670 888 713 a.
913 651 974 712 705
996 651 1077 730 (19).
1102 651 1200 718 Cous.

158 749 325 814 Onomast.
350 749 545 813 Tullianum.

221 850 316 914 Sestii
339 851 446 914 laudes
476 853 636 916 oratoriae
666 873 729 917 non
757 851 847 916 crant
869 875 1019 938 magnae,
1041 855 1106 919 imo
1129 867 1160 919 ct
1182 879 1198 918 a

159 951 319 1016 Cicerone
357 965 389 1016 et
425 975 442 1016 a
472 954 607 1018 Valerio
641 953 768 1018 Catullo
804 954 970 1019 irridetur.
1025 958 1200 1038 Pompeius
1281 985 1294 1004 ·

157 1067 258 1116 autem
292 1076 366 1118 usus
399 1067 447 1118 est
484 1055 550 1118 cius
583 1077 703 1138 opera,
742 1059 782 1119 ad
814 1057 1014 1120 scribendum
1048 1059 1200 1142 epistolas

157 1156 371 1220 orationesve.

137 1307 139 1312 .
220 1257 338 1322 Cicero
357 1262 396 1321 ad
412 1258 553 1323 Atticum
577 1263 613 1336 7,
638 1265 694 1336 17,
717 1263 747 1326 7.
791 1263 887 1326 Scire
909 1263 981 1325 iam
1001 1275 1034 1326 te
1048 1276 1197 1346 oportet,

156 1364 198 1424 L.
223 1364 352 1424 caesar
378 1383 465 1444 quae
495 1384 661 1445 responsa
689 1361 827 1446 efferat
857 1385 879 1426 α
909 1366 1088 1447 Pompeio,
1112 1387 1199 1449 quas

69 1454 71 1459 ¹
156 1463 340 1524 abeodem
360 1463 408 1526 ad
425 1468 610 1530 Gaesarem
619 1463 729 1552 ferat
750 1468 892 1529 litteras.
936 1467 1093 1549 Scriptae
1107 1468 1198 1530 enim

156 1579 190 1627 et
218 1565 320 1626 datae
349 1566 399 1627 ita
425 1580 524 1641 sunt,
557 1579 595 1629 ut
621 1579 897 1657 proponerentur
923 1568 959 1629 in
984 1569 1142 1650 publico‚·
1162 1570 1200 1634 in

157 1689 225 1750 quo
246 1669 404 1730 uccrtsaui
426 1689 556 1730 mecum
578 1669 651 1750 ipse
671 1668 881 1752 Pompeium,
906 1671 976 1753 qui,
1000 1692 1078 1732 cum
1093 1670 1201 1752 scrip·

156 1780 213 1832 tor·
239 1771 431 1832 truculentus
457 1783 563 1845 esset,
594 1783 710 1832 tantae
739 1793 794 1833 rer
821 1783 923 1854 atque
951 1791 1029 1846 eae,
1053 1773 1200 1854 quaein

157 1871 310 1933 omnium
344 1893 466 1934 manus
503 1885 664 1934 uenturae
697 1883 826 1948 essent,
864 1873 1014 1936 Sestio
1046 1885 1200 1937 nostro

157 1974 355 2035 scribendae
377 1973 521 2036 dederit.
566 1978 687 2058 Itaque
709 1976 795 2036 nihil
816 1995 977 2058 umquam
1000 1975 1069 2057 legi
1091 1975 1200 2057 scrip·

156 2087 230 2136 rum
253 2079 620 2162 σηστιωόἑστερον.

193 2219 324 2276 responsu]
362 2222 454 2264 litterar
482 2224 595 2279 intelligit
622 2221 731 2277 Pompeii
752 2223 781 2264 rut
809 2221 953 2274 Caesarem,
981 2235 1003 2264 n.
1026 2215 1073 2265 l05
1093 2216 1151 2275 (19)
1169 2221 1198 2264 te

231 2310 295 2361 pacis
314 2309 490 2353 conditionibus
508 2311 620 2364 scriptas.

497 2446 524 2503 1.
565 2445 664 2504 Oratio
683 2448 713 2501 in
733 2445 860 2502 Antium.

221 2559 315 2620 Hanc
327 2557 452 2622 nonnisi
468 2580 509 2620 ex
522 2557 651 2622 Catullo
668 2557 827 2640 cognitam
845 2559 994 2619 habemus
1011 2555 1199 2622 orationem.

159 2661 222 2723 Sed
244 2665 372 2745 quaudo
396 2682 496 2722 curve
526 2659 642 2722 Antius
666 2659 799 2722 Sestium
824 2659 1040 2734 accusaverit,
1065 2657 1201 2721 Sestius·

158 2785 220 2848 quc
245 2762 422 2827 orationem
447 2775 558 2826 contra
582 2784 652 2824 eum
675 2761 832 2837 habuerit,
857 2759 1027 2823 memoriae
1050 2759 1199 2822 traditum

158 2876 302 2927 nonest.
349 2864 486 2928 Vossius
516 2862 666 2946 intelligit
694 2862 735 2927 C.
766 2862 896 2926 Antium
920 2861 1122 2935 Restionem,
1145 2859 1200 2944 qui

157 2966 260 3050 legem
290 2965 361 3030 tulit
389 2966 607 3040 sumtuariam,
641 2977 671 3027 et
700 2987 716 3026 a
750 2963 927 3026 triumviris
964 2984 993 3024 a.
1027 2965 1084 3024 711
1123 2983 1199 3042 pro·

156 3068 295 3150 scriptus
308 3067 362 3130 vix
372 3079 504 3131 mortem
519 3068 645 3150 cffugit.
666 3068 702 3129 In
717 3064 823 3128 multis
844 3052 945 3128 codd(
955 3062 1200 3145 legiturAttius

156 3192 218 3252 pro
232 3171 350 3244 Antio,
370 3169 493 3256 quaesi
511 3192 584 3233 vera
602 3181 684 3233 esset
698 3166 809 3244 lectio,
828 3169 870 3229 Τ.
889 3165 1011 3229 Attium
1027 3163 1200 3228 Pisauren-

156 3294 222 3335 sem
243 3271 481 3356 intclligendum
500 3272 697 3348 arbitrarer,
714 3267 802 3333 cuius
814 3269 845 3331 in
867 3270 969 3330 Bruto
987 3265 1157 3330 Ciceronis
1169 3290 1199 3328 c.

157 3375 197 3438 78
213 3376 249 3437 iit
271 3375 399 3452 mentio,
424 3374 576 3460 cuiusque
600 3372 794 3436 accusationi
811 3371 928 3434 Cicero
951 3368 1118 3450 respondit
1139 3389 1201 3449 pro

157 3478 201 3538 A.
227 3475 390 3542 Cluentio.
437 3476 591 3551 Constat,
627 3474 762 3538 Sestium
793 3473 843 3535 bis
874 3482 1052 3534 accusatum
1079 3491 1147 3532 esse
1170 3492 1201 3532 a.

158 3577 219 3638 698
242 3580 321 3656 (56),
345 3591 406 3642 tam
431 3578 568 3640 ambitus
591 3599 683 3660 quam
708 3580 745 3637 ‹le
769 3573 813 3637 vi.
839 3573 912 3638 Cic.
940 3576 977 3635 ad
1005 3575 1045 3653 Q.
1070 3572 1199 3634 fratrem

158 3679 190 3750 2,
213 3677 252 3752 3,
276 3680 307 3740 5.
339 3679 483 3759 Appian.
509 3678 592 3742 Bell.
619 3676 725 3754 Civil,
750 3678 788 3754 7,
813 3677 865 3738 tl.
890 3679 953 3739 Sed
975 3674 1006 3736 in
1029 3673 1077 3735 his
1100 3672 1202 3735 causis

159 3774 274 3840 Antius
295 3779 417 3860 petitor
439 3780 462 3841 i.
487 3800 515 3841 e.
540 3790 710 3842 accusator
732 3800 796 3843 non
820 3790 900 3840 erat.

159 3913 289 3970 Catullus
308 3916 356 3973 tt.

285 4026 310 4083 0
331 4029 419 4084 tunde
439 4031 537 4082 noster
555 4043 607 4083 seu
627 4027 734 4083 Sabine
753 4043 804 4084 seu
825 4028 947 4096 Tiburs,

286 4120 366 4192 (natu
387 4125 414 4177 te
435 4132 501 4175 esse
520 4118 668 4174 Tiburtem
689 4124 855 4187 autumant,
876 4120 978 4189 quihus
999 4134 1056 4173 non
1076 4120 1120 4173 cst

284 4213 371 4271 Cordi
392 4211 539 4270 Catullum
559 4211 691 4265 laedere:
713 4212 866 4284 atquibus
887 4212 966 4265 cordi
985 4214 1041 4277 est,

285 4307 394 4376 Quouis
415 4301 555 4362 Sabinum
574 4303 693 4373 pignore
712 4317 778 4358 esse
798 4300 985 4369 contendunt)

205 4405 280 4447 usion
290 4406 346 4446 οηι.
356 4403 504 4450 nomem.
520 4401 551 4438 aa.
561 4398 581 4441 a.
965 4391 1004 4450 23
