2984 4842
292 376 353 440 40⁶

290 532 448 602 Caesaris
466 553 534 613 pro
559 530 667 593 Decio
693 527 846 592 Samnite
873 538 934 588 aut
957 523 1059 588 Bruti
1080 544 1150 605 pro
1174 522 1343 586 Deiotaro

291 656 374 719 rege
394 644 592 716 ceterosque
615 626 768 694 eius‘dem
790 627 1003 690 lentitudinis
1021 647 1062 688 ac
1085 627 1216 706 teporis
1236 625 1342 688 libras

294 737 398 820 tegit,
430 734 500 797 nisi
524 734 585 818 qui
607 746 640 797 et
662 731 819 795 carmina
843 731 1029 793 eorundem
1053 728 1214 789 miratur.

356 837 436 900 ibid.
455 858 484 898 c.
505 838 557 900 25.
603 837 723 902 Cicero
746 833 883 918 quidem
904 845 1035 894 ceteras
1057 829 1243 892 eorundem
1258 839 1343 892 tem·

292 961 420 1024 porum
442 939 590 1001 disertos
620 933 823 1010 antecessit,
853 938 978 1000 Caluus
1001 944 1118 994 autem
1141 942 1174 994 et
1199 931 1344 996 Asinius

294 1053 327 1105 et
343 1043 478 1106 Caesa
488 1064 506 1102 r
520 1052 553 1103 et
576 1040 713 1104 Coelius
737 1051 769 1100 et
797 1041 928 1100 Brutus
951 1055 1014 1097 sua
1028 1035 1105 1097 iure
1120 1044 1153 1096 et
1164 1033 1345 1115 prioribus

295 1154 328 1205 et
353 1143 570 1226 sequentibus
600 1151 869 1222 anteponuntur.
894 1161 953 1200 nec
977 1135 1108 1227 refert,
1137 1137 1230 1222 qnod
1254 1137 1345 1198 inter

296 1267 333 1307 se
355 1245 465 1327 specie
487 1242 675 1330 differant,
703 1265 781 1305 cnm
803 1263 928 1326 genere
954 1239 1180 1304 consentiant.
1210 1238 1345 1303 Astric-

297 1347 367 1409 tior
404 1348 547 1419 Calvus,
590 1346 809 1408 numerosior
851 1344 1016 1417 Asinius,
1060 1341 1346 1425 splendidior

296 1450 469 1522 Caesar,
490 1449 647 1510 amarior
670 1449 818 1524 Coelius,
843 1447 987 1530 gravior
1008 1448 1150 1518 Brutus,
1173 1446 1345 1506 uehemen-

295 1549 365 1613 tior
394 1562 428 1610 et
463 1551 601 1631 plenior
635 1561 669 1611 et
703 1549 872 1611 ualentior
904 1549 1044 1613 Cicero:
1077 1568 1195 1610 omnes
1232 1559 1346 1608 tamen

295 1651 437 1715 eandem
452 1651 664 1734 eloquentiae
689 1650 905 1711 sanctitatem
917 1647 1074 1738 ferunt,
1092 1661 1130 1712 ut
1145 1649 1176 1711 si
1194 1648 1347 1713 omnium

295 1742 430 1834 pariter
451 1751 556 1813 libros
582 1751 619 1811 in
643 1771 783 1811 inanum
808 1750 986 1823 sumseris,
1010 1750 1107 1826 scias,
1133 1751 1289 1834 quamuis
1310 1750 1346 1812 in

297 1851 440 1913 diuersis
460 1851 629 1932 ingeniis,
657 1871 730 1912 esse
755 1849 929 1933 quandam
955 1849 1076 1912 iudicii
1098 1872 1138 1912 ac
1163 1852 1347 1916 uoluntatis

299 1952 559 2016 similitudinem
582 1955 615 2012 et
640 1949 895 2033 cognationem.

361 2053 469 2117 Tacit.
495 2054 613 2117 Annal.
641 2053 694 2127 13,
718 2052 747 2117 3.
793 2053 1014 2117 Adnotabant
1035 2052 1200 2128 seniores,
1224 2057 1348 2139 quibas

298 2158 448 2220 otiosum
467 2168 529 2232 est,
553 2168 670 2218 uetera
690 2167 723 2218 et
743 2155 943 2236 praesentia
958 2155 1179 2230 contendere,
1193 2157 1350 2238 primum

299 2261 422 2333 exiis,
445 2259 504 2343 qui
519 2280 637 2321 rerum
650 2257 755 2339 potiti
782 2270 911 2332 essent,
936 2260 1111 2323 Neronem
1134 2258 1267 2320 alienae
1274 2255 1350 2346 fa-

299 2362 444 2424 candiae
464 2361 613 2445 eguisse.
644 2363 739 2426 Nam
761 2360 959 2424 dictator
980 2363 1144 2424 Caesar
1167 2359 1351 2423 summis

299 2464 559 2528 oratoribus
599 2466 799 2525 aemulus
839 2463 872 2525 e't
915 2464 1079 2544 Augusto
1113 2475 1276 2544 prompta
1309 2483 1350 2523 ac

296 2565 504 2655 profluens,
532 2587 620 2648 quae
645 2567 779 2627 deceret
802 2564 1014 2646 principem,
1042 2564 1236 2647 eloquentia
1249 2562 1348 2653 fuit.

367 2668 499 2731 Sueton.
525 2666 620 2731 Caes.
651 2689 682 2730 c.
706 2667 759 2730 55.
803 2665 1012 2750 Eloquentia
1039 2665 1250 2750 militarique
1272 2677 1348 2728 arte

302 2781 364 2831 aut
379 2769 538 2852 aequauit
552 2767 932 2851 praestantissimorum
946 2768 1096 2851 gloriam
1111 2779 1172 2831 aut
1187 2769 1349 2832 excessit.

302 2853 383 2935 l'ost
405 2871 658 2933 accusationem
682 2869 879 2933 Dolabellae
901 2871 996 2931 haud
1017 2869 1117 2932 dubie
1136 2869 1351 2954 principibus

302 2973 460 3056 patronis
482 2983 731 3034 annumeratus
760 2982 822 3036 est.
866 2975 964 3036 Certe
994 2973 1112 3036 Cicero
1134 2973 1182 3034 ad
1202 2976 1351 3036 Brutum

302 3088 460 3138 oratores
494 3094 719 3146 enumerans,
755 3085 859 3157 negat
892 3097 929 3136 se
963 3074 1094 3149 uidere,
1131 3075 1188 3137 cui
1221 3078 1352 3139 Caesar

303 3177 423 3238 debeat
457 3175 595 3250 cedere,
627 3175 741 3258 aitque
774 3197 852 3237 eum
894 3179 1102 3259 elegantem,
1137 3176 1352 3259 splendidam

303 3299 436 3362 quoque
456 3291 559 3362 atque
580 3279 685 3340 etiam
715 3278 942 3360 magnificam
970 3291 1004 3341 et
1033 3299 1239 3361 generosam
1269 3300 1353 3363 quo·

304 3373 489 3441 dammodo
513 3379 682 3441 rationem
705 3378 839 3441 dicendi
860 3391 993 3455 tenere,
1026 3393 1060 3442 et
1087 3382 1135 3442 ad
1156 3381 1353 3445 Cornelium

304 3483 475 3562 Nepotem
508 3480 549 3542 de
582 3481 700 3543 eodem
733 3481 784 3542 ita
816 3482 978 3565 scripsit:
1010 3483 1128 3566 Quid?
1171 3495 1353 3548 oratorum

304 3605 403 3668 quem
419 3583 498 3646 huic
519 3595 706 3664 antepones
727 3605 861 3657 eorum,
883 3583 943 3667 qui
965 3584 1050 3648 nihil
1063 3585 1160 3648 aliud
1182 3587 1353 3669 egerunt?

305 3686 391 3769 Quis
413 3685 591 3748 sententiis
620 3695 682 3746 aut
703 3685 839 3747 acutior
863 3698 926 3748 aut
947 3689 1117 3764 crebrior,
1142 3689 1219 3773 quis
1241 3688 1354 3752 verbis

303 3800 364 3850 aut
387 3787 545 3849 ornatior
565 3798 628 3848 aut
650 3787 870 3867 elegantior?
891 3793 1009 3854 Genus
1031 3791 1244 3874 eloquentiae
1265 3791 1351 3852 dun·

303 3901 407 3952 taxat
427 3890 626 3951 adolescens
648 3889 830 3954 Strabonis
853 3891 1014 3956 Caesaris
1036 3904 1173 3956 secutus
1199 3893 1354 3966 videtum·

301 3991 545 4074 pronuntiasse
568 3989 684 4053 aulem
706 3991 834 4055 dicitur
857 4015 934 4056 noce
956 4004 1080 4070 acuta,
1103 3995 1241 4059 ardenti
1257 4005 1354 4059 motu

301 4104 489 4177 gestuque,
515 4113 584 4156 non
605 4092 678 4158 sine
701 4106 891 4158 venustate.

366 4194 452 4256 Plut.
480 4193 576 4259 Caes.
601 4195 633 4258 3.
678 4197 820 4280 Λέγεται
851 4200 886 4262 dl
917 4203 972 4263 nai
1002 4197 1105 4286 φῦναι
1127 4193 1211 4289 πρὸς
1233 4192 1355 4282 λόγους

305 4291 520 4372 πολιτικούςὸ
534 4298 671 4384 Καῖσαρ
687 4293 809 4386 ἄριστα
822 4304 877 4364 καὶ
892 4300 1093 4380 διαπονῆσαι
1106 4295 1354 4390 φιλοτιμότατα
