2966 4842
257 336 317 402 598

256 499 293 562 0.
309 494 465 562 Nonium
482 495 711 575 Asprenatem
727 495 946 579 Torquatum
963 493 1182 577 accipiendum
1197 497 1305 575 docet,

255 619 315 662 nea
341 617 404 682 ega
425 593 544 670 solum,
567 597 623 658 scd
645 595 787 660 Orellins
809 618 939 682 quoqne
963 594 994 660 ia
1010 596 1154 662 Horatia
1173 609 1200 662 t.
1224 603 1255 666 1.
1266 624 1303 682 p.

256 701 331 764 484.
364 697 585 764 anctoritatem
615 697 680 762 riri
713 698 889 764 doctissimi
913 707 1041 763 secutus
1073 713 1131 764 est.
1188 702 1308 768 Omnia

254 801 364 888 igitur,
385 821 466 887 quae
488 801 521 864 in
546 799 688 866 editione
716 801 828 885 priore
850 805 888 866 de
911 804 953 868 1..
979 801 1106 868 Manlio
1132 804 1305 889 Torquato

255 905 460 988 scripseram,
484 904 616 968 delenda
638 925 766 970 censeo.
811 902 939 970 Nonius
960 905 1125 988 Asprenas
1152 906 1305 992 Torqua-

254 1020 315 1088 tus,
332 1005 548 1071 familiaritate
571 1027 645 1070 usne
665 1006 806 1092 Augusti
827 1009 930 1087 (Suet.
950 1009 1042 1091 Aug.
1063 1008 1113 1072 43.
1140 1008 1209 1086 sb.)
1225 1031 1306 1074 cna·

255 1111 305 1176 sul
325 1113 475 1176 suffectus
497 1119 627 1192 putatur
651 1131 682 1175 s.
705 1110 766 1174 748
788 1110 848 1191 (6).
870 1108 1040 1174 Weicbert
1060 1131 1096 1192 p.
1121 1110 1193 1181 303.
1210 1111 1306 1176 Orcl-

254 1211 318 1278 lius
339 1212 373 1278 in
391 1211 523 1278 Horatii
545 1211 656 1278 Carm.
679 1213 745 1278 1v.
776 1213 806 1277 i.
834 1234 869 1294 p.
896 1212 971 1276 484.

428 1379 459 1438 9.
480 1377 578 1438 Oratio
597 1397 651 1455 pro
670 1395 702 1438 se
722 1383 822 1437 contra
841 1373 972 1438 Cassiam
993 1367 1141 1437 Severum.

326 1512 413 1576 Acta
437 1525 483 1576 est
504 1495 598 1576 cansa
622 1533 654 1576 a.
678 1511 739 1574 745
761 1511 818 1590 (9).
842 1508 942 1577 Cani.
967 1509 1074 1576 oratio
1097 1510 1212 1576 Asinii
1227 1513 1307 1576 Pol-

258 1614 361 1680 lionis
386 1636 455 1698 pra
482 1615 602 1682 Nonio
627 1615 822 1698 Asprenate
850 1635 929 1698 pag.
953 1613 1026 1677 499.
1053 1624 1087 1676 et
1107 1613 1222 1678 Cassii
1246 1615 1307 1677 Se·

258 1717 347 1791 veri,
373 1718 411 1779 de
437 1737 503 1801 qua
528 1715 613 1779 inira
639 1714 790 1792 dicemus,
815 1729 908 1800 atque
924 1714 1093 1780 Weichert
1113 1716 1164 1780 De
1191 1713 1305 1782 Cassio

261 1816 427 1881 Parmensi
448 1841 484 1900 p.
504 1818 565 1881 303
588 1828 620 1880 et
643 1818 716 1881 313.

575 1974 665 2033 cxn.
689 1973 720 2032 t.
741 1972 821 2031 Atius
839 1973 987 2031 Labienus.

324 2104 487 2171 Oriundus
510 2125 551 2168 ex
574 2101 694 2180 Gallia,
718 2114 752 2165 ut
774 2103 904 2168 valler
927 2102 959 2166 ia
990 2101 1169 2171 Commeat.
1198 2108 1237 2169 de
1264 2104 1307 2171 C.

261 2207 417 2275 Cornelio
440 2205 535 2271 Gallo
564 2206 607 2270 Ρ.
631 2208 662 2268 1.
689 2228 723 2289 p.
747 2208 798 2272 14.
826 2205 1018 2288 suspicatur.
1063 2207 1242 2283 Incertum,
1270 2231 1310 2273 aa

260 2310 408 2385 Labieni,
431 2309 486 2396 qui
510 2331 526 2371 a
551 2307 691 2372 Caesare
715 2308 801 2372 bello
826 2306 915 2372 civili
942 2310 982 2371 ad
1009 2309 1198 2392 Pompeium
1221 2321 1311 2373 tran-

260 2414 313 2477 siit
334 2413 415 2495 (Dio
440 2412 533 2477 Cass.
562 2411 612 2488 41,
636 2411 695 2490 4.),
717 2409 801 2474 filius
824 2433 966 2493 neposve
993 2409 1103 2475 fuerit.
1148 2415 1309 2494 Nepotem

260 2539 330 2580 eum
354 2537 433 2591 esse,
457 2517 563 2578 Faber
597 2517 637 2577 ad
669 2513 807 2578 Senecae
831 2513 993 2579 Controv.
1022 2514 1046 2576 l.
1072 2512 1105 2578 5.
1130 2536 1166 2597 p.
1193 2516 1254 2580 349
1279 2528 1313 2579 et

262 2619 413 2681 Schottus
435 2618 466 2680 in
488 2617 574 2681 libra
593 2617 634 2679 de
649 2617 735 2678 clar.
754 2619 859 2680 rhett.
881 2617 976 2700 apud
997 2619 1160 2680 Senecam
1181 2616 1308 2695 dicunt,

263 2741 374 2784 verum
401 2718 480 2782 nihil
505 2717 630 2782 definiri
650 2739 747 2801 posse
770 2719 944 2783 arbitratur
966 2718 1136 2782 Weiehert
1157 2719 1208 2782 De
1230 2717 1312 2782 Cas-

261 2822 310 2888 sio
330 2821 495 2886 Parmensi
521 2843 555 2902 p.
580 2820 655 2884 319.
700 2821 853 2885 Mortuus
873 2832 920 2883 est
938 2841 968 2883 a.
994 2821 1054 2884 765
1076 2821 1143 2901 (tt)
1166 2833 1311 2886 extrema

260 2923 401 3008 Augusti
421 2921 615 3006 principatu,
633 2935 668 2986 ut
681 2922 767 2987 inira
787 2926 1000 2987 ostendemus.
1028 2921 1129 2987 Cani.
1148 2917 1312 2987 Bentleius

262 3031 301 3089 ad
320 3029 406 3090 Hor.
432 3027 534 3096 Serm.
560 3028 594 3101 1,
618 3025 657 3101 3,
678 3027 731 3089 82.
764 3025 931 3090 Weichert
956 3025 980 3088 l.
1001 3024 1021 3088 l.
1044 3046 1080 3107 p.
1100 3023 1174 3087 323.
1199 3023 1311 3107 Scrip-

262 3128 303 3190 sit
325 3127 493 3192 historiam
524 3125 602 3190 bslli
626 3126 747 3203 civilis,
781 3127 857 3192 odio
884 3148 962 3210 erga
987 3125 1157 3190 Caesarem
1182 3139 1213 3190 et
1239 3125 1310 3189 Aa·

262 3240 387 3312 gustum
414 3229 580 3311 repletam,
603 3252 697 3314 quam
719 3233 885 3314 Augustus
907 3229 1154 3292 comburendam
1186 3227 1290 3292 iussit.

262 3333 344 3396 Erat
370 3330 488 3394 amicus
511 3334 553 3396 T.
580 3331 684 3396 Cassii
705 3329 828 3406 Severi,
850 3327 997 3395 inimicus
1016 3327 1122 3394 Asinii
1137 3328 1311 3406 Pollionis,

262 3445 297 3496 ut
322 3455 363 3497 ex
385 3433 584 3499 orationibus
610 3432 674 3495 suis
697 3443 842 3514 apparet.

326 3557 446 3620 Seneca
470 3555 634 3620 Controv.
663 3552 687 3616 l.
711 3554 745 3616 5.
771 3575 805 3636 p.
830 3555 905 3619 349.
950 3558 1005 3620 De
1027 3556 1179 3622 Labieno
1202 3557 1311 3620 inter·

260 3661 423 3744 rogatis?
466 3655 680 3722 Declamaeit
701 3678 771 3721 noa
800 3658 937 3743 quidem
963 3662 1094 3742 populo
1123 3660 1184 3724 sed
1212 3680 1310 3742 egre·

260 3763 327 3845 gie.
348 3765 429 3828 Noa
451 3759 653 3823 admittebat
666 3763 852 3843 populum,
876 3773 910 3825 et
938 3762 1022 3847 quia
1041 3762 1196 3824 nondum
1214 3763 1312 3826 haec

258 3863 472 3930 consuetudo
493 3874 569 3925 erat
590 3862 732 3926 inducta
751 3874 786 3926 et
798 3863 882 3946 quia
900 3864 1047 3946 putabat
1063 3875 1165 3945 turpe
1183 3884 1224 3926 ac
1227 3861 1312 3954 fri·

259 3970 355 4032 eolae
377 3964 588 4030 iactationis.
633 3961 831 4051 Affeetabat
853 3965 923 4030 ima
945 3966 1141 4030 censorium
1157 3964 1313 4050 superci-

257 4069 358 4143 lium,
381 4089 459 4132 cum
480 4067 571 4131 alius
600 4066 717 4131 animo
745 4079 845 4132 esset.
889 4071 1049 4152 Magnus
1077 4079 1222 4141 orator,
1253 4067 1313 4152 qui

257 4192 321 4251 per
343 4172 454 4234 muita
472 4169 716 4252 impedimenta
736 4171 918 4244 eluctatus,
941 4171 989 4234 ad
1005 4168 1157 4260 famam
1178 4168 1314 4252 ingenii

259 4271 504 4347 confitentibus
533 4271 645 4355 magis
672 4272 866 4337 bominibus
891 4285 1095 4355 peruenerat
1127 4293 1232 4358 quam
1253 4293 1313 4334 vo-
