2984 4842
1131 357 1190 421 449

145 524 245 578 antem
259 507 380 577 Caesar
403 508 515 573 deinde
538 509 566 572 ei
588 508 766 592 ignovisset
789 531 859 572 cum
883 531 985 596 eoque
1005 510 1187 595 ingratiam

144 615 307 689 rediisset,
337 625 458 684 tamen,
490 635 559 674 cum
595 612 647 674 alli
681 633 775 694 reges
808 612 942 676 Asiatici
964 627 1187 699 quererentur,

145 722 231 804 quod
260 738 321 799 por
349 714 539 796 Pompeium
569 716 648 778 fines
679 713 773 798 regni
803 713 851 777 sui
884 714 978 779 armis
1007 715 1103 778 illatis
1135 740 1189 781 au-

147 821 255 895 xisset,
279 817 462 881 Armeniam
492 817 646 881 minorem
674 817 813 902 aliasque
836 817 986 902 regiones
1009 819 1038 882 ei
1060 819 1189 901 eripuit.

149 923 228 988 Cum
252 920 363 984 deinde
397 922 514 983 Brutus
548 923 587 982 ad
626 918 796 983 Caesarem
823 919 1083 1003 proficisceretur
1105 935 1136 985 et
1159 921 1218 986 iu'

151 1023 333 1104 Bithyniam
347 1021 495 1097 venisset,
512 1043 529 1084 a
544 1020 702 1085 Deiotaro
715 1043 766 1084 res
779 1021 808 1084 ei
822 1023 942 1100 delata,
960 1035 1074 1106 atque,
1092 1047 1191 1088 cuma

151 1125 287 1190 Caesare
299 1146 391 1187 causa
403 1123 489 1204 regis
499 1123 747 1200 Nicaeae,urbe
759 1124 940 1204 Bithyniae,
953 1123 1066 1187 iterum
1080 1148 1192 1209 agere·

153 1240 215 1304 tur,
228 1249 289 1308 pro
306 1248 345 1289 eo
364 1225 481 1301 oravit,
500 1248 559 1289 nec
575 1238 676 1289 tamen
694 1226 841 1290 Caesaris
858 1226 1065 1291 commutavit
1080 1229 1190 1291 voluu-

152 1339 259 1390 tatem.
303 1329 340 1390 In
364 1327 423 1389 alia
454 1325 606 1408 opinione
629 1340 700 1390 suut
723 1329 868 1392 Tunstall
890 1329 996 1410 Epist.
1021 1333 1059 1392 ad
1083 1330 1194 1404 Midd·

152 1429 302 1494 letonium
325 1451 359 1512 p.
384 1431 436 1506 23,
461 1430 635 1512 Monganlt
658 1429 688 1492 in
713 1430 785 1495 Cir.
811 1433 873 1512 Ep.
897 1435 937 1494 ad
960 1432 1062 1494 Attis.
1087 1434 1136 1508 14,
1162 1438 1192 1511 1,

153 1531 319 1597 Corradus
341 1544 372 1594 et
400 1531 547 1608 Ernesti,
579 1532 636 1616 qui
663 1534 745 1596 hanc
774 1532 950 1597 orationem
974 1534 1112 1596 Nicaeae
1136 1534 1196 1596 Li·

152 1657 266 1718 gurum
300 1633 423 1715 oppido
456 1645 530 1715 post
563 1633 697 1697 reditum
733 1635 880 1699 Caesaris
909 1658 950 1699 ex
982 1635 1137 1718 Hispania
1166 1658 1194 1705 a.
1253 1705 1256 1714 ,

153 1739 212 1800 709
237 1737 303 1813 (45)
325 1759 340 1798 a
365 1739 469 1800 Bruto
493 1735 607 1799 dictam
639 1737 843 1801 arbitrantur.
874 1740 996 1801 Verum
1019 1741 1099 1810 ¹haec
1122 1739 1194 1821 opi-

152 1839 207 1904 nio
223 1838 283 1902 iam
299 1861 339 1903 eo
363 1838 542 1916 refellitur,
567 1843 653 1923 quod
675 1841 766 1904 huius
790 1839 945 1903 orationis
966 1840 998 1902 in
1016 1843 1120 1905 Bruto
1137 1840 1196 1905 Ci-

153 1941 294 2016 ceronis,
333 1941 388 2026 qui
425 1941 573 2023 dialogus
606 1941 667 2004 iam
705 1965 731 2010 a.
767 1944 827 2004 708
860 1944 930 2023 (lo)
965 1942 1103 2024 scriptus
1136 1957 1196 2020 est,

153 2044 270 2108 mentio
288 2056 334 2107 est
349 2044 447 2107 facta.
473 2042 573 2107 Cous.
604 2044 736 2108 Clinton
759 2045 847 2107 Fasti
870 2048 909 2106 ad
932 2066 961 2106 a.
987 2044 1048 2105 708
1069 2067 1103 2126 p.
1121 2046 1195 2108 203.

153 2148 317 2211 Drumann
341 2149 383 2208 Τ.
408 2149 439 2209 t.
462 2168 497 2228 p.
522 2149 574 2210 25.
599 2159 630 2209 et
652 2147 781 2210 Ellendt
802 2169 836 2227 p.
861 2145 1026 2210 CXXIX.

217 2248 287 2313 Cic.
320 2248 351 2310 in
385 2250 489 2312 Bruto
520 2270 550 2311 c.
586 2249 618 2311 5.
672 2251 760 2312 Erat
791 2270 813 2310 a
842 2270 895 2310 me
926 2249 1053 2312 mentio
1078 2245 1194 2336 facta,

154 2373 326 2415 causam
358 2349 862 2439 Deiotarifidelissimi
892 2363 1021 2434 atque
1044 2350 1200 2431 optimi

154 2453 275 2536 regis
302 2452 589 2516 ornatissime
617 2465 656 2515 et
685 2452 991 2532 copiosissime
1020 2474 1043 2514 a
1064 2455 1200 2516 Bruto

156 2577 215 2618 me
237 2555 417 2618 audisse
439 2553 677 2644 defensam.
721 2553 800 2617 Scio
829 2554 872 2615 ab
897 2554 965 2617 isto
987 2554 1088 2616 initio
1110 2565 1201 2616 trac-

156 2670 230 2720 tum
264 2679 338 2721 esse
373 2678 584 2731 sermonem,
620 2668 718 2739 teque
757 2655 859 2718 Bruti
894 2656 1064 2720 dolentem
1096 2657 1201 2719 ricem

157 2760 257 2842 quasi
278 2757 462 2850 deflevisse
484 2759 692 2821 iudiciorum
715 2757 910 2820 uastitatem
931 2770 1033 2842 atque
1044 2757 1146 2848 fori.

222 2859 294 2924 Cic.
319 2863 358 2922 ad
380 2859 523 2922 Atticum
550 2863 608 2938 tt,
635 2870 662 2922 1.
707 2862 760 2922 De
782 2863 892 2922 Bruto
915 2862 1098 2923 Caesarem
1120 2862 1200 2923 soli-

158 2974 232 3024 tum
253 2963 383 3026 dicere:
412 2965 531 3046 magni
559 2962 692 3053 refert,
716 2961 769 3023 hic
797 2961 881 3045 quid
902 2961 997 3035 uelit,
1022 2962 1083 3024 sed
1103 2962 1201 3045 quid-

158 3065 243 3147 quid
273 3068 360 3141 uult,
402 3066 500 3126 valde
532 3069 623 3128 uult:
664 3064 766 3148 idqae'
797 3085 876 3125 eum
907 3063 1201 3138 animaduertisse,

159 3188 328 3249 cumpro
344 3169 554 3230 Deiotaro
577 3167 768 3231 Nicaeae
790 3165 974 3228 diceret:
996 3166 1092 3227 ualde
1108 3169 1203 3230 velse-

160 3281 292 3332 menter
313 3291 392 3332 eum
413 3271 525 3333 visum
545 3281 579 3330 et
600 3269 704 3332 libere
725 3270 850 3331 dicere.

222 3371 390 3434 Plutarchi
412 3373 530 3435 Brutus
554 3393 583 3433 e.
609 3378 640 3434 o.
685 3373 755 3436 Kal
778 3367 818 3450 δὴ
840 3374 895 3434 καὶ
917 3369 962 3458 τῷ
984 3370 1048 3434 τῶν
1069 3366 1206 3454 Λιβύων

159 3474 294 3554 βασιλεῖ
311 3476 505 3563 προηγορῶν
525 3481 585 3558 μὲν
606 3468 729 3554 ἡττᾶτο
751 3473 811 3538 τοῦ
831 3473 999 3557 μεγέθους
1022 3470 1084 3536 τῶν
1105 3495 1205 3552 κατη-

161 3574 299 3660 γοριῶν,
333 3569 484 3658 δεόμενος
523 3576 558 3637 δὲ
591 3579 648 3637 καὶ
686 3569 948 3660 παραιτούμενος
980 3578 1054 3663 περὶ
1087 3569 1206 3641 τούτου

162 3669 288 3750 πολλὴν
318 3669 407 3764 αὐτῷ
436 3677 567 3739 διέσωσε
598 3674 655 3752 τῆς
684 3669 795 3761 ἀρχῆς.
827 3677 970 3756 Λέγεται
1001 3677 1036 3740 δὲ
1058 3677 1206 3764 Καῖσαρ,

164 3763 219 3835 ὅτε
247 3773 377 3859 πρῶτον
408 3770 547 3855 ἤκουσεν
580 3772 683 3841 αὐτοῦ
714 3778 882 3858 λέγοντος,
909 3770 1007 3842 εἰπεῖν
1028 3776 1111 3865 πρὸς
1133 3776 1208 3854 τούς

164 3872 300 3964 φίλους·
323 3863 459 3950 οὗτοςὸ
488 3875 618 3953 νεανίας
646 3873 705 3942 οὐκ
727 3867 803 3941 οἶδα
827 3880 887 3959 μὲν
909 3867 928 3936 3
949 3872 1121 3957 βούλεται,
1144 3880 1211 3945 πᾶν

164 3971 198 4040 δ’
224 3968 243 4038 3
268 3969 441 4058 βούλεται,
465 3970 599 4066 σφόδρα
621 3973 788 4061 βούλεται.

201 4116 241 4186 τῷ
261 4112 319 4168 τῶν
336 4114 456 4181 Λιβύων
473 4117 603 4180 βασιλεῖ]
641 4123 707 4165 vides
731 4135 760 4165 ex
779 4121 929 4176 praecedenti
950 4122 1017 4174 loeo,
1038 4133 1120 4177 regem
1139 4120 1210 4162 Deio-

237 4215 312 4252 tarum
339 4208 536 4266 intelllgendum,
567 4211 627 4253 uude
650 4209 796 4260 verisimile,
824 4208 936 4252 librarios
960 4221 1039 4252 veram
1069 4206 1212 4259 scripturam

235 4291 276 4358 τῷ
294 4288 353 4342 τῶν
371 4287 510 4342 Γαλατῶν
528 4288 647 4351 βασιλεῖ
664 4295 811 4349 corrupisse.

215 4380 289 4420 motari
300 4379 421 4420 Oratllom.
436 4379 514 4428 [fragm.
532 4377 589 4415 εΗ.
973 4388 1012 4452 29
