2958 4840
1188 361 1245 426 tit

208 523 314 597 rasti,
342 547 408 606 ego
436 524 504 585 iam
534 523 587 585 hie
613 521 800 604 triumpho.
853 519 1058 602 Eloquentia
1080 533 1159 591 tua,
1184 539 1247 581 au·

208 629 273 688 sim
302 626 437 700 dicere,
468 647 542 688 meo
570 625 700 696 elisatio,
736 624 889 694 Caesar,
927 643 1065 704 meoque
1094 623 1249 704 arripieio

205 742 288 790 nala
309 741 371 789 est.
395 765 397 770 .

269 833 431 894 Extabant
454 829 617 892 orationes
645 831 686 890 L.
715 825 795 889 Veri
822 825 1042 906 Imperatoris.
1072 825 1247 906 Capitolini

208 933 314 995 Verus
340 935 518 1012 Imperator
546 933 577 992 2.
623 931 763 994 Audiuit
788 934 956 992 Scaurum
983 931 1249 1009 grammatirnm

207 1035 369 1103 latinum,
401 1035 523 1096 Scauri
544 1033 683 1109 fllium,
715 1033 773 1115 qui
801 1031 1048 1112 grammaticus
1077 1030 1249 1092 Hadriani

207 1135 300 1219 fuit;
326 1157 471 1217 graecos
489 1137 693 1216 Telephum,
717 1135 1024 1214 Hephaestionem,
1051 1135 1248 1212 Harpoera·

206 1237 333 1299 tionem
342 1259 354 1307 ,·
390 1238 542 1300 rhetores
579 1216 821 1318 Aqrollonium,
858 1238 1006 1298 Celerem
1041 1233 1244 1306 Caninium,

207 1338 379 1402 Herodem
414 1339 585 1408 Atticum3
623 1338 768 1399 latinum
797 1337 993 1400 Cornelium
1029 1340 1248 1406 Frontonem

205 1439 426 1521 philosophos
441 1439 661 1520 Apolloniam
679 1451 711 1500 et
728 1441 889 1501 Sextum:
907 1440 968 1500 hos
986 1459 1102 1499 omnes
1120 1439 1248 1498 amauit

210 1543 307 1602 unire
337 1553 439 1624 atque
468 1541 511 1602 ab
537 1542 589 1602 his
623 1541 763 1601 invicem
791 1541 932 1601 dilectus
959 1551 1025 1601 est:
1054 1561 1113 1600 neo
1135 1551 1249 1600 tamen

209 1644 408 1726 ingeniosus
428 1644 475 1706 ad
490 1644 621 1704 literas.
646 1643 772 1704 amavit
788 1654 903 1703 aulem
916 1643 950 1703 in
963 1642 1114 1722 pueritia
1133 1661 1249 1701 uer-sus

197 1743 348 1832 farere,
364 1759 438 1826 post
454 1745 646 1816 orationes,
665 1756 697 1806 et
710 1743 829 1807 melior
844 1745 979 1827 quidem
996 1755 1116 1804 orator
1125 1740 1247 1831 fnisse

207 1848 335 1910 dieitur
363 1869 466 1930 quam
494 1860 615 1929 poeta,
650 1847 736 1918 imo,
774 1859 812 1908 ut
840 1846 952 1908 uerius
983 1845 1115 1916 dicam.
1153 1845 1251 1925 peior

207 1961 309 2029 poeta
337 1970 438 2031 qnam
469 1951 598 2010 rhetor.
644 1951 717 2011 Nee
745 1947 883 2022 desunt,
917 1947 976 2032 qni
1003 1947 1138 2018 dicant,
1175 1967 1253 2006 enm

196 2047 322 2136 fuisse
344 2049 501 2109 adiutum
528 2049 668 2129 ingenio
690 2049 897 2119 amicornm,
928 2062 1029 2130 atque
1053 2050 1096 2109 ah
1117 2049 1196 2109 aliis
1219 2046 1250 2108 ei

208 2150 268 2211 illa
283 2149 368 2231 ipsa,
388 2151 635 2233 qualiacunque
653 2161 745 2221 sunt,
762 2150 901 2228 scripta,
922 2150 1108 2232 siquidem
1126 2153 1251 2212 mullos

208 2251 356 2313 disertas
380 2265 411 2314 et
428 2253 582 2313 eruditos
598 2253 731 2332 semper
747 2271 861 2314 seeum
884 2253 1041 2313 habuisse
1060 2252 1195 2317 dieitur.

383 2391 409 2448 1.
452 2391 614 2447 Gratiarum
635 2391 708 2471 aetio
728 2393 764 2446 ed
786 2391 963 2446 Antoninum
983 2390 1073 2446 Pium.
1150 2453 1151 2456 Ἴ

275 2495 316 2554 L.
347 2495 454 2556 Verus
482 2496 563 2557 hanc
590 2493 762 2577 gratiarnm
792 2493 948 2556 amionem
979 2491 1076 2564 dixit,
1110 2515 1179 2555 curn
1210 2496 1250 2556 ab
1306 2526 1308 2530 ·

212 2594 373 2659 Antonino
416 2595 477 2658 Pio
516 2597 563 2658 vel
607 2609 739 2678 praetor
776 2595 881 2658 sactus
917 2607 999 2658 esset
1040 2598 1089 2658 vei
1129 2595 1251 2658 consul.

214 2696 320 2760 Maius
346 2720 379 2778 p.
406 2699 476 2766 131.

274 2801 398 2862 Fronto
420 2802 459 2861 ad
482 2802 532 2862 M.
557 2799 726 2865 Caesarem
749 2803 770 2864 Ι.
796 2805 826 2870 5.
845 2800 898 2864 38.
945 2802 1076 2865 Fratris
1098 2802 1150 2862 tui
1172 2821 1251 2864 ora·

208 2902 259 2962 tio
282 2925 333 2964 me
353 2902 548 2973 deterserim
572 2925 651 2964 nam
672 2917 704 2965 et
727 2917 853 2966 ornata
865 2902 951 2991 sirit
974 2915 1006 2966 et
1029 2903 1192 2977 cordata,
1216 2913 1251 2964 et

207 3017 338 3066 eertum
363 3006 486 3079 habeo,
518 3027 596 3066 eum
618 3006 796 3068 minimum
819 3005 922 3086 spatii
945 3005 1103 3068 habuisse
1116 3005 1162 3066 ad
1182 3026 1251 3068 me·

210 3107 402 3167 ditandum.

274 3210 320 3275 M.
346 3207 465 3271 Caesar
492 3210 530 3268 ad
556 3210 753 3271 Frontonem
781 3211 799 3272 l.
825 3215 855 3272 5.
883 3211 934 3273 39.
979 3211 1110 3274 Fratris
1135 3222 1252 3274 autem
1315 3199 1318 3204 Α

211 3311 292 3371 milri
318 3313 516 3393 gratiaram
538 3311 630 3372 aetio
653 3335 693 3373 eo
718 3313 925 3375 laudabilior
946 3326 1017 3389 est,
1049 3336 1117 3396 quo
1139 3314 1253 3377 minus

208 3414 255 3473 ad
276 3414 527 3484 meditandam.
555 3426 592 3474 ut
619 3415 804 3485 coniectas,
831 3415 948 3476 habuit
971 3416 1086 3496 spatii.

509 3553 537 3608 2.
579 3552 732 3608 Orationes
753 3553 787 3606 ad
809 3557 949 3607 senatum.

273 3657 380 3716 Verus
412 3657 591 3736 imperator
615 3657 652 3715 ad
682 3656 877 3716 Frontonem
906 3677 958 3734 ep.
983 3656 1011 3716 3.
1046 3677 1076 3733 p.
1108 3655 1176 3718 187.
1200 3657 1248 3722 ed.

210 3745 308 3819 Rom.
353 3757 495 3838 Quidvis
518 3757 607 3816 enim
630 3757 744 3817 subire
764 3770 911 3836 paratus
934 3779 1026 3826 siem,
1053 3757 1135 3816 dam
1163 3778 1185 3816 a
1218 3764 1251 3816 le

214 3878 270 3918 res
303 3870 442 3920 nostrae
475 3859 714 3919 inlustrantur.
756 3859 860 3920 Plane
884 3879 950 3919 non
979 3858 1199 3920 oontemseris
1222 3869 1255 3919 et

209 3959 384 4021 orationes
422 3961 469 4021 ad
502 3965 661 4023 senatum
697 3970 729 4021 et
770 3960 992 4021 allocutiones
1037 3973 1176 4022 nostras
1207 3957 1255 4020 ad

208 4061 412 4124 exereitum.

471 4145 499 4199 3.
540 4144 741 4200 Alloontiones
761 4146 796 4199 nd
818 4147 996 4203 exereitum..
1026 4169 1030 4176 ¹
1115 4171 1119 4179 ·

274 4248 315 4314 L.
342 4245 451 4308 Verus
480 4249 519 4309 ad
540 4248 654 4310 bellum
677 4246 863 4310 Parthicam
887 4247 1052 4329 proiectus
1072 4261 1117 4308 est
1140 4225 1168 4309 a:
1190 4247 1253 4312 titi

208 4347 307 4434 (toi).
352 4347 543 4423 Orationes,
563 4371 641 4434 quas
658 4345 691 4411 in
710 4347 768 4413 illo
780 4350 865 4414 bello
880 4353 918 4412 nd
932 4350 1105 4413 exereitum
1128 4350 1245 4428 habuit,
