2970 4836
1236 351 1255 412 9

243 516 296 566 Hoc
309 518 364 580 die]
390 517 440 564 lem
454 533 482 566 ex
496 520 540 564 boc
555 523 610 566 loeo
623 523 709 575 elnon,
724 523 792 580 quale
806 523 835 567 de
847 519 998 566 orationibus
1010 517 1072 565 Livii
1086 519 1211 564 terendum
1225 521 1256 562 sit

279 611 410 654 iudicium:
425 608 496 654 Gellii
513 610 576 653 enim
592 613 684 665 oratio,
701 625 770 668 quam
783 611 889 664 Scipioni
903 611 1018 661 vindicat,
1033 611 1108 654 inulto
1122 609 1256 664 simplicior

281 703 317 743 cst
330 703 353 742 et
365 698 488 754 antiquum
498 699 605 742 colorem
616 701 717 752 redolet,
730 699 811 744 Livius
821 704 901 742 auteur
910 699 1075 755 antiquitatem
1086 702 1110 742 et
1118 696 1255 756 robiginem

279 789 433 832 cominutavit
448 789 574 842 splendore
593 793 664 844 atque
684 789 791 832 ubertate
810 789 928 831 orationis
946 801 1014 832 suae.
1040 788 1100 830 Vide
1113 787 1142 829 ad
1155 779 1255 828 Catonis

258 874 418 920 'orationem
438 875 468 922 de
487 878 543 936 tege
563 874 656 932 Oppia.
694 877 770 933 Atque
790 878 901 920 universe
920 877 1048 920 tenendum
1067 881 1112 927 est.
1131 888 1195 928 euin,
1215 871 1255 928 qui

280 965 430 1022 eloquentiae
449 967 571 1008 oratoriae
588 967 634 1006 rim
650 965 708 1009 bene
725 967 868 1020 perceperit,
887 963 957 1009 facile
972 965 1073 1018 sentiro,
1092 967 1205 1020 quantum
1225 961 1255 1004 sb

281 1065 354 1107 opere
367 1054 472 1096 oratoris
483 1053 653 1096 historicorum
667 1053 753 1097 distent
766 1056 906 1110 orationes,
929 1067 1059 1110 rerumque
1073 1065 1125 1096 esso
1140 1052 1177 1104 id,
1193 1051 1255 1107 quod

279 1139 379 1184 Cassius
394 1141 507 1192 Severus,
522 1143 605 1182 orator
618 1141 799 1193 celeberrimus,
815 1141 875 1195 apud
890 1142 1003 1185 Senecam
1016 1142 1039 1184 in
1053 1139 1179 1194 Excerptis
1192 1137 1255 1181 Gon·

281 1230 456 1271 troversiarum
479 1227 497 1268 l.
519 1221 542 1268 3.
556 1226 664 1268 Prasiai.
677 1228 704 1268 de
716 1227 821 1270 Salustio
835 1229 906 1280 dicit,
924 1231 1052 1274 orationes
1065 1228 1136 1284 ipsas
1149 1225 1257 1272 Salustii

281 1317 308 1360 in
315 1312 433 1358 honorem
442 1317 535 1355 tantum
547 1310 714 1356 historiarum
723 1313 785 1371 tegi,
797 1316 887 1368 etquod
895 1316 922 1356 de
933 1314 1257 1365 TbucrdileCiceroindieat

282 1403 306 1445 in
320 1401 425 1445 Oratore
436 1415 457 1444 c.
468 1399 492 1444 9.
502 1399 645 1458 Numquam
658 1406 694 1444 est
704 1404 949 1452 numeratusorator,
964 1414 1018 1451 nec,
1033 1401 1055 1443 si
1067 1398 1198 1443 historiam
1208 1412 1257 1442 non

284 1489 441 1545 scripsisset,
455 1501 543 1532 noseren
556 1489 609 1532 eius
622 1494 730 1532 extaret.
761 1485 830 1532 Cous.
844 1487 1004 1544 Quintilianus
1020 1483 1059 1540 10,
1074 1484 1097 1541 1,
1110 1483 1152 1531 ³2.

278 1591 379 1652 Extat
399 1591 529 1651 alterum
551 1610 682 1672 qunque
701 1588 914 1672 fragmentum
934 1585 1089 1651 orationis
1110 1585 1258 1652 Africani

214 1695 365 1754 adversus
383 1693 434 1754 M.
450 1692 621 1754 Naevium.

277 1793 396 1858 Cicero
418 1797 455 1857 de
475 1795 615 1859 Oratore
636 1795 665 1868 9,
683 1797 735 1872 61,
750 1797 823 1860 919.
857 1795 973 1878 Quid
994 1797 1069 1860 hoc
1092 1797 1258 1864 Naeuio
1280 1841 1302 1861 ..

211 1897 442 1980 ignavius?
460 1920 575 1962 severe
598 1898 725 1980 Scipio.

246 2022 341 2069 Naevio
360 2025 492 2086 ignavius]
512 2027 640 2070 ridiculum
656 2028 734 2071 oritur
751 2039 780 2069 ex
796 2028 1000 2072 annorninalione.

512 2193 562 2250 tv.
590 2189 631 2252 M.
655 2192 784 2250 Claudius
803 2191 961 2250 Marcellus.

274 2305 378 2370 Filius
400 2305 487 2380 eius,
511 2304 566 2390 qui
590 2303 759 2389 quinquies
782 2306 981 2369 consulatum
1004 2304 1142 2370 obtinuit
1166 2317 1198 2370 et
1225 2306 1257 2370 in

210 2411 294 2490 bello
318 2408 443 2471 Punico
468 2411 607 2492 secundo
633 2406 768 2468 maxima
791 2405 996 2488 imperatoris
1021 2407 1113 2471 lande
1134 2409 1255 2473 floruit.

211 2512 277 2574 Hic
296 2508 448 2572 Claudius
467 2509 643 2570 Marcellus
661 2507 745 2570 lilius
765 2505 875 2568 aedilis
893 2509 1013 2569 curulis
1032 2530 1058 2572 a.
1076 2511 1138 2572 551
1150 2513 1256 2590 (900),

212 2622 345 2694 praetor
367 2633 396 2672 a.
416 2611 477 2674 556
496 2609 606 2687 (198),
625 2609 737 2670 consul
756 2629 783 2675 a.
805 2609 866 2668 558
885 2609 994 2687 (196),
1015 2629 1132 2672 censor
1151 2632 1178 2680 a.
1197 2613 1257 2676 565

212 2715 315 2798 (189).
360 2715 514 2776 Mortuus
537 2722 584 2774 est
610 2731 640 2772 a.
665 2709 724 2772 577
743 2709 845 2794 (177).
893 2709 993 2775 Coni.
1009 2711 1174 2776 Drumann
1193 2715 1259 2777 Ge·

212 2817 355 2882 schicbte
378 2818 478 2880 Roma
498 2825 522 2877 t.
540 2815 569 2881 9,
586 2835 620 2894 p.
637 2814 710 2877 391.

326 3003 328 3008 ,
346 2956 373 3012 1.
396 2955 536 3011 Laudatis
550 2954 678 3010 funebris
691 2953 729 3013 M.
745 2953 858 3011 Claudii
870 2955 1000 3012 Marcelli
1013 2957 1116 3027 patris.

276 3069 325 3131 Ea
343 3079 390 3130 est
407 3066 514 3128 habita
532 3089 561 3129 a.
579 3067 640 3128 516
653 3066 753 3145 (908).

278 3169 361 3234 Cum
387 3171 439 3232 M.
454 3169 622 3234 ‘Claudius
643 3168 819 3232 Marcellus
842 3181 934 3252 pater
955 3168 987 3231 in
1009 3170 1121 3254 quinto
1142 3195 1257 3236 conss-

212 3275 276 3336 latu
301 3294 330 3335 a.
356 3272 416 3335 516
437 3274 524 3352 (908)
546 3273 710 3335 Venusiae
731 3275 770 3333 ab
791 3272 972 3335 Hannibale
987 3272 1111 3336 insidiis
1131 3278 1256 3340 occisus

212 3386 311 3451 esset,
332 3374 485 3459 exequiae
504 3378 627 3439 Romae
651 3376 912 3451 celebrabantur,
937 3386 970 3438 et
986 3375 1071 3438 filins
1088 3377 1177 3452 eius,
1201 3380 1256 3463 qui

212 3499 338 3562 pugnae
365 3477 572 3554 interfuerat,
599 3477 775 3541 orationem
801 3477 969 3540 funebrem
996 3477 1092 3554 dixit,
1124 3501 1256 3564 eamque

212 3581 362 3663 scriptam
380 3569 525 3665 reliquit.

276 3683 392 3745 Livius
413 3683 437 3746 l.
460 3685 521 3760 97,
539 3684 590 3745 97.
624 3687 760 3747 Multos
779 3682 872 3744 circa
892 3703 1091 3746 unam-rem
1107 3685 1257 3748 ambitus

202 3783 371 3877 fecerim,
393 3786 436 3861 si,
459 3807 546 3870 quae
564 3786 606 3847 de
626 3785 788 3850 Marcelli
805 3798 914 3849 morte
935 3785 1253 3862 uariantauctores‚

214 3889 330 3950 omnia
346 3890 472 3973 exequi
487 3889 598 3951 veiim.
616 3891 675 3950 -Ut
695 3887 853 3950 omittam
868 3888 970 3964 alios,
988 3892 1029 3952 L.
1043 3891 1178 3953 Coelius
1193 3891 1256 3953 tri·
1305 3967 1307 3971 Ι

210 3991 335 4074 plicam
352 3991 540 4074 reigestae
554 3989 711 4082 ordinem
730 3991 810 4064 edit,
835 4011 940 4052 unam
957 3989 1255 4080 traditamfanna,

212 4095 360 4154 atteram
376 4093 542 4173 scriptam
562 4091 760 4156 laudatione
770 4090 858 4168 filii,
877 4093 937 4176 qai
950 4093 1002 4155 rei
1016 4104 1134 4174 gestae
1151 4092 1258 4156 intor-

200 4192 344 4286 fucrit‚
368 4193 525 4268 tertiam,
551 4213 655 4276 quam
674 4195 747 4275 ipse
763 4215 833 4274 pro
851 4192 1017 4276 inquisita
1032 4204 1064 4255 et
1082 4191 1148 4256 sibi
1165 4215 1257 4258 com-

210 4307 313 4378 perta
334 4293 455 4385 effert.
