2992 4844
1186 381 1246 442 ³35

265 531 425 598 Priscian.
448 543 472 595 t.
496 534 530 597 1.
548 555 580 615 p.
599 533 672 596 270.
724 536 854 599 (laesor
876 534 1001 600 Strabo
1019 546 1143 598 contra
1168 541 1244 601 Sul·
1290 593 1339 630 Ἢ

196 636 328 721 picium
355 635 532 700 tribunum
552 637 678 718 plebis:
702 636 836 700 Deinde
864 637 1078 721 propinquos
1105 651 1244 703 nostros

201 741 389 804 Messallae
405 739 507 802 domo
523 738 726 831 deflagrata
736 759 867 820 penore
881 741 1076 803 nolebamus
1088 741 1241 822 privare.
1257 811 1262 820 ,

411 877 440 934 5.
481 875 580 933 Oratio
599 882 700 934 contra
717 877 850 936 Helvium
869 878 1025 936 Manciam.

262 987 367 1053 Causa
376 988 509 1055 incerta.
525 987 609 1053 Vide
622 991 815 1076 Fragmenta
825 991 1109 1056 HelviiManciae
1120 1014 1153 1074 p.
1166 993 1241 1058 329.
1269 1029 1297 1078 4

264 1089 337 1155 Cic.
365 1093 402 1154 de
431 1092 523 1155 Orat.
552 1093 591 1166 l,
615 1093 667 1154 (16.
716 1093 824 1157 Valde
847 1093 1006 1156 ridentur
1031 1094 1135 1156 etiam
1156 1095 1241 1158 ima·
1284 1089 1287 1097 ¹

198 1193 315 1277 gines,
350 1216 437 1278 quae
458 1191 549 1282 fere
580 1195 617 1255 in
651 1192 912 1284 deformitatem
944 1208 1006 1258 aut
1038 1197 1073 1258 in
1101 1197 1243 1281 aliquod

197 1296 318 1358 vitium
343 1297 502 1378 corporis
527 1297 701 1358 ducuntur
726 1320 804 1359 cum
826 1299 1051 1361 similitudine
1072 1301 1242 1380 turpioris

198 1410 237 1460 ut
261 1421 373 1460 meum
395 1398 481 1460 iliud
503 1399 538 1461 in
557 1400 716 1462 Helvium
735 1401 934 1464 Manciam:
956 1404 1032 1465 Iam
1048 1402 1239 1478 ostendam,

197 1501 391 1563 cuiusmodi
405 1501 467 1563 sis.
493 1504 579 1566 Cum
598 1502 672 1563 itte:
691 1502 830 1564 ostende
845 1507 992 1586 quaeso!
1009 1504 1242 1568 demonstravi

197 1602 309 1686 digito
338 1604 471 1685 pictum
499 1605 638 1667 Gallum
671 1603 706 1665 in
739 1603 907 1668 Mariano
940 1617 1038 1667 scuto
1072 1605 1242 1671 Cimbrico

196 1709 260 1770 sub
274 1708 386 1772 Novis
410 1708 606 1782 distortum,
631 1705 739 1768 eiecta
760 1705 882 1790 lingua
904 1705 1016 1768 buccis
1027 1707 1240 1794 fluentibus.

195 1810 301 1875 Risus
339 1821 390 1872 est
424 1821 637 1884 commotus,
677 1809 764 1872 nihil
805 1819 876 1870 tam
921 1792 1084 1874 Manciae
1130 1811 1240 1874 simile

195 1912 306 1974 visum
323 1923 387 1974 est.

519 1995 548 2052 6.
589 1993 687 2050 Oratio
707 2012 759 2066 pro
784 1995 911 2054 Sextilio.

259 2105 363 2170 Causa
387 2105 521 2169 incerta.
547 2105 667 2170 Caesar
688 2109 805 2170 Strabo
832 2107 998 2171 Sextilium
1018 2109 1050 2171 in
1069 2131 1162 2173 cansa
1185 2132 1238 2172 aa·

195 2208 285 2290 pitali
305 2211 470 2272 admodum
498 2209 671 2282 adiuvent,
697 2221 732 2271 nt
758 2211 997 2273 absolveretur:
1019 2213 1073 2274 sed
1093 2211 1239 2274 beneficii

194 2309 361 2375 immemor
395 2310 584 2385 Caesarem,
619 2333 689 2373 cnm
719 2311 922 2393 proscriptus
958 2323 1040 2374 esset
1072 2311 1239 2375 auxilium·

197 2434 258 2496 qne
277 2413 342 2475 eius
365 2413 555 2496 imploraret
582 2435 613 2476 a.
641 2415 701 2476 667
729 2411 815 2497 (87),
840 2413 993 2494 prodidit.
1022 2415 1113 2476 Haec
1133 2413 1238 2477 oratio

194 2535 261 2576 non
292 2513 422 2579 Caesari
458 2515 625 2588 Straboni,
660 2517 713 2577 sed
745 2513 876 2578 Caesari
908 2513 1068 2577 Dictatori
1095 2514 1127 2576 in
1162 2515 1236 2577 edit.

195 2614 341 2680 Caesaris
367 2618 635 2700 Oudendorpiana
661 2619 703 2679 Τ.
729 2616 761 2679 9.
787 2639 820 2697 p.
845 2616 916 2681 846.
939 2637 1052 2679 errore
1073 2615 1237 2682 tribuitur.

256 2720 410 2784 Valerios
433 2723 530 2784 Max.
557 2722 595 2797 5,
618 2721 707 2802 3,,3.
751 2721 829 2802 Quo
853 2717 978 2792 nimbo,
1006 2739 1074 2802 qua
1087 2721 1238 2800 procella

195 2823 374 2886 verborum
389 2824 533 2905 impium
556 2822 696 2888 sexritii
722 2831 825 2904 caput
844 2819 945 2882 obrui
964 2832 1126 2894 meretur,
1146 2821 1238 2905 quod

193 2927 232 2990 C.
251 2928 445 3001 Gaesarem,
463 2947 569 3009 aquo
593 2947 668 2987 aum
693 2923 845 2987 studiose
868 2935 942 2985 tum
965 2920 1069 2985 etiam
1082 2920 1237 3008 feliciter

192 3028 393 3110 gravissimi
421 3027 577 3091 criminin
603 3049 683 3088 reus
705 3025 873 3115 defensus
884 3024 1036 3116 fuerat,
1061 3027 1236 3090 Cinnanae

189 3130 458 3211 proscriptionis
485 3141 637 3210 tempore
662 3125 862 3217 profugum
887 3126 1105 3209 praesidium
1135 3148 1236 3190 suum

192 3230 228 3292 in
242 3228 369 3320 fundo
403 3230 646 3315 Tarquiniensi
682 3231 790 3292 cladis
825 3229 1017 3293 conditione
1049 3229 1236 3312 implorare

191 3332 350 3410 beneficii
381 3333 457 3396 iure
491 3344 644 3416 repetere
686 3345 871 3409 eoactum,¹
893 3335 1086 3396 truculento
1112 3332 1237 3396 victori

170 3419 422 3518 ¹iugulandum
447 3435 585 3500 tradere
608 3455 676 3499 non
694 3435 890 3499 exhorruit.

655 3573 773 3630 incula.

255 3687 382 3750 Nonius
411 3709 445 3768 p.
474 3688 547 3751 198.
601 3687 697 3751 Ciuis
713 3685 897 3774 feminino
926 3684 1021 3766 apud
1049 3686 1234 3748 Gaesarem
1312 3735 1316 3742 .

191 3797 225 3848 et
245 3790 421 3852 Catullum
442 3801 476 3852 et
501 3791 641 3853 (iduum
666 3790 791 3850 lectum
813 3798 878 3850 est.

226 3908 370 3972 Caesarem]
406 3916 537 3960 Gaesarem
561 3914 706 3958 Strabonem
737 3915 761 3956 in
791 3911 921 3972 tragoediis
948 3913 992 3970 ittp
1019 3910 1136 3956 vocabulo
1165 3921 1232 3952 usum

259 4001 356 4056 opinor.

252 4097 367 4184 Velius
397 4123 535 4204 Longus
564 4120 603 4179 de
637 4117 862 4200 Orthograpb.
894 4136 928 4195 p.
954 4111 1049 4176 2244.
1105 4115 1233 4174 Lutum

187 4232 291 4306 atque
327 4226 507 4285 macellum
536 4218 764 4300 singulariter
799 4217 898 4282 exire
930 4221 1119 4288 memento,
1155 4213 1232 4276 licet

187 4325 379 4388 Memmius
401 4325 470 4388 ista
491 4321 633 4386 macella
658 4318 749 4382 dicat
770 4333 803 4383 et
829 4323 956 4382 Caesar
978 4315 1062 4377 luta.
1256 4363 1289 4388 Χ
