2958 4840
682 565 922 665 Declamatloues.

351 751 430 816 Eius
450 746 695 812 declamationes
716 759 778 810 tam
794 746 884 810 fuere
901 742 1067 828 egregiae,
1093 753 1128 804 ut
1150 763 1211 825 pro
1229 743 1334 826 Quin-

286 851 422 917 tiliaueis
445 855 493 932 (v.
515 873 550 934 p.
575 851 649 927 597)
677 851 901 912 venderentur.

353 953 534 1018 Trebellius
543 951 653 1016 Pollio
664 945 963 1030 Triginta'l'yreoni
975 947 1004 1016 8.
1013 948 1187 1012 Postumus
1205 947 1333 1012 Iunior.

291 1061 345 1124 De
373 1060 436 1120 boc
460 1077 569 1137 prope
598 1053 684 1116 nihil
708 1064 760 1116 est
787 1052 881 1136 quod
907 1051 1061 1126 dicatur,
1094 1051 1162 1114 nisi
1189 1051 1282 1134 quod
1312 1071 1337 1112 a

287 1171 388 1242 patre
414 1159 606 1240 appellatus
628 1167 678 1218 est
700 1157 847 1228 Caesar,
879 1174 920 1214 ae
941 1153 1098 1234 deinceps
1120 1153 1155 1214 in
1176 1153 1252 1216 eius
1272 1154 1336 1216 bo-

290 1283 375 1324 nore
403 1263 584 1342 Augustus
612 1278 689 1320 eum
716 1267 816 1339 patre
845 1255 973 1318 dicitur
1001 1256 1221 1329 interemtus,
1256 1276 1337 1316 eum

292 1363 471 1427 Lollianus
493 1361 658 1423 inlocum
673 1357 829 1423 Postumi
853 1357 1081 1440 subrogatus,
1102 1356 1252 1420 delatum
1270 1356 1338 1418 sibi

292 1485 315 1526 a
336 1464 446 1528 Gallis
468 1463 646 1524 sumsisset
668 1459 862 1544 imperium.
908 1460 983 1522 Fuit
1006 1470 1121 1520 autem
1143 1458 1259 1542 (quod
1279 1479 1338 1519 so-

293 1569 365 1628 lum
380 1575 573 1626 memoratu
588 1561 732 1644 dignum
746 1563 817 1642 est)
839 1560 936 1622 itain
953 1559 1340 1622 declamationibus

294 1668 502 1741 disertus,
526 1675 571 1726 ut
592 1666 686 1727 eius
707 1659 1035 1726 controversiae
1058 1661 1340 1746 Quintiliano

293 1769 453 1829 dicantur
482 1767 648 1840 insertae,
691 1786 789 1849 quem
817 1765 1082 1826 declamatorem
1112 1763 1248 1826 romani
1276 1785 1340 1846 ge-

295 1867 387 1929 neris
408 1867 646 1928 acutissimum
669 1869 719 1927 uel
740 1869 843 1927 unius
863 1865 989 1947 capitis
1011 1866 1110 1928 lectio
1130 1865 1245 1948 prima
1266 1876 1341 1926 sta-

295 1970 358 2032 tim
367 1966 500 2059 fronte
522 1967 748 2031 demonstrat.

448 2133 544 2192 CLVI.
582 2133 621 2194 bl·
644 2133 772 2193 Aurelius
790 2135 993 2202 Numerianus,
1018 2137 1084 2195 Cari
1100 2140 1184 2210 filius.

359 2268 463 2330 Natus
485 2286 567 2328 anno
591 2265 721 2330 circiter
744 2290 775 2330 u.
801 2269 881 2330 1007
905 2269 1006 2348 (lbi).
1050 2272 1082 2332 A
1105 2279 1196 2350 patre
1219 2268 1343 2332 Caesar

298 2369 414 2433 dicitur
436 2390 466 2431 a.
492 2368 573 2430 1035
596 2368 696 2446 (787).
742 2369 878 2433 Occisus
899 2380 947 2432 est
969 2391 999 2436 a.
1025 2371 1105 2432 1037
1128 2373 1230 2447 (781).

361 2470 466 2534 Flavii
496 2468 636 2552 Vopisci
664 2470 876 2534 Numerianus
904 2494 934 2534 c.
965 2473 995 2536 1.
1017 2475 1067 2534 ·T.
1093 2473 1125 2534 2.
1155 2495 1232 2556 pag.
1264 2473 1343 2538 700.

298 2572 553 2646 Numerianus,
585 2572 668 2637 Cari
686 2571 808 2648 filius,
845 2585 1002 2636 moratus
1032 2575 1173 2658 egregie
1201 2587 1234 2637 et
1263 2599 1344 2639 vere

299 2676 424 2758 dignus
451 2673 615 2756 imperio,
649 2675 840 2758 eloquentia
863 2675 969 2738 etiam
989 2679 1223 2758 praepollens,
1253 2677 1346 2740 adeo

299 2788 339 2839 ut
382 2775 515 2858 publice
562 2776 818 2851 declamaverit,
857 2773 1164 2866 feranturque
1215 2780 1345 2844 illius

299 2877 460 2960 scripta
492 2877 674 2952 nobilia,
714 2878 1021 2942 declamationi
1051 2893 1193 2943 tamen
1221 2903 1344 2965 quam

302 2980 507 3044 Tulliano
536 2980 934 3043 accommodatiora
966 2981 1084 3044 stilo.
1139 2958 1254 3048 Versu¹
1280 3005 1346 3046 au-

300 3094 368 3144 tem
396 3081 477 3144 talis
494 3078 621 3171 fuisse
650 3082 892 3163 praedicatur,
928 3093 966 3144 ut
994 3105 1111 3146 omnes
1135 3097 1257 3166 poetas
1286 3087 1346 3148 sui

300 3182 466 3264 temporis
491 3183 623 3246 uicerit.
668 3186 763 3248 Nam
792 3196 825 3246 et
846 3205 923 3246 cum
945 3187 1109 3271 Olympio
1132 3187 1346 3250 Nemesiano

301 3283 492 3357 contendit,
533 3284 592 3366 qui
620 3286 846 3369 Halyeutica,
879 3289 1090 3371 Cynegetica
1125 3301 1158 3352 et
1190 3290 1347 3366 Nautica

301 3383 456 3465 scripsit,
489 3396 523 3446 et
544 3385 724 3446 Aurelium
743 3388 995 3467 Apollinarem,
1019 3389 1213 3453 iamborum
1235 3391 1346 3472 scrip-

302 3499 430 3558 torem,
463 3485 603 3562 iisdem,
634 3507 722 3570 quae
744 3489 965 3564 recitaverat,
994 3493 1096 3556 editis
1119 3493 1222 3556 ueluti
1243 3494 1348 3558 radio

302 3587 387 3650 solis
410 3587 554 3651 obtexit.
599 3588 740 3652 Huius
770 3591 916 3654 oratio
932 3591 1110 3682 fertur,
1141 3595 1196 3657 ad
1226 3616 1348 3657 sena·

303 3701 389 3750 tum
418 3691 568 3762 missa,
605 3701 769 3754 tantum
805 3694 1009 3758 habuisse
1043 3697 1347 3780 eloquentiae,

303 3803 341 3852 ut
370 3790 421 3852 illi
449 3801 564 3854 statua
590 3811 658 3854 non
681 3793 782 3874 quasi
808 3797 968 3870 Caesari,
1000 3799 1061 3860 sed.
1086 3801 1187 3882 quusi
1216 3801 1351 3862 rhetori

303 3892 542 3954 decerneretur
562 3893 722 3973 ponenda
747 3895 782 3958 in
805 3896 1004 3962 bibliotheca
1027 3902 1145 3983 Ulpia,
1183 3901 1240 3964 cui
1266 3903 1350 3964 sub·

303 3992 470 4074 seriptum
485 4003 536 4055 est
550 3995 820 4060 Numeriano
837 4001 1036 4076 Caesari,
1061 4003 1230 4066 oratori
1250 4014 1350 4066 rem.

301 4093 482 4176 poribus
504 4093 595 4157 suis
613 4099 936 4177 potentissimo.

676 4261 787 4321 CLVII.
827 4265 972 4325 Antonius.

367 4385 520 4465 Aequalis
537 4388 578 4466 Q.
593 4387 718 4451 Aurelii
734 4391 935 4473 Symmachi,
960 4400 1072 4462 consul
1091 4423 1120 4462 a.
1143 4403 1221 4466 1135
1244 4403 1350 4488 (382).
