2992 4844
245 369 306 433 nst

246 531 344 594 illum
377 530 422 592 de
453 527 623 591 ratione
659 526 832 588 dicendi
865 547 948 590 sane
982 527 1108 590 exilem
1137 529 1291 591 libellum

247 631 400 696 libuisset
426 630 585 694 scribere.

523 911 550 968 1.
590 909 690 968 Oratio
709 926 761 981 pro
780 925 812 966 se
833 910 869 966 de
889 909 1021 966 incesto.¹
1110 943 1114 948 -

310 1025 414 1107 Causa
445 1041 604 1124 virginum
638 1041 815 1104 Vestalium
848 1053 915 1103 acta
952 1052 1000 1103 est
1035 1062 1066 1104 a.
1109 1043 1171 1104 610
1200 1045 1290 1121 (lid)

246 1167 351 1210 mense
367 1147 559 1208 Decembre.
593 1142 693 1208 Conf.
721 1144 808 1206 Fasti
834 1142 995 1208 Clintonis
1017 1147 1056 1206 ad
1080 1147 1109 1209 h.
1133 1167 1163 1207 a.
1180 1145 1291 1208 Aemi·

244 1249 297 1324 lia,
318 1247 457 1320 Licinia,
476 1246 618 1320 Mucia,
645 1245 787 1328 virgines
811 1247 956 1308 Vestales
980 1269 1050 1308 cum
1075 1247 1177 1329 stupri
1194 1270 1302 1320 acca„

243 1363 327 1414 satae
343 1361 456 1424 essent,
473 1348 632 1412 Antonius
648 1370 775 1432 quoque
791 1348 902 1429 cnlpae
918 1370 990 1409 reus
1006 1371 1074 1411 esse
1089 1353 1288 1414 tradebatur.
1368 1420 1373 1426 ,

242 1455 275 1517 ls
288 1463 388 1514 sutem
401 1450 462 1512 iam
480 1473 496 1512 e
513 1454 615 1514 Roma
632 1449 795 1531 profectus
812 1462 889 1524 erat,
914 1462 947 1512 ut
966 1451 997 1512 in
1012 1451 1121 1514 Asiam
1137 1465 1289 1536 quaestor

243 1565 385 1638 peteret,
409 1575 479 1614 cum
503 1552 644 1616 nuntium
668 1552 844 1634 acciperet,
875 1564 908 1614 ut
940 1552 1051 1616 incesti
1071 1566 1287 1617 accusaretur.

243 1656 441 1730 Revertitur,
457 1677 582 1716 causam
599 1666 670 1716 orat
686 1657 767 1734 apud
793 1655 833 1716 L.
857 1652 1001 1718 Cassium
1018 1667 1200 1734 praetorem
1217 1658 1287 1735 (ex-

243 1769 309 1820 tant
332 1745 455 1818 denirii
480 1756 594 1830 Cassii,
619 1755 802 1817 memoriam
832 1756 924 1818 buius
948 1779 1060 1820 causae
1086 1769 1286 1838 repetentes:

244 1881 275 1929 v.
295 1858 418 1920 Eckhel
443 1859 484 1922 D.
508 1849 551 1920 N‘.
574 1869 599 1920 t.
630 1859 661 1920 6.
685 1879 718 1939 p.
747 1854 834 1941 166.)
855 1869 885 1919 et
909 1860 1099 1921 absolvitur.
1138 1859 1286 1935 Crassus,

243 1959 360 2023 arnicas
397 1958 480 2035 eius,
515 1959 727 2022 defensionem
766 1959 913 2024 Liciniae
948 1961 1082 2046 virginis
1112 1960 1144 2023 ia
1180 1965 1288 2025 eadem

243 2084 335 2126 causa
357 2061 506 2142 suscepit,
532 2073 563 2122 ut
588 2061 672 2123 inira
699 2061 851 2125 dicemus.
1305 2071 1306 2074 ’

305 2163 421 2225 Livius
448 2163 535 2244 Epit.
563 2163 613 2225 63.
658 2164 822 2240 Aemilia,
851 2166 1003 2243 Licinia,
1032 2169 1189 2243 Marcia,
1217 2166 1287 2228 vir·

240 2266 340 2350 gines
359 2269 513 2331 Vestales
533 2265 654 2328 incesti
675 2266 857 2329 damnatae
883 2280 972 2343 sunt,
998 2269 1099 2354 idque
1120 2271 1287 2332 incestum

240 2369 528 2452 quemadmodum
564 2380 597 2429 et
636 2369 852 2433 commissum
895 2382 929 2431 et
964 2370 1211 2452 deprehensum
1254 2383 1288 2434 et

182 2472 186 2479 '
239 2469 449 2533 uindicatum
473 2469 534 2541 sit,
561 2467 731 2556 refertur.
1004 2553 1006 2560 y

302 2571 454 2634 Valerius
478 2573 570 2639 Max.
592 2572 629 2646 3,
657 2575 692 2645 7,
714 2572 743 2636 9.
787 2575 842 2636 Μ.
865 2573 1037 2635 Antonius
1061 2573 1118 2636 ille
1137 2573 1288 2636 disertus

239 2695 308 2736 non
331 2674 538 2754 respuendo,
575 2673 637 2734 sed
668 2675 906 2755 amplectendo
939 2697 1063 2737 causae
1089 2676 1285 2750 dictionem,

239 2796 342 2858 quam
366 2774 527 2836 innocens
562 2786 668 2849 esset,
696 2787 842 2837 testatus
875 2787 938 2838 est.
983 2781 1156 2860 Quaestor
1174 2775 1287 2859 profi·

240 2878 369 2941 ciscens
388 2876 423 2939 in
449 2875 590 2951 Asiam,
618 2877 854 2938 Brundusium
882 2877 952 2939 iam
973 2890 1195 2960 peruenerat,
1229 2879 1288 2940 ubi

239 2978 350 3041 literis
365 2979 493 3040 certior
505 2978 648 3068 fuctus,
675 2979 794 3042 incesti
825 3001 861 3041 se
887 2985 1102 3061 postulatum
1126 2980 1220 3062 apud
1242 2984 1285 3043 L.

239 3080 395 3146 Cassium
423 3093 641 3161 praetorem,
667 3081 765 3142 cuius
792 3082 944 3143 tribunal
968 3093 1113 3164 propter
1142 3081 1287 3144 nimiam

238 3182 452 3244 seueritatem
474 3185 635 3263 scopulus
651 3205 790 3245 reorum
808 3183 996 3255 dicebatur,
1017 3206 1096 3245 cum
1118 3184 1155 3244 id
1176 3184 1286 3246 vitare

237 3282 405 3358 beneflcio
433 3283 520 3364 legis
545 3285 733 3348 Memmiae
766 3286 900 3361 liceret,
932 3307 1019 3368 qrcae
1051 3307 1188 3360 eorum,
1226 3285 1287 3367 qui

237 3385 444 3467 reipublicae
467 3406 573 3448 causa
598 3387 763 3462 abessent,
789 3386 896 3468 recipi
918 3388 1059 3450 nomina
1084 3387 1229 3460 vetabat,
1249 3385 1286 3446 in

236 3489 355 3550 urbem
369 3499 483 3549 tamen
499 3487 660 3550 recurrit.
703 3492 781 3571 Quo
800 3501 872 3550 tam
884 3493 986 3570 pleno
996 3488 1156 3564 fiduciae
1178 3489 1286 3550 bonae

235 3590 379 3653 consilio
396 3612 474 3652 cum
493 3589 743 3652 absolutionem
765 3594 917 3666 celerem,
939 3602 1012 3652 tum
1022 3588 1282 3680 prrffectionem

220 3693 467 3778 ⁴honestiorem
489 3703 692 3754 consecutus
713 3703 777 3754 est.

268 3851 450 3916 proficiscens]
487 3853 563 3896 Roma
591 3853 713 3908 profectus
742 3859 778 3896 est
804 3867 828 3896 a.
858 3849 906 3899 660
930 3852 1005 3912 (lli)
1030 3869 1110 3900 mense
1134 3855 1283 3900 Decembres

307 3956 369 3984 anno
391 3943 454 3986 enim
478 3934 524 3982 661
546 3937 619 3996 (113)
639 3944 791 3996 quaesturam
815 3941 838 3983 in
857 3942 914 3984 Asia
930 3943 1017 3999 gessit.

299 4076 414 4140 Valer.
438 4077 532 4138 Max.
558 4076 595 4150 6,
619 4075 658 4150 8,
683 4078 710 4136 1.
757 4079 810 4140 Μ.
834 4079 1025 4150 Antonius,
1056 4097 1201 4140 auorum
1223 4097 1285 4139 no·
1366 4160 1370 4167 Ι

238 4187 390 4240 strorum
413 4177 624 4259 temporibus
655 4177 867 4242 clarissimus
890 4191 1034 4255 orator,
1060 4177 1181 4242 incesti
1204 4197 1284 4240 reus

239 4278 419 4356 agebatur.
470 4279 576 4344 Cuius
607 4279 643 4342 in
676 4279 816 4348 iudicio.
838 4293 1056 4345 accusatores
1088 4299 1226 4344 servum
1249 4279 1285 4340 in
