2992 4844
275 370 336 433 322

239 537 265 556 ²
340 525 507 591 Charisius
522 542 554 606 p.
571 523 643 586 111.
667 525 710 605 Q.
726 519 855 602 caepio
879 520 915 581 in
931 521 986 586 M.
1011 516 1198 584 Aemilium
1217 518 1326 582 Scau·

186 683 191 698 .
278 652 358 694 rum
381 633 455 712 lege
480 625 608 693 Vario:
637 622 721 687 Cum
743 623 785 684 ab
807 623 873 685 isto
895 621 1043 685 viderem
1061 617 1187 682 cotidie
1212 621 1326 682 hostes

277 731 449 796 adiuuari.

239 890 259 912 s
342 831 509 898 Charisius
524 855 558 914 p.
574 832 644 900 116.
666 834 709 915 Q.
733 827 860 911 Caepio
882 827 917 889 in
940 827 995 891 Μ.
1019 823 1206 889 Aemilium
1221 826 1328 887 Scau·

281 958 359 1001 rum
382 939 456 1019 lege
483 935 610 1000 Varia:
638 937 723 999 Cum
745 934 787 994 ab
814 933 881 994 isto
911 929 1060 993 uiderem
1088 925 1218 990 antidio
1246 945 1328 988 con·

281 1039 365 1102 siliis
388 1040 503 1104 hostes
524 1037 696 1100 adiuuari.

229 1203 252 1224 ..
347 1139 514 1204 Charisius
530 1161 562 1220 p.
588 1139 658 1208 133.
682 1137 809 1220 Caepio
831 1136 866 1198 in
883 1137 936 1199 M.
954 1132 1141 1198 Aemilium
1156 1135 1328 1196 Scaurum

280 1245 356 1327 lege
386 1241 515 1308 Varia:
547 1244 590 1324 Q.
625 1240 748 1304 Albius
777 1239 830 1301 uir
856 1239 964 1301 bonus
986 1247 1037 1298 est
1059 1246 1092 1298 et
1114 1236 1326 1297 veliementer

281 1346 438 1409 idoneus.

317 1490 347 1554 (1.
367 1487 466 1548 Albius]
502 1491 538 1534 Da
557 1503 586 1534 so
607 1489 665 1534 nihil
685 1488 745 1533 certi
766 1491 869 1534 constat.

437 1646 466 1701 l.
507 1643 606 1702 Oratio
625 1646 657 1700 in
676 1644 825 1700 Betucium
844 1641 966 1700 Barium
988 1639 1175 1697 Aeculanum.

349 1775 453 1840 Causa
477 1773 597 1837 incerta
625 1786 683 1838 est.
709 1773 916 1854 Orationem,
947 1795 1040 1858 quam
1065 1769 1188 1853 Caepio
1213 1772 1329 1832 adver·

286 1901 337 1941 sus
354 1877 519 1941 Betucium
536 1877 655 1952 habuit,
681 1899 745 1941 non
768 1875 836 1959 ipse
859 1876 1032 1958 scripserat
1056 1875 1143 1936 seda
1169 1875 1212 1934 L.
1231 1870 1329 1934 Aelio

287 1979 464 2060 composita
490 1992 570 2042 erat.

269 2081 271 2084 ’
352 2081 471 2146 Cicero
490 2083 592 2144 Bruto
609 2104 640 2144 c.
664 2081 714 2149 16.
726 2064 900 2146 ¹Omnium
915 2079 1212 2165 eloquentissimus
1227 2089 1333 2140 extra

287 2188 377 2251 hanc
409 2185 528 2247 urbem
558 2187 601 2248 T.
632 2185 794 2248 Betucius
827 2188 962 2247 Barrus
984 2185 1201 2256 Asculanus‚
1234 2180 1333 2242 cuius

288 2299 368 2350 sunt
399 2287 530 2370 aliquot
564 2287 740 2350 orationes
772 2287 892 2352 Asculi
923 2287 1078 2361 habitae,
1114 2286 1175 2346 illa
1202 2287 1333 2368 Romae

287 2401 410 2454 eontra
432 2389 649 2470 Caepionem,
673 2391 796 2453 nobilis
820 2411 913 2464 sane,
939 2391 994 2450 cui
1017 2387 1168 2452 orationi
1189 2385 1334 2468 Caepio·

288 2490 343 2554 nis
371 2512 432 2554 ore
460 2491 639 2572 respondit
667 2493 808 2567 Aelius,
843 2492 902 2575 qui
930 2491 1136 2574 scriptitavit
1158 2489 1335 2553 orationes

289 2593 426 2668 multis,
451 2605 573 2657 orator
595 2593 667 2676 ipse
690 2615 877 2678 numquam
886 2591 985 2684 fuit.

354 2695 477 2758 Ibidem
499 2717 527 2761 c.
551 2696 611 2773 56,
635 2697 709 2759 206.
755 2697 876 2760 Aelius
903 2697 1041 2762 Stoicus
1068 2697 1234 2760 scribebat
1255 2715 1336 2759 ora-

290 2796 418 2872 tiones,
443 2819 529 2880 quas
550 2798 611 2861 alii
633 2798 802 2874 dicerent,
836 2810 875 2862 ut
903 2803 946 2882 Q.
976 2802 1119 2866 Metello
1140 2797 1206 2890 f..
1230 2810 1269 2862 ul
1290 2800 1334 2880 Q.

291 2899 476 2984 Caepioni,
501 2911 539 2963 ut
561 2904 604 2984 Q.
628 2904 792 2984 Pompeia
814 2899 926 2992 Rufo.

746 3060 887 3123 Incerta.

360 3193 527 3259 Charisius
549 3219 583 3278 p.
608 3199 661 3260 81.
707 3201 830 3262 Tores.
862 3199 1045 3276 Seruilius,
1076 3212 1115 3263 ut
1136 3199 1240 3262 etiam
1261 3199 1338 3261 rta-

293 3296 369 3359 ulus
390 3299 646 3381 Pomponianus
667 3312 779 3374 notat,
801 3323 946 3364 aureum
968 3313 1062 3366 tores
1080 3323 1148 3386 pro
1170 3312 1304 3382 torque.

329 3439 464 3500 Servilius]
500 3443 676 3490 Lindsrnanuus
702 3445 747 3490 hoc
769 3447 928 3506 fragmentum
954 3448 984 3506 Q.
1012 3448 1116 3492 Servilio
1142 3445 1257 3502 Caepioni
1282 3457 1339 3490 oru-

362 3531 410 3574 tori
430 3531 525 3574 tribuit.

525 3666 573 3724 LI.
616 3667 647 3725 Τ.
668 3668 796 3727 Betucius
814 3670 923 3728 Barna
942 3671 1105 3730 Asculanos.

359 3794 426 3856 Hic
450 3807 562 3859 orator
582 3797 712 3872 Asculi,
742 3799 775 3863 in
804 3803 882 3864 urbe
903 3801 1102 3877 Picentium,
1123 3795 1231 3874 natus,
1252 3797 1340 3861 circa

296 3894 382 3957 illam
410 3907 542 3958 aetatem
565 3899 665 3976 vixit,
698 3925 760 3984 qua
796 3903 878 3967 socii
910 3925 1118 3968 romanorum
1146 3905 1184 3965 de
1211 3900 1341 3964 civitate

298 3998 398 4059 danda
429 4001 539 4061 turbas
572 4002 751 4065 excitarunt
779 4005 960 4090 bellumque
992 4006 1153 4068 funestum
1187 4006 1340 4065 adversus

297 4118 364 4160 rem
387 4099 546 4180 publicam
572 4124 752 4185 suscepere.
778 4109 903 4171 Betucii
930 4107 1091 4173 orationes
1120 4106 1152 4170 iu
1172 4104 1221 4168 his
1247 4105 1343 4166 rebus
1436 4095 1439 4098 ’

299 4212 442 4262 versatas
475 4225 543 4267 csse
575 4207 735 4287 suspicor.
775 4209 910 4275 Constat
938 4222 1059 4284 autem,
1098 4207 1130 4271 in
1162 4206 1220 4271 illo
1256 4203 1345 4268 bello

301 4298 456 4362 Asculum
476 4316 602 4387 captum
617 4309 815 4396 dirutumque
830 4335 898 4377 esse
914 4335 942 4384 a.
955 4313 1015 4376 665
1029 4309 1096 4398 (89)
1110 4310 1228 4376 Florus
1239 4307 1271 4388 3,
1290 4307 1344 4370 18.
