2984 4842
273 382 335 444 tat

354 539 382 594 5.
405 535 462 594 Sed
480 549 534 592 sen
554 532 660 590 Sabine
680 531 741 588 site
759 531 855 588 verius
875 527 989 596 Tiburs,

401 631 452 686 Fui
473 629 596 684 libenter
614 627 644 682 in
667 629 715 680 tua
734 623 899 680 suburbana

398 723 477 780 Villa
496 722 659 790 malamque
679 721 795 788 pectore
814 714 910 786 expuli
931 714 1043 782 tussim,

402 815 465 871 Non
485 812 648 870 immerenti
668 827 754 882 quam
773 810 843 865 mihi
863 824 943 864 meus
962 812 1073 874 venter,

401 908 476 964 Dum
495 911 656 962 sumtuosas
678 907 797 976 appeto,
820 901 915 971 dedit,
939 914 1056 956 coenas.

334 1003 379 1058 10.
401 999 474 1058 Nam
496 999 636 1056 Sestianas
655 999 719 1052 darn
738 998 800 1052 eolo
820 1013 874 1052 esse
893 996 1017 1057 0000100,

320 1101 323 1106 “
403 1074 564 1152 Orationem
583 1095 614 1147 tn
633 1089 745 1147 Antium
763 1092 907 1160 petitorem

403 1189 516 1244 Plenam
535 1188 631 1241 ameni
650 1191 675 1240 et
691 1185 861 1254 pestilentiae
881 1183 955 1252 lepti.

403 1280 524 1336 Hieme
545 1279 670 1348 gravedo
691 1277 794 1345 trigida
815 1277 842 1332 ct
863 1276 996 1344 frequens
1017 1273 1103 1328 tussis

404 1373 558 1440 Quassarit
577 1386 667 1442 usque
687 1371 754 1424 dum
774 1369 804 1423 in
826 1372 904 1423 tuum
924 1367 1019 1422 sinum
1040 1366 1100 1435 lugi

338 1467 383 1524 15.
404 1467 442 1522 Et
460 1481 506 1522 me
526 1465 656 1521 recurari
675 1464 789 1533 otioque
808 1465 837 1518 et
856 1462 959 1516 urtica.

405 1559 502 1626 Quare
522 1559 646 1614 retectus
666 1558 805 1613 maximas
825 1556 876 1610 tibi
896 1559 991 1624 grates

405 1653 485 1720 Ago,
506 1667 600 1706 meum
622 1651 696 1720 quod
718 1665 774 1704 non
795 1663 826 1704 es
847 1650 907 1704 ulta
928 1650 1088 1718 peccatum.

404 1744 459 1800 Nee
479 1746 607 1814 dsprewr
625 1745 700 1804 mm.
722 1745 747 1798 ss'
765 1744 876 1810 nefaria
894 1744 999 1811 scripta

405 1834 475 1890 seat
494 1852 617 1906 reeepso,
640 1837 708 1904 quin
726 1837 900 1906 presedissem
920 1841 944 1890 et
965 1836 1060 1890 tussim

336 1928 384 1984 20.
405 1927 468 1984 Non
487 1930 571 1991 mibi,
593 1929 640 1982 sed
658 1930 713 1998 ipsi
733 1925 820 1983 Sestio
839 1930 910 1997 serat
929 1929 1029 1999 triam,

409 2019 465 2088 Qui
485 2028 548 2076 tane
567 2028 646 2076 coeat
665 2037 722 2086 me,
745 2037 805 2076 cam
823 2022 928 2077 matam
948 2022 1050 2076 libram
1069 2021 1142 2092 tepit.

656 2168 718 2227 XC.
758 2168 799 2228 11.
823 2168 955 2226 Calidius.

345 2281 447 2342 Natus
469 2300 550 2344 anno
579 2282 638 2344 657
663 2281 749 2359 (97);
781 2285 887 2344 decem
911 2280 999 2343 annis
1023 2277 1127 2342 minor
1148 2300 1240 2364 quam
1269 2275 1326 2341 Ci-

284 2403 371 2446 cero.
410 2382 570 2460 Quaestor
585 2404 615 2445 0.
640 2383 698 2446 687
724 2384 810 2460 (67),
835 2394 867 2444 ut
889 2381 1000 2444 scribit
1014 2380 1144 2443 Ellendt
1158 2403 1193 2462 p.
1211 2380 1324 2445 CVII.

283 2484 405 2547 Deinde
445 2506 517 2547 usus
554 2496 602 2546 est
635 2483 789 2567 magistro
836 2482 959 2546 dicendi
999 2483 1206 2563 Apollodoro
1244 2484 1327 2547 Per·

283 2607 417 2667 gameno
450 2597 529 2647 teste
554 2583 757 2665 Hieronymo
792 2584 824 2648 in
859 2587 979 2648 Euseb.
1012 2586 1135 2650 Chron.
1166 2585 1221 2649 01.
1251 2585 1325 2647 179.

286 2689 304 2748 2
327 2711 368 2743 =
391 2709 417 2750 0,
440 2711 472 2748 u.
497 2686 555 2748 691
574 2687 660 2764 (63)τ
683 2689 916 2768 Apollodorus
931 2691 1164 2771 Pergamenus
1179 2707 1327 2770 graecus

283 2800 417 2859 orator,
440 2801 646 2870 praeceptor
661 2790 787 2854 Calidii
808 2802 841 2851 et
857 2791 1009 2872 Augusti
1031 2795 1145 2852 clarus
1167 2791 1325 2851 habetur.

285 2889 358 2969 Quo
382 2891 420 2951 de
442 2891 573 2952 rhetore
602 2913 632 2955 v.
662 2893 774 2954 Asinii
804 2892 968 2955 Pollionis
995 2892 1109 2954 oratio
1129 2912 1196 2974 pro
1219 2891 1328 2971 Apol·

284 2991 405 3054 lodoro
421 2994 647 3073 Pergameno.
673 2993 834 3055 Tribunus
857 2992 959 3076 plebis
983 3016 1012 3056 a.
1038 2994 1097 3058 693
1121 2996 1201 3071 (61).
1227 2995 1328 3056 Prae·

284 3102 389 3154 tora.
414 3093 472 3155 697
496 3096 578 3172 (st).
614 3096 689 3156 Huc
711 3095 863 3177 pertinet,
888 3097 974 3180 quod
997 3096 1212 3175 Hieronymus
1227 3093 1329 3157 refert

283 3191 316 3254 in
340 3193 460 3257 Euseb.
485 3194 611 3258 Chron.
637 3197 769 3277 Olymp.
796 3197 865 3270 180,
890 3199 928 3258 lt:
954 3221 995 3254 =
1019 3218 1048 3258 a.
1075 3198 1134 3259 697
1159 3199 1245 3275 (57);
1270 3197 1328 3258 Μ.

285 3293 436 3358 Calidius
475 3310 598 3361 orator
642 3301 757 3359 claras
795 3299 957 3370 habetur,
998 3297 1057 3377 qui
1089 3297 1175 3357 bello
1204 3309 1331 3376 postea

285 3395 376 3458 civili
386 3399 614 3462 Caesarianas
622 3411 742 3480 partes
757 3409 902 3470 secutus,
920 3418 997 3457 cam
1012 3407 1169 3477 togatam
1179 3396 1331 3460 Galliam

286 3512 437 3580 regeret,
470 3501 661 3563 Placentiae
693 3497 788 3559 obiit.
833 3499 968 3560 Petebat
991 3497 1189 3559 consulatum
1213 3519 1241 3560 0.
1268 3499 1330 3560 703

285 3597 376 3683 (51);
407 3612 438 3660 at
470 3601 628 3680 repulsam
657 3597 740 3660 tulit.
797 3600 834 3661 In
864 3599 949 3661 bello
983 3597 1071 3660 civili
1103 3621 1133 3661 0.
1170 3601 1231 3662 706
1259 3601 1328 3680 (99)

288 3701 496 3765 Caesarianas
515 3712 622 3779 partes
645 3700 797 3784 sequitur.
842 3700 962 3765 Caesar
985 3704 1022 3764 de
1045 3701 1122 3764 bell.
1141 3702 1215 3769 Cir.
1240 3707 1270 3765 1.
1294 3703 1327 3765 9.

288 3805 332 3870 Α,
357 3801 416 3861 706
441 3800 507 3877 (ts)
532 3801 667 3863 Galliam
696 3814 838 3885 togatam
862 3798 1062 3885 prouinciam
1085 3803 1330 3880 administravit,

287 3906 462 3987 eodemque
486 3923 567 3966 anuo
592 3904 773 3967 Placentiae
797 3905 878 3968 diem
902 3928 1084 3987 supremum
1108 3906 1200 3969 obiit.

351 4004 423 4070 Cic.
445 4005 538 4068 Brut.
571 4007 628 4080 79,
661 4008 735 4070 stt.
778 4009 848 4073 Sed
875 4009 916 4072 de
938 4011 994 4074 M.
1018 4009 1152 4073 Calidio
1175 4009 1329 4072 dicamus

286 4107 436 4191 aliquid,
465 4107 524 4191 qui
551 4108 717 4198 nonfuit
745 4124 867 4174 orator
895 4130 987 4174 uaris
1016 4111 1188 4187 smaltis,
1209 4111 1329 4193 potius

286 4210 377 4272 inter
409 4213 532 4272 multos
563 4233 672 4294 prope
704 4213 895 4296 singularis
915 4211 1017 4302 fuit,
1052 4214 1103 4276 ita
1134 4213 1330 4276 reconditas

286 4310 545 4396 exquisitasque
573 4315 761 4379 sententias
788 4315 899 4379 mollis
921 4328 954 4377 et
974 4316 1147 4398 peliaceus
1168 4314 1331 4378 vestiebat
