2984 4842
276 357 337 422 rot

313 523 405 568 librum
424 518 509 578 auum]
545 520 679 563 orationem
699 518 858 572 Capitollnum
878 517 990 574 intelligit
1009 515 1099 561 Mutus.

341 641 534 704 Plutarchus
556 639 587 703 iu
619 637 683 701 vita
714 634 808 700 Bruti
838 657 868 699 c.
894 635 944 698 18.
985 631 1266 724 Ἀθροισθέντος
1288 634 1321 696 δὲ

278 739 337 804 τοῦ
369 733 526 818 πλήθους
560 741 717 824 διελέχθη
754 737 906 827 Βροῦτος
932 733 1093 822 ,ἐπαγωγὰ
1125 734 1185 800 τοῦ
1218 727 1323 817 δήμου

278 844 334 905 καὶ
362 842 528 929 πρέποντα
559 845 627 916 τοῖς
655 842 904 928 πεπραγμένοις.
940 835 1116 920 Αρρίοοοο,
1136 835 1220 899 Bell.
1246 834 1320 900 civ.

279 943 310 1004 2.
338 943 517 1005 137-111.
541 943 719 1007 orationem
743 942 897 1027 quandam
921 941 1026 1004 Bruto
1051 938 1174 1002 tribuit.
1214 995 1218 1004 .

676 1139 705 1193 8.
746 1136 917 1194 conciones.

341 1267 442 1338 Extat
471 1266 638 1349 vestigium
674 1266 883 1341 concionum,
918 1287 996 1350 quac
1028 1267 1147 1328 Brutus
1175 1263 1207 1326 in
1237 1261 1321 1326 bello

279 1371 431 1432 adversus
448 1368 622 1433 Antonium
646 1381 677 1433 et
697 1369 908 1434 Octavianum
933 1379 1024 1449 gesto
1048 1387 1156 1430 coraru
1173 1358 1322 1427 militibus

279 1468 311 1532 in
334 1469 471 1534 Graecia
496 1471 605 1535 habuit
633 1493 660 1536 a.
685 1473 742 1532 711
774 1472 843 1550 (13)
867 1481 897 1534 et
921 1470 982 1531 712
1004 1468 1084 1554 (42).
1115 1467 1213 1533 Cous.
1237 1467 1336 1558 Dru-⁴

279 1593 369 1634 manu
392 1583 416 1634 t.
442 1575 471 1638 1.
497 1596 530 1655 p.
556 1577 609 1636 10.

297 1672 300 1682 ’
340 1673 473 1736 Tacitus
506 1675 623 1737 Annal.
661 1676 697 1748 1,
735 1675 806 1744 131,
835 1672 1017 1737 Cremutius
1047 1671 1176 1737 Cordus
1206 1671 1238 1734 in
1268 1674 1322 1734 de-

277 1772 425 1836 fensione
454 1795 510 1836 sua
541 1774 636 1836 dicit:
672 1775 816 1839 Antonii
847 1776 1031 1858 epistolae,
1065 1774 1194 1838 Bruti
1223 1794 1323 1836 con·

278 1872 538 1964 cioneofoloa
552 1877 688 1960 quidem
709 1877 745 1938 in
766 1879 967 1959 Augustum
979 1877 1122 1960 probro,
1139 1875 1201 1938 red
1215 1878 1324 1937 multa

278 1997 355 2038 cum
385 1977 570 2040 acerbitate
601 1979 747 2053 habent,
782 1979 939 2042 carmina
962 1977 1118 2043 Bibaculi
1139 1989 1172 2040 et
1198 1976 1324 2042 Catulli

278 2075 416 2167 referto
448 2080 661 2144 contumeliis
700 2085 889 2146 Caesarum
934 2083 1115 2164 leguntur,
1153 2080 1216 2142 ced
1249 2078 1323 2160 ipae

278 2180 377 2244 dinuo
401 2181 531 2255 lulius,
556 2181 629 2263 ipae
662 2182 760 2246 diruo
785 2185 969 2266 Augustus
994 2194 1028 2246 et
1056 2183 1165 2245 tulere
1191 2181 1260 2242 ictu
1289 2193 1322 2244 et

278 2281 465 2366 reliquere,
491 2285 585 2347 haud
600 2282 719 2374 focile
745 2284 915 2364 dixerim,
949 2283 1183 2350 moderatione
1209 2281 1322 2366 mugio

278 2405 323 2446 an
345 2384 527 2468 supientia.
962 2443 979 2472 0

343 2487 479 2550 Easdem
501 2485 595 2552 Bruti
617 2488 828 2552 allocutiones
851 2487 988 2553 Ovidius
1011 2507 1142 2573 quoque
1162 2485 1324 2570 intelligit,

279 2609 349 2650 cunr
372 2587 404 2650 in
426 2588 570 2671 epistolis
593 2611 634 2652 ex
656 2592 765 2655 Ponto
791 2590 850 2653 lib.
875 2594 905 2654 1.
929 2612 983 2672 ep.
1012 2591 1048 2666 1,
1076 2589 1129 2653 23.
1152 2587 1248 2652 dicit:

354 2726 409 2782 Nec
427 2744 474 2783 vor
494 2731 544 2784 lou
563 2731 654 2795 vultis,
677 2733 724 2785 red
742 2747 790 2785 uec
807 2729 952 2800 prohibero
969 2729 1099 2798 potentia:

391 2819 526 2892 Musaque
545 2825 582 2877 od
600 2825 701 2879 invitor
721 2825 844 2894 officioso
861 2824 944 2878 uenit.

356 2909 499 2982 Quidquid
519 2914 549 2968 id
567 2921 620 2977 ert,
644 2916 762 2986 odiunpe
781 2916 848 2969 meir
876 2916 948 2970 uintt
966 2916 1079 2986 impedit
1099 2920 1172 2969 ortos

391 3005 480 3060 noun
499 3009 614 3062 uerrutis
635 3009 737 3079 leuibus
756 3009 823 3062 urle
841 3009 910 3074 [rui.

356 3094 436 3163 Quod
455 3106 576 3163 metuar,
597 3117 654 3156 non
673 3109 728 3156 ert:
750 3099 852 3156 Antoni
871 3102 974 3170 scripto
994 3101 1130 3171 loquutur,

390 3189 493 3246 Doctus
513 3199 537 3248 ot
557 3195 588 3247 in
605 3201 717 3264 promtu
734 3195 839 3248 scrinio
858 3192 960 3248 Brutus
980 3193 1070 3246 notet.

312 3320 416 3368 Antonii
433 3325 536 3386 scripta]
572 3329 668 3372 Antonii
689 3329 806 3372 triumviri
828 3326 943 3378 epistotae
965 3337 990 3369 r.
1009 3337 1066 3382 pag.
1087 3320 1148 3368 157.

315 3406 421 3470 Brutus]
456 3415 545 3460 Brutus
574 3429 666 3472 quoque
696 3417 800 3458 lectores
828 3411 912 3464 hehet,
936 3411 975 3466 qui
1002 3412 1053 3454 eius
1081 3410 1185 3462 scripta,
1215 3413 1327 3464 quamvis

350 3504 433 3543 auctor
452 3501 560 3559 Augusto
578 3503 610 3544 cit
627 3501 732 3552 invisus,
761 3500 785 3542 iu
811 3498 906 3541 scriniis
931 3501 1035 3541 servant.
1069 3496 1135 3552 Quae
1156 3509 1214 3539 vero
1233 3499 1326 3554 scripta

350 3587 417 3630 Bruti
445 3603 472 3632 ca
496 3592 565 3644 sunl,
597 3599 656 3642 quaa
686 3587 793 3643 Augusto
821 3589 877 3628 runt
903 3579 978 3631 otio?
1001 3598 1048 3628 nou
1074 3583 1121 3626 alia
1147 3584 1233 3636 opinor
1252 3598 1325 3640 quarn

350 3676 491 3733 conciones,
517 3685 576 3729 ques
601 3673 688 3715 Brutus
714 3673 737 3716 in
767 3672 830 3716 bello
855 3677 937 3746 cgnlrn
962 3671 1117 3716 Octauianum
1141 3677 1210 3728 gesto
1229 3669 1323 3724 hahuit,

350 3773 456 3816 quaeque
475 3759 626 3802 coutumeliis
644 3759 787 3816 iniuriisque
806 3764 875 3805 eruut
892 3761 1004 3804 refertae.

735 3935 859 3992 Incerta.

344 4061 472 4126 Marius
484 4060 674 4127 Victorinus
688 4065 753 4128 Ars
769 4076 935 4149 grammat.
953 4087 986 4147 p.
1006 4063 1101 4128 2456.
1118 4065 1169 4126 cd.
1185 4061 1322 4125 Putsch.

218 4179 246 4208 Ν
280 4165 331 4226 rel
362 4186 396 4246 p.
428 4165 447 4228 8
477 4167 526 4235 ed.
560 4163 727 4230 Gaisford.
777 4170 947 4243 Messala,
982 4169 1136 4241 Brutus,
1161 4162 1326 4246 Agrippa

282 4263 494 4344 scripserunt
511 4289 580 4350 pro
603 4289 750 4332 onmuo
774 4268 919 4333 cimus.
