2958 4840
1152 373 1217 436 595

166 531 278 595 vocari
300 543 424 612 potest,
448 549 519 592 cum
542 539 677 602 constet,
695 528 1071 609 Quintilianum'puerum
1089 531 1210 594 Romae

165 633 326 696 audivisse
349 631 526 702 Domitium
550 630 681 706 Afrum,
704 631 759 714 qui
783 629 843 692 iam
868 652 897 692 a.
921 631 983 692 819
1006 633 1073 710 (59)
1102 654 1119 696 0
1146 633 1209 696 vita

166 735 312 804 decessit.
340 737 428 799 Idem
454 737 574 799 Romae
597 730 725 814 publice
747 732 913 814 professus
941 743 1040 796 artem
1067 733 1209 810 dicendi,

166 850 199 899 ut
221 837 437 917 Hieronymus
460 834 503 898 ait
525 838 566 896 ad
587 834 667 898 Eus.
693 833 819 900 Chron.
845 835 974 915 Olymp.
998 835 1074 896 910.
1098 837 1127 902 1.
1140 835 1207 900 Do·

166 938 287 1001 mitiaui
308 939 341 1001 8.
367 937 490 1002 Christi
512 937 551 1002 89
564 961 606 994 =
620 958 650 998 a.
674 959 706 1000 u.
730 935 804 997 819.
829 936 1065 1018 Quintilianus
1080 958 1127 997 ear
1146 939 1208 1002 Hi·

164 1042 289 1124 spania
308 1039 596 1122 Calagorritanus
614 1037 751 1120 primus
774 1041 904 1102 Romae
923 1039 1097 1120 publicam
1112 1041 1208 1101 salra-

163 1145 253 1204 lam:
278 1153 310 1204 ct
332 1141 540 1203 salariume
572 1141 663 1215 fisco
695 1141 824 1219 accepit
855 1151 889 1201 et
918 1140 1056 1202 claruit.
1103 1144 1210 1224 Atque

165 1242 345 1307 consularia
382 1241 497 1304 meruit
526 1253 727 1314 ornamenta,
760 1252 838 1302 teste
861 1239 1008 1304 Ausonio
1029 1239 1210 1304 Gratiarum

164 1343 288 1407 actione
305 1366 338 1425 p.
357 1345 429 1408 719.
455 1342 565 1406 Tali:
589 1343 824 1425 Quintilianus
845 1343 1045 1406 consularia
1064 1348 1210 1426 000010-

165 1458 309 1508 mentem
333 1445 444 1521 (cuius
467 1451 669 1508 educaverat
684 1445 808 1524 filios)
827 1457 1029 1507 ornamenta
1051 1448 1208 1522 sortitus,

164 1550 425 1609 honestamenta
446 1546 595 1610 nominis
621 1549 737 1627 potius
764 1547 899 1608 videtur
926 1568 1029 1630 quam
1059 1549 1212 1632 insignia

162 1651 346 1730 potestatis
367 1649 539 1711 habuisse.
583 1647 742 1721 Decessit,
767 1659 799 1709 ut
822 1648 964 1710 nonnulli
986 1660 1112 1729 putant,
1142 1652 1211 1712 Ha·

165 1750 267 1812 driani
290 1751 501 1832 temporibus.
528 1749 627 1815 Cous.
652 1749 805 1812 Dodweil
828 1749 969 1812 Annales
993 1749 1210 1828 Quintilianei,

164 1852 301 1930 Gedoyn
326 1853 464 1916 Prelace
488 1856 526 1914 de
550 1850 724 1931 Quintilian
749 1853 789 1915 T.
814 1854 848 1923 1,
884 1853 1007 1913 Gesner
1032 1853 1142 1915 Praei·
1170 1857 1209 1915 ad

164 1954 299 2036 Quintil.
324 1955 479 2038 Spalding
503 1956 544 2016 T.
571 1957 600 2016 1.
624 1976 657 2034 p.
683 1952 817 2016 XXIII.
841 1976 915 2037 sqq.
1216 1953 1218 1959 ⁸

228 2055 441 2135 Quintilianus
475 2054 597 2116 iuvenis
630 2055 824 2116 Domitium
857 2052 991 2142 Afrum
1024 2068 1055 2117 et
1084 2057 1210 2119 Iulium

164 2156 377 2244 Africanum
402 2157 493 2218 vidit.
540 2155 650 2236 Quint.
675 2155 697 2215 I.
724 2157 781 2228 10,
807 2159 846 2229 1,
881 2155 954 2216 118.
990 2157 1057 2232 80,
1096 2157 1209 2220 deinde

165 2259 393 2339 Pomponium
412 2257 606 2320 Secundum
628 2256 649 2318 l.
675 2258 724 2329 10,
753 2262 781 2329 1,
802 2255 852 2318 98.
876 2267 908 2318 01
929 2259 1110 2320 Seruilium
1133 2263 1207 2324 No·

164 2361 305 2422 nianum
327 2360 348 2428 l,
373 2363 421 2432 10,
448 2362 477 2434 1,
503 2359 575 2419 109.
607 2369 636 2420 01
661 2361 701 2420 L.
727 2359 889 2420 Senecam
919 2357 1160 2440 philosophum
1187 2362 1208 2430 I.

165 2463 214 2534 19,
248 2464 303 2535 10,
330 2463 379 2522 11.
404 2461 509 2534 VIII,
539 2460 577 2534 3,
602 2460 667 2533 31,
697 2471 727 2520 et
754 2460 893 2543 aequalis
923 2460 991 2522 fere
1026 2473 1094 2523 erat
1118 2467 1207 2525 Tra-

162 2563 262 2638 chali,
290 2563 382 2626 Vibii
403 2562 528 2642 Crispi,
553 2562 634 2624 Iulii
651 2562 798 2624 Secundi
817 2564 837 2630 1.
862 2565 913 2638 10,
938 2567 967 2638 1,
993 2565 1065 2626 119.
1150 2563 1156 2580 ’

227 2661 386 2726 Martialis
410 2663 578 2746 Epigram.
604 2663 626 2724 I.
656 2664 685 2737 9,
710 2665 762 2726 90.
809 2664 866 2726 Ad
886 2666 1151 2746 Quintilianum.

315 2765 503 2833 Quintiliane,
524 2781 613 2834 vagae
634 2767 798 2821 moderator
817 2782 927 2822 summe
950 2765 1094 2834 inventae,

247 2889 248 2892 =
349 2859 441 2927 gioria
460 2874 608 2926 romanae,
630 2859 819 2927 Quintitiane,
842 2863 934 2928 togae.

227 2997 414 3062 Orationes
437 2997 561 3071 multae,
584 2996 616 3060 in
645 2997 720 3061 soro
748 2997 890 3071 habitae,
914 2997 1103 3080 Quintiliani
1124 2999 1209 3062 iere-

164 3103 288 3173 bautur,
315 3102 371 3162 sed
394 3121 483 3162 uuam
506 3110 625 3160 tantum
646 3099 715 3181 ipse
743 3099 901 3162 emiserat.

416 3238 442 3294 1.
473 3238 572 3295 Oratio
593 3247 645 3307 pro
664 3235 771 3295 Naevio
792 3238 961 3309 Arpiniano.

225 3367 308 3432 Acta
332 3381 379 3431 est
401 3390 493 3430 causa
517 3391 545 3430 a.
570 3369 630 3430 893
653 3371 731 3444 (70),
759 3382 837 3432 teste
861 3371 1064 3436 Dodweliio.
1099 3374 1209 3455 Quint.

163 3477 192 3548 7,
216 3469 245 3546 9,
270 3467 322 3533 91.
367 3470 410 3538 ld
430 3493 541 3554 genus
563 3492 630 3534 non
654 3474 765 3533 solum
787 3473 823 3533 in
845 3475 969 3535 scholis
994 3495 1094 3554 saepe
1117 3488 1208 3536 trac·

161 3584 267 3645 tatur,
292 3571 353 3632 sed
374 3571 478 3632 etiam
500 3574 536 3632 in
555 3569 653 3654 foro.
687 3570 781 3632 Nam
804 3571 842 3632 id
862 3586 913 3632 est
936 3567 969 3632 in
993 3595 1101 3634 causa
1114 3577 1207 3637 Nae-

162 3673 207 3733 uii
230 3669 416 3752 Arpiniani
437 3675 548 3732 solum
571 3669 781 3750 quaesitum,
805 3671 1035 3752 praecipitata
1056 3673 1209 3737 essetab

161 3794 202 3835 eo
223 3794 335 3847 uxor,
365 3792 469 3832 0000
494 3771 572 3851 ipsa
593 3782 799 3854 suaeponte
821 3771 979 3834 iecisset.q
1023 3771 1126 3838 Citius
1149 3796 1205 3837 ac-

162 3876 287 3937 tionem
303 3887 335 3937 et
348 3875 483 3958 quitiam
500 3874 609 3935 solam
627 3876 662 3935 in
675 3869 889 3964 lroc'tempus
904 3859 1097 3948 emiseram,
1116 3857 1215 3958 quod⁴

161 3978 275 4058 ipsam
298 3998 348 4038 me
367 3975 498 4062 fecisse
520 3974 660 4036 ductum
687 3975 827 4036 iuuenili
855 3974 1042 4056 cupiditate
1070 3972 1219 4056 gloriae¹

149 4071 294 4168 fateor.
340 4075 435 4140 Nam
456 4085 598 4149 ceterae,
623 4096 711 4158 quae
733 4078 796 4138 sub
818 4093 892 4138 mco
915 4076 1052 4138 nomine
1069 4078 1204 4165 ferun·

161 4192 231 4254 tur,
256 4175 467 4260 negligentia
481 4176 727 4258 excipientium
749 4178 785 4239 in
797 4189 976 4262 quaestum
988 4179 1208 4243 notariorum

162 4291 357 4362 corruptae,
383 4278 559 4340 minimam
578 4291 716 4359 partem
739 4280 805 4342 mei
827 4280 961 4342 habent.
