2970 4836
279 349 319 412 90

281 504 518 585 magistratibus
548 513 763 585 praestarent,
795 523 920 585 quaque
955 502 994 564 iis
1027 499 1249 575 interdiceret,
1287 523 1326 565 ue

281 609 414 690 amplius
441 608 652 689 postularent.
694 602 881 667 Verisimile
910 617 975 682 est,
1007 606 1108 688 legem
1137 627 1222 668 suam
1251 625 1325 668 ora·

279 712 367 775 tione
397 713 531 795 quadam
563 707 686 790 populo
719 710 974 780 commendasse,
1005 706 1100 768 sicuti
1126 707 1202 769 alias
1232 707 1324 770 fecit.

282 814 430 889 Constat,
453 836 522 875 eum
548 807 842 873 innocentissimum
865 808 986 872 fuisse:
1015 810 1103 872 testis
1130 821 1178 871 est

347 915 460 978 Livius
486 917 509 976 l.
538 915 590 989 39,
614 914 667 974 97.
706 911 906 974 Sardiniam
925 916 980 975 Μ.
1000 914 1143 976 Porcius
1163 917 1249 977 Cato
1270 913 1327 974 ob·

282 1020 427 1090 tinebat,
452 1029 592 1079 sanctus
615 1027 648 1077 et
672 1015 852 1089 innocens,
874 1015 1033 1095 asperior
1056 1028 1171 1077 tamen
1192 1017 1227 1076 in
1238 1013 1329 1104 foe·

284 1143 367 1184 nore
390 1119 577 1183 coercendo
603 1117 757 1190 habitus,·
777 1115 976 1206 fugatique
999 1141 1047 1180 ex
1071 1119 1185 1180 insula
1195 1116 1329 1208 foene-

284 1237 430 1294 ratores,
455 1235 486 1284 et
509 1233 662 1295 sumtus,
694 1220 835 1304 quasin
860 1224 988 1282 cultum
1012 1234 1218 1303 praetorum
1244 1217 1329 1282 socii

273 1325 404 1420 facere
422 1324 516 1386 soliti
534 1335 646 1397 erant,
670 1323 864 1385 circumcisi
890 1335 951 1385 aut
971 1324 1109 1386 sublati.

349 1431 473 1490 Eodem
499 1425 661 1507 respicere
687 1425 855 1501 videntur,
890 1447 971 1509 quae
994 1427 1145 1508 leguntur
1169 1425 1201 1487 in
1226 1423 1333 1506 plebi·

285 1531 366 1594 scito
389 1533 426 1590 de
454 1528 714 1600 'l'hermensibus,
742 1527 774 1587 in
801 1526 968 1589 Hauboldi
992 1527 1128 1610 Antiqu.
1146 1549 1229 1589 rom.
1252 1529 1333 1588 Mo·

285 1656 370 1696 nuni.
395 1634 460 1714 leg.
485 1654 518 1712 p.
545 1631 603 1692 137
634 1629 681 1691 vel
705 1629 736 1690 in
759 1628 868 1690 lndice
895 1629 1020 1712 Legum
1045 1650 1060 1690 a
1086 1628 1218 1690 Baitero
1243 1650 1332 1691 com-

286 1735 394 1819 posito
417 1757 450 1816 p.
472 1735 545 1795 953.

350 1838 419 1903 Nei
447 1837 523 1920 quis
560 1835 790 1918 magistratus
821 1856 928 1916 prove
961 1833 1168 1916 magistratu
1196 1837 1333 1931 legatus

287 1962 354 2002 neu
375 1940 452 2023 quis
478 1939 568 2000 alius
598 1938 690 1999 neioe
720 1938 908 2018 imperato,
947 1959 1015 2020 quo
1037 1937 1120 2021 quid
1150 1937 1263 2020 inagis
1289 1937 1335 2000 iei

288 2044 385 2118 dent,
412 2042 615 2122 praebeant,
636 2041 678 2102 ab
697 2041 798 2102 ieisoe
821 2039 1031 2126 auferatur,
1057 2042 1144 2102 nisei
1163 2041 1255 2124 quod
1276 2061 1337 2102 eos

290 2148 432 2225 exlege
455 2144 576 2207 Portia
597 2143 700 2216 dare,
723 2143 888 2224 praebere
909 2155 1060 2223 oportet,
1086 2143 1269 2224 oportebit.

354 2246 454 2309 Cous.
481 2247 520 2308 F.
545 2245 672 2307 Walter
701 2245 822 2306 Gesch.
852 2247 883 2306 d.
914 2251 998 2307 rbm.
1032 2247 1171 2308 Recbtes
1198 2267 1232 2327 p.
1261 2247 1335 2306 176.

293 2347 443 2432 thtling
469 2349 588 2410 Gescb.
615 2349 647 2408 d.
671 2353 755 2410 rbm.
780 2347 970 2410 Staatsverf.
993 2370 1026 2429 p.
1050 2347 1123 2410 499.

584 2577 613 2635 9.
649 2579 751 2636 Suasio
771 2581 801 2635 in
823 2583 915 2650 legem
935 2582 1044 2652 populi.

357 2741 404 2800 Ea
432 2736 536 2801 oratio
564 2737 646 2798 dicta
673 2737 798 2800 videtur
824 2759 906 2801 anno
933 2739 992 2800 557
1015 2738 1117 2814 (197).

360 2842 411 2902 Eo
440 2839 524 2901 enim
559 2861 640 2902 anno
671 2841 723 2900 lex
757 2840 874 2902 Porcia
909 2844 947 2902 de
981 2837 1213 2920 provocatione
1238 2841 1341 2924 (quae

296 2941 460 3006 verissime
482 2946 540 3004 lex
556 2942 677 3024 populi
697 2942 853 3023 appellari
869 2943 990 3023 potest)
1012 2941 1072 3003 lata
1089 2939 1235 3004 traditur.
1273 2945 1340 3006 Du-

295 3046 372 3128 plex
397 3056 444 3106 est
472 3043 585 3124 opinio
612 3045 649 3105 de
677 3056 808 3107 anctore
838 3043 936 3128 legis:
965 3042 1017 3106 alii
1042 3045 1123 3108 enim
1150 3045 1190 3110 P.
1215 3045 1340 3109 Porcio

296 3151 422 3210 Laecae
448 3145 580 3208 tribuno
604 3145 708 3226 plebis
738 3145 900 3222 tribuunt,
927 3151 1130 3232 eamdemque
1156 3147 1341 3230 opinionem

297 3249 424 3312 adiuvat
452 3245 599 3309 denarius
629 3261 797 3329 argenteus
826 3249 928 3332 gentis
954 3251 1111 3326 Porciae,
1144 3251 1175 3314 in
1203 3272 1267 3336 quo
1294 3251 1342 3312 in-

297 3353 450 3430 scriptum
476 3361 522 3411 est
549 3353 587 3412 P.
605 3355 774 3414 LAECA.
795 3356 1012 3418 PROVOCO
1039 3366 1069 3415 et
1092 3366 1187 3435 typus
1214 3374 1343 3438 quoque

299 3457 338 3515 ad
364 3451 629 3534 provocationem
655 3475 716 3534 pro
744 3467 839 3540 tergo
868 3455 985 3518 civium
1011 3456 1117 3532 latam,
1146 3476 1206 3537 qua
1234 3451 1344 3535 gravis

299 3575 402 3636 poena
432 3553 661 3636 irrogabatur,
694 3554 720 3616 si
753 3557 824 3640 quis
854 3560 1055 3621 verberasset
1084 3567 1268 3618 necassetve
1299 3552 1345 3616 ci-

300 3679 371 3718 vem
397 3676 582 3731 romanum,
607 3670 640 3719 ut
665 3657 707 3719 ait
730 3659 846 3722 Livius
872 3661 929 3722 lib.
955 3663 1003 3733 10,
1029 3661 1058 3732 9,
1087 3655 1219 3718 adludit.
1258 3657 1345 3718 Huic

300 3757 401 3841 igitur
427 3758 571 3839 opinioni
597 3759 704 3825 favent
730 3763 883 3846 Pighius,
913 3759 1080 3843 Sigonius,
1111 3760 1189 3819 Aut.
1214 3759 1344 3840 Augus-

301 3860 402 3934 tinus,
434 3860 557 3922 Eckhel
587 3863 703 3928 Doctr.
733 3867 861 3926 Numm.
896 3875 920 3923 t.
946 3865 981 3935 5,
1010 3883 1044 3941 p.
1071 3859 1163 3934 286„
1194 3861 1346 3942 Gb'ttling

304 3963 347 4024 G.
373 3965 404 4023 d.
427 3968 512 4024 rbm.
536 3965 671 4030 Staatsv.
695 3990 728 4047 p.
752 3967 811 4026 tar
835 3988 885 4048 sq.
921 3966 1029 4046 Atque
1057 3975 1228 4026 statuamus
1255 3963 1345 4037 licet,

304 4067 346 4127 P.
371 4064 523 4127 Porcium
545 4067 682 4129 Laecam
702 4066 862 4128 tribunum
889 4065 934 4148 pl.
966 4065 1068 4149 legem
1096 4068 1177 4130 banc
1202 4065 1346 4148 promul·

303 4188 394 4251 gasse
420 4189 552 4251 eamque
578 4169 630 4229 M.
655 4167 809 4231 Catonem
836 4169 970 4234 suasisse
997 4174 1093 4248 (unde
1119 4171 1236 4234 suasio
1261 4167 1349 4230 illius

301 4267 384 4354 legis
406 4268 434 4332 ei
457 4267 638 4348 tribuitur.)
683 4271 734 4334 De
759 4271 791 4334 vi
822 4273 902 4357 legis
927 4276 1006 4338 haec
1030 4272 1144 4337 scribit
1170 4270 1344 4352 G'dttling:
