2958 4840
421 533 448 590 5.
472 531 571 590 Oratio
592 531 629 586 ad
649 529 755 592 milites
777 532 984 601 praetorianos.

240 682 334 746 Dicta
359 705 384 749 a.
408 683 467 744 807
491 683 569 758 (51).
615 678 679 742 Dio
703 691 836 741 testatur
858 679 879 747 l.
903 680 956 755 61,
981 679 1013 755 3,
1038 699 1105 741 cam
1129 680 1224 743 aSe.
1286 771 1295 782 ι

177 807 255 849 neca
279 807 346 848 esse
370 784 593 865 compositam.
623 841 625 844 ,

535 924 563 980 6.
587 921 686 978 Oratio
706 925 743 978 ad
764 927 906 979 senatum.

241 1073 333 1137 Dicta
358 1097 384 1142 a.
408 1075 481 1137 807.
505 1076 587 1153 (51).
635 1071 698 1136 Dio
721 1072 741 1140 l.
766 1072 816 1150 61,
840 1073 872 1135 3.
897 1094 964 1135 eam
989 1073 1129 1135 Senecae
1155 1093 1222 1136 csse

177 1177 302 1238 scribit.

434 1317 462 1372 7.
485 1313 584 1370 Oratio
605 1330 656 1386 pro
678 1314 787 1370 Plautio
807 1315 960 1372 Laterano.

243 1447 320 1508 Eam
344 1447 435 1508 Nero
460 1444 570 1507 habuit
593 1467 623 1508 a.
648 1446 709 1508 808
732 1447 812 1521 (55).
838 1425 945 1508 Tacit.
970 1444 1089 1508 Annal.
1109 1445 1225 1522 13,11.

178 1559 330 1625 testatur,
355 1570 422 1610 earn
447 1569 463 1610 a
487 1550 607 1610 Seneca
631 1548 781 1629 scriptam
804 1547 915 1610 fuisse.

374 1689 400 1743 8.
421 1687 520 1744 Oratio
540 1689 576 1744 de
596 1693 688 1745 morte
708 1687 886 1758 Agrippinae
905 1689 1015 1744 matris.

220 1821 267 1880 Ea
290 1821 329 1880 ad
352 1831 493 1881 senatum
518 1819 610 1882 missa
634 1843 663 1882 a.
688 1821 853 1898 811159).
901 1819 1032 1882 Tacitus
1055 1819 1142 1881 Ana.
1179 1821 1229 1894 11,

179 1924 228 1988 11.
250 1943 266 1982 a
292 1922 412 1984 Seneca
434 1923 587 2004 scriptam
613 1921 699 1998 dicit,
723 1935 754 1984 ct
778 1921 993 2004 Quintilianus
1015 1921 1227 2005 fragmentum

178 2023 333 2100 servavit,
351 2027 438 2108 quod
454 2023 485 2085 in
500 2025 699 2089 orationibus
712 2027 850 2088 Senecae
867 2025 1030 2087 retulimus
1043 2046 1119 2110 pag.
1131 2025 1205 2089 681.

368 2166 397 2221 9.
418 2164 559 2221 Laudatio
579 2164 707 2220 funebris
727 2163 878 2234 Poppaeae
899 2164 1040 2233 coniugis.

242 2275 291 2336 Ea
314 2284 362 2336 est
384 2275 490 2338 habita
516 2297 550 2338 a.
585 2275 646 2338 819
678 2273 759 2360 (66).
805 2275 913 2337 Tacit.
948 2274 1068 2338 Annal.
1108 2277 1158 2352 16,
1195 2277 1227 2339 6.

179 2380 339 2460 Poppaea
362 2390 507 2440 mortem
530 2378 614 2441 obiit
631 2376 796 2468 fortuita
827 2378 945 2440 mariti
967 2379 1167 2454 iracundia,
1206 2400 1229 2442 a
1336 2391 1340 2400 “

178 2501 246 2564 quo
266 2479 416 2562 grauida
436 2481 506 2542 ictu
529 2481 632 2543 caleis
653 2480 802 2572 afflicta
824 2493 887 2542 est.
922 2521 952 2532 -
969 2483 1140 2544 Laudaoit
1156 2482 1229 2565 ipse

178 2582 273 2663 apud
294 2595 411 2676 rostra
426 2580 595 2672 formam
617 2584 709 2657 eius,
734 2595 767 2645 et
788 2583 881 2666 quod
909 2582 1044 2646 diuinae
1073 2582 1225 2673 infantis

176 2706 302 2766 parens
312 2683 472 2775 fuisset,
498 2686 633 2770 aliaque
648 2683 829 2776 fortunae
853 2706 998 2748 munera
1021 2707 1089 2769 pro
1118 2687 1226 2750 virtu·

179 2787 280 2850 tibae.

358 2928 405 2985 10.
426 2929 525 2986 Oratio
545 2931 684 2986 adversus
705 2928 737 2986 G.
762 2929 865 2984 lulium
885 2927 1048 2984 Vindicem.

210 3028 213 3043 Ι
243 3059 338 3123 Dicta
361 3071 407 3122 cst
431 3081 459 3121 a.
485 3060 544 3122 821
571 3059 649 3138 (68).
675 3058 715 3127 C.
739 3035 838 3122 lulius
852 3059 997 3136 Vindex,
1021 3057 1075 3144 qui
1092 3057 1229 3121 Galliam

178 3161 379 3243 provinciam
403 3183 465 3243 pro
489 3175 639 3244 praetore
662 3160 836 3236 obtinebat,
860 3182 877 3222 a
901 3163 1035 3224 Nerone
1058 3160 1177 3223 deiecit
1197 3183 1227 3224 a.

180 3264 237 3326 891
265 3265 346 3344 (68).
393 3267 478 3334 Suet.
502 3267 592 3327 Nero
616 3266 669 3326 10.

241 3375 330 3440 Suei.
355 3380 445 3440 Nero
469 3379 521 3440 16.
547 3381 631 3441 Cum
654 3400 700 3438 ex
722 3376 928 3439 oratione
951 3375 1061 3450 circe,
1094 3398 1162 3459 qua
1192 3377 1228 3440 in

182 3479 407 3543 Vindicem
426 3481 626 3562 perorabat,
649 3479 855 3541 recitaretur
878 3479 912 3539 in
936 3490 1070 3552 senatu,
1088 3479 1230 3542 datraroa

176 3602 307 3662 poenas
330 3585 524 3655 sceleratos,
551 3603 591 3642 ac
614 3581 704 3644 breui
726 3580 870 3660 dignum
892 3581 1027 3639 exitum
1037 3577 1227 3667 facturos,

178 3685 427 3744 conclamatum
450 3693 501 3744 est
523 3682 566 3742 ab
589 3681 775 3742 uniuersis:
799 3691 837 3741 tu
847 3677 983 3767 facies,
1010 3683 1188 3762 Auguste!

557 3820 601 3876 11.
621 3818 720 3875 Oratio
738 3835 791 3891 pro
811 3833 852 3876 se.

243 3954 370 4036 Scripta
394 3954 502 4016 11801
531 3954 611 4031 (68).
655 3953 744 4014 Suet.
770 3952 860 4013 Nero
885 3952 935 4014 17.
980 3950 1156 4014 Nuntiata
1177 3949 1228 4012 in·

179 4059 280 4122 terim
301 4058 406 4119 etiam
420 4067 614 4117 ceterorum
632 4054 849 4116 exercituum
872 4048 1067 4141 affectione
1080 4081 1119 4096 -
1132 4052 1231 4114 varia

179 4160 342 4244 agitavit:
365 4160 553 4222 Parthosne
582 4179 628 4219 an
651 4157 795 4220 Galbam
824 4157 974 4236 supplex
1003 4166 1152 4236 peteret,
1183 4173 1228 4216 an

179 4275 316 4326 atratus
334 4260 492 4345 prodiret
514 4261 550 4323 in
569 4260 753 4343 publicum,
774 4278 909 4342 proque
942 4257 1068 4319 rostris
1099 4268 1231 4340 quantu

180 4367 337 4431 maxima
369 4377 488 4448 posset
526 4363 747 4427 miseratione
788 4360 921 4423 veniam
957 4359 1230 4440 praeteritorum
