2992 4844
271 377 332 440 262

335 535 459 600 Cicero
489 559 524 618 p.
557 535 708 600 Fonteio.
735 535 786 598 ts.
837 539 893 599 Μ.
928 535 1114 598 Aemilium
1146 540 1317 600 Scaurum

271 659 441 702 summum
468 651 607 702 nostrae
635 639 783 701 ciuitatis
809 639 922 700 virum
956 639 1083 701 scimus
1116 653 1317 702 accusatum

270 764 293 804 a
307 746 363 805 Μ.
387 746 509 805 Bruta.
524 745 687 805 Extant
710 742 945 814 orationes,
964 763 1011 802 ex
1027 741 1148 823 quibus
1167 742 1317 824 intelligi

267 857 399 926 polest,
425 848 533 906 inscita
563 846 597 904 in.
632 846 726 906 illum
759 845 873 925 ipsum
905 847 1074 906 Scaurum
1109 866 1181 906 esse
1211 845 1315 906 dicta.

271 949 389 1020 Falso,
410 949 485 1031 quis
510 949 641 1030 negat?
668 961 901 1012 verumtamen
928 947 970 1008 ab
997 946 1134 1009 inimico
1161 948 1254 1010 dicta
1284 960 1316 1009 ct

269 1049 412 1113 obiecta.

559 1303 587 1358 2.
628 1303 727 1360 Oratio
747 1303 777 1356 in
799 1301 852 1358 Cu.
875 1303 1023 1360 Plancum.
1046 1281 1050 1287 ⁶

337 1436 382 1496 Ea
400 1456 490 1496 causa
508 1445 575 1496 acta
592 1435 694 1497 fertur
710 1457 739 1496 a.
755 1435 815 1496 603
839 1434 919 1510 (91).
948 1434 1110 1495 Drumann
1124 1445 1147 1496 t.
1170 1435 1199 1503 ll.
1213 1458 1245 1514 p.
1260 1435 1315 1496 66.

333 1539 402 1599 Pro
427 1536 489 1599 Cn.
515 1537 637 1600 Planco
667 1542 819 1599 adversus
845 1537 977 1598 Brutum
1002 1535 1082 1598 dixit
1107 1539 1147 1598 L.
1172 1536 1317 1599 Licinius

271 1639 424 1714 Crassus,
442 1662 482 1702 ex
505 1641 593 1701 cuius
617 1640 764 1703 oratione
788 1640 910 1724 aliquot
937 1653 1105 1719 supersunt
1123 1641 1315 1722 fragmenta.

336 1741 416 1802 Vid.
442 1753 525 1803 orat.
556 1743 696 1815 Crassi,
728 1741 781 1803 uhi
808 1743 898 1804 locos
929 1741 1002 1806 Cic.
1034 1747 1071 1805 de
1096 1745 1190 1807 Orat.
1216 1744 1250 1816 2,
1276 1744 1317 1805 5c

272 1856 302 1906 et
325 1845 378 1905 55.
409 1865 442 1924 p.
468 1843 619 1907 Cluentio
644 1847 696 1907 51.
730 1845 866 1926 Quintil.
891 1846 928 1919 6,
954 1847 991 1921 3,
1018 1849 1070 1909 dl.
1101 1845 1156 1931 qui
1178 1845 1326 1908 eiusdem

271 1967 382 2008 causae
406 1945 588 2021 meminere,
614 1948 765 2010 dedimus.

334 2047 458 2110 Plinius
481 2047 568 2110 Hist.
599 2050 656 2126 36,
681 2052 712 2113 3.
758 2055 800 2113 L.
832 2056 998 2114 Crassum
1015 2063 1190 2114 oratorem
1205 2051 1314 2125 illum,

272 2151 330 2235 qui
350 2151 486 2232 primus
515 2153 693 2234 peregrini
723 2156 908 2216 marmoris
937 2158 1115 2217 columnas
1136 2155 1254 2216 habuit
1282 2155 1318 2216 in

272 2255 392 2316 eodem
414 2254 558 2328 Palatia,
577 2257 777 2339 Hymettias
800 2269 915 2319 tamen
943 2278 1004 2318 nec
1026 2261 1143 2339 plures
1167 2279 1233 2319 sex
1256 2267 1316 2318 aut

271 2357 448 2438 longiores
477 2357 672 2420 dacodeuum
707 2360 851 2439 pediam,
885 2363 940 2422 M.
965 2363 1094 2452 Brutus
1125 2359 1161 2420 in
1192 2358 1316 2442 iurgiis

272 2460 315 2522 ob
341 2460 378 2521 id
407 2463 572 2524 Venerem
595 2462 791 2524 Palatinam
815 2465 1060 2544 appellaverat.

305 2603 342 2649 ul.
353 2603 459 2665 Brutus]
477 2607 581 2652 fortasse
600 2609 622 2651 in
643 2609 686 2651 hac
705 2609 814 2652 oratione
833 2610 873 2653 tali
891 2611 962 2652 ruodo
981 2610 1004 2653 iu
1022 2608 1138 2654 Crassum
1149 2613 1253 2656 invectus
1270 2615 1315 2658 est.

486 2839 547 2895 XL.
589 2839 615 2896 G.
637 2839 774 2911 Sulpiciis
796 2838 886 2897 Galba
906 2841 996 2896 Seruii
1013 2842 1095 2912 filias.

336 2988 438 3050 Filius
462 2990 533 3052 Ser.
558 2989 691 3071 Sulpicii
717 2991 854 3064 Galbae,
880 2989 1019 3052 oratoris
1042 2987 1254 3062 celeberrimi,
1279 2993 1318 3050 de

273 3111 336 3174 qno
350 3112 444 3170 supra
466 3090 601 3154 diximus
614 3115 648 3172 p.
665 3094 736 3156 164.
750 3095 959 3173 Quaesturam
979 3093 1079 3176 gessit
1096 3115 1125 3156 a.
1143 3093 1204 3154 634
1214 3091 1318 3170 (120).

273 3189 396 3254 Deinde
419 3215 489 3254 cum
518 3194 602 3257 fama
625 3208 724 3270 esset,
756 3219 824 3258 cnm
855 3218 984 3281 quoqne
1008 3219 1025 3258 a
1055 3197 1211 3278 Iugurtha
1241 3215 1318 3276 rege

271 3293 404 3374 pecunia
439 3317 507 3357 esse
541 3308 745 3379 corruptum,
782 3299 852 3381 lege
890 3297 1036 3360 Mamilia
1067 3320 1097 3360 a.
1131 3297 1193 3358 ull
1226 3298 1320 3374 (110)

272 3397 497 3460 condemnatus
521 3409 579 3462 est.

337 3498 456 3563 Cicero
480 3503 583 3564 Bruto
608 3525 637 3564 c.
662 3503 720 3575 33,
747 3503 777 3565 6.
802 3503 908 3566 Huic
931 3501 1030 3584 (Caio
1055 3501 1222 3588 Graccho)
1244 3521 1318 3562 suc·

272 3603 374 3666 cessit
396 3605 503 3665 aetati
526 3607 564 3668 C.
588 3606 697 3667 Galba
719 3607 829 3668 Servii
852 3607 942 3668 illins
966 3604 1235 3688 eloquentissimi
1255 3602 1321 3664 viri

262 3705 385 3781 silius,
411 3709 450 3769 P.
483 3707 602 3769 Crassi
640 3709 828 3792 eloquentis
866 3721 899 3770 et
932 3707 1020 3769 iuris
1048 3707 1155 3788 periti
1192 3726 1318 3789 gener.

272 3809 478 3870 Laudabant
493 3811 581 3868 hunc
593 3822 713 3891 patres
735 3810 857 3885 nostri,
873 3809 1043 3894 fauebunt
1060 3811 1165 3871 etiam
1175 3819 1321 3891 propter

269 3911 384 3992 patris
396 3911 607 3986 memoriam,
623 3913 683 3973 sed
702 3912 823 3976 cecidit
841 3913 877 3973 in
895 3934 1018 3974 cursu:
1041 3933 1122 3973 nam
1137 3911 1320 3993 rogatione

274 4013 437 4074 Mamilia
458 4013 687 4095 Iugurthinae
705 4013 956 4077 coniurationis
982 4015 1128 4087 inuidia,
1158 4036 1235 4074 cum
1254 4036 1320 4096 pro

273 4136 343 4178 sese
361 4116 432 4197 ipse
443 4115 602 4189 dixisset,
631 4138 816 4197 oppressus
839 4129 902 4179 est.
947 4119 1087 4180 Extat
1109 4115 1203 4177 eius
1221 4140 1321 4200 per-

274 4217 438 4289 orati0,
464 4217 523 4299 qui
545 4217 703 4300 epilogus
732 4218 876 4293 dicitur,
917 4219 975 4303 qni
1009 4230 1107 4280 tanto
1131 4218 1166 4279 in
1190 4220 1320 4280 honore

272 4317 391 4394 pueris
408 4319 502 4380 nobis
527 4333 622 4394 erat,
649 4332 688 4382 ut
708 4343 787 4384 cum
807 4321 1047 4385 edisseremus.
1092 4322 1174 4394 Hic,
1199 4320 1258 4404 qui
1286 4319 1322 4381 in
