2966 4842
254 413 315 484 ut

318 578 443 640 Fronto
466 572 573 656 Epist.
597 596 630 656 p.
651 571 723 635 181.
768 573 955 656 Postquam
976 569 1170 654 respublica
1189 591 1212 634 a
1234 589 1308 634 ma-

252 679 456 763 gistratibus
477 675 604 739 annuis
626 675 674 738 ad
695 677 733 740 0.
757 676 958 750 Gaesarem,
984 685 1018 736 et
1049 694 1135 736 mox
1165 673 1213 735 ad
1234 675 1309 738 Au-

256 793 399 866 gustum
431 781 561 842 tralata
582 790 653 854 est,
684 778 828 844 Caesari
855 777 991 862 quidem
1011 773 1232 864 facultatem
1254 777 1309 840 di·

239 882 357 947 ·eendi
378 881 476 946 video
498 881 760 963 imperatoriam
778 878 914 968 fuisse,
939 871 1191 962 Augustum
1227 900 1309 942 uero

256 983 363 1050 seculi
384 982 516 1048 residui
537 985 713 1066 eleganter
734 995 768 1045 et
788 983 912 1058 latine,
936 982 1078 1065 linguae
1106 980 1211 1045 etiam
1233 993 1308 1043 tum

254 1088 393 1170 integro
415 1089 529 1169 lepore
551 1084 669 1168 potius
691 1107 796 1170 quam
822 1085 959 1149 dicendi
986 1085 1140 1147 ubertate
1166 1083 1308 1166 praedi·

254 1201 328 1253 tum
346 1202 444 1273 puto.
485 1191 567 1252 Post
588 1191 788 1271 Augustum
810 1187 967 1253 nonnihil
988 1186 1215 1271 reliquiarum
1237 1185 1308 1248 iam

254 1303 288 1356 et
309 1293 479 1356 uietcuum
499 1301 533 1356 et
554 1291 799 1355 tabescentium
823 1289 964 1354 Tiberio
995 1288 1047 1351 illi
1072 1286 1302 1378 superfuisse.

289 1420 370 1465 seculi
387 1416 496 1477 residui]
533 1421 658 1478 tegendum
676 1416 817 1478 Augustum
835 1418 917 1462 seculi
935 1414 1040 1462 residua
1070 1415 1201 1476 elegantia
1222 1419 1246 1458 et
1265 1414 1302 1458 la·

326 1508 395 1552 tinae
415 1507 520 1568 linguae
538 1505 615 1552 etium
636 1511 688 1551 tum
708 1505 810 1566 integro
825 1505 911 1564 lepore
934 1528 964 1539 -
982 1501 1131 1562 praeditum
1149 1508 1220 1561 puto.

494 1633 522 1690 t.
562 1633 703 1693 Laudatis
722 1633 851 1692 iuuencis
869 1633 962 1691 latine
981 1631 1074 1690 enee.

320 1748 487 1828 Angustus
508 1743 686 1810 orationem
710 1743 792 1810 dixit
813 1765 844 1808 a.
868 1745 929 1808 703
952 1745 1032 1824 (51),
1056 1741 1223 1808 duodecim
1249 1763 1305 1808 an·

259 1868 318 1910 nos
339 1860 440 1919 uatus,
463 1858 497 1909 nt
517 1844 689 1909 Suetonius
707 1857 739 1908 et
763 1844 977 1925 Quintilianus
997 1845 1153 1921 scribunt,
1179 1846 1231 1908 vel
1246 1866 1307 1910 no-

259 1970 329 2014 vem
348 1970 448 2012 annos
460 1959 550 2012 uetus
562 1948 802 2013 testeNieolso.
836 1951 917 2014 Erat
927 1947 1006 2013 Iulia
1020 1946 1061 2012 C.
1074 1946 1149 2012 Iulii
1159 1945 1308 2012 Caesaris

259 2071 355 2117 soror
376 2061 451 2115 netu
476 2049 599 2125 minor,
624 2061 656 2114 et
680 2062 780 2116 meter
802 2050 919 2127 Atiae,
947 2072 1028 2135 quae
1050 2054 1230 2136 Angustum
1251 2070 1308 2132 pe·

163 2194 166 2199 -
258 2152 356 2236 perit.

323 2255 494 2322 Suetonius
519 2258 610 2340 Aug.
638 2277 669 2320 c.
696 2257 728 2320 8.
780 2259 963 2339 Augustus
984 2256 1224 2320 duodecimum
1246 2274 1309 2318 an·

258 2379 342 2422 num
362 2379 472 2442 agens
492 2357 742 2424 auiamluliam
764 2356 968 2448 desiccatum
979 2379 1045 2441 pro
1056 2358 1217 2423 concione
1228 2359 1304 2422 lau-

259 2460 364 2524 dauit.

324 2560 543 2642 Quintilianus
567 2564 624 2640 12,
652 2564 683 2639 6,
713 2567 743 2626 1.
788 2565 1033 2629 Praetextatus
1065 2563 1179 2647 egisse
1205 2583 1309 2648 quoe·

259 2665 339 2726 dam
360 2675 414 2727 est
435 2665 613 2744 traditum,
634 2669 764 2732 Caesar
784 2668 969 2747 Augustus
997 2665 1175 2730 duodecim
1204 2676 1310 2730 natue

258 2785 367 2829 annos
389 2765 503 2829 auiam
522 2789 589 2848 pro
611 2768 735 2830 rostris
755 2767 921 2831 laudauit.

322 2865 475 2930 Nicolaue
491 2868 708 2933 Damascenue
725 2869 775 2932 De
796 2867 875 2932 Vite
896 2869 1038 2953 Augusti
1056 2891 1087 2934 o.
1100 2871 1133 2934 3.
1167 2872 1307 2959 Καῖσαρ

258 2975 331 3058 περὶ
360 2971 451 3038 ἐννέα
483 2968 538 3050 ἔτη
569 2963 718 3054 μάλιστα
738 2967 892 3056 γεγονὼς,
921 2966 1045 3056 θαῦμά
1067 2995 1101 3036 τε
1129 2968 1167 3038 οὐ
1189 2968 1310 3063 μικρὸν

258 3064 401 3158 παρέσχε
418 3064 615 3156 Ῥωμαίοις,
633 3068 763 3163 φύσεως
778 3067 961 3162 ἀκρότητα
983 3068 1135 3154 δηλώσας
1149 3071 1184 3142 ir
1216 3074 1309 3163 τοιᾷ-

259 3173 295 3234 δε
316 3165 438 3259 ἡλικίᾳ,
461 3177 518 3238 καὶ
539 3179 609 3250 τοῖς
630 3169 772 3258 ἀνδράσι
786 3171 889 3250 πολὺς
908 3176 1068 3258 ἐγγίνεται
1089 3170 1245 3262 θόρυβος
1273 3177 1309 3242 lu

256 3271 368 3360 πολλῷ
397 3267 501 3362 ὁμίλῳ
529 3276 782 3364 δημηγοροῦντα.
837 3270 1102 3358 Ἀποθανούσης
1131 3273 1225 3368 αὐτῷ
1248 3279 1309 3359 τῆς

260 3373 386 3452 τιτθῆς
406 3372 500 3463 παρὰ
521 3374 561 3466 τῇ
581 3380 679 3460 μητρὶ
702 3371 869 3468 ἐτρέφετο.

296 3516 363 3588 περὶ
380 3513 468 3566 ἐννέα
484 3508 548 3582 ivn]
585 3519 646 3564 Cum
667 3519 779 3565 Valeriae
797 3522 826 3564 ud
842 3519 968 3566 Nicolaum
988 3529 1013 3568 st
1024 3523 1162 3570 Gronovius
1183 3527 1212 3570 ed
1228 3526 1307 3571 Taciti

329 3605 414 3650 Annei.
440 3603 481 3659 12,
505 3602 534 3649 il
566 3605 621 3651 hnic
645 3608 801 3652 declamatori
827 3610 904 3668 magis
930 3612 1075 3656 credendum
1102 3625 1154 3656 esse
1179 3618 1308 3657 conterent

329 3706 400 3749 quein
418 3693 535 3740 Suetonio
554 3701 578 3741 et
596 3695 760 3753 Quintiliano,
789 3698 813 3741 iu
832 3698 947 3743 Suetonio
964 3696 1090 3744 decimum
1110 3713 1204 3744 annum
1224 3711 1307 3760 agene

329 3785 352 3826 et
369 3782 393 3825 in
413 3781 562 3838 Quintiliano
578 3781 664 3828 decem
676 3789 752 3830 natue
772 3797 854 3830 annae
872 3792 1040 3832 consternat.
1069 3788 1115 3833 Sed
1134 3787 1307 3832 multaret-iii-

330 3869 411 3913 tniiior
424 3873 461 3913 est
478 3870 704 3924 opinioWeichsrti
724 3884 749 3926 p.
767 3867 792 3916 l.
806 3871 940 3928 Nicolaum,
961 3887 1014 3919 cum
1032 3877 1107 3919 multe
1125 3877 1172 3920 eliu
1189 3876 1308 3920 declame-

328 3957 390 4002 τοι-1ο
413 3962 521 4015 ungeret,
538 3959 609 4002 etiem
630 3969 654 4002 tn
672 3959 716 4003 bec
737 3971 764 4003 re
785 3971 911 4003 numerum
930 3961 1070 4006 ementitum
1093 3975 1156 4015 esse,
1176 3967 1201 4005 ut
1219 3962 1306 4020 Augu-

329 4049 391 4088 stum
412 4059 441 4090 eo
463 4047 608 4101 propensius
630 4047 901 4103 orneretiuuderetque.
913 4047 984 4094 Gaui.
998 4049 1122 4093 Drumunn
1140 4053 1158 4098 t.
1173 4046 1197 4098 1.
1211 4043 1305 4104 ntis.

329 4135 347 4174 t.
371 4127 396 4175 3.
419 4145 442 4186 p.
466 4127 525 4177 ist.
548 4146 585 4190 eq.
622 4132 736 4177 Ceterum
755 4131 859 4178 dubitari
881 4139 975 4189 potest,
1002 4139 1082 4180 utrum
1111 4135 1169 4180 haee
1200 4136 1306 4180 laudatio

329 4218 490 4275 enumquam
516 4219 591 4280 edite,
619 4233 647 4264 nu
676 4220 739 4264 inter
760 4226 913 4267 monumenti
933 4224 1012 4279 gentis
1035 4223 1110 4270 lutire
1133 4227 1223 4269 unium
1248 4234 1307 4267 ier-

329 4307 391 4345 nte.
