2992 4840
268 313 328 374 tsi

269 481 304 532 ct
331 467 502 532 lenitatem
529 471 788 552 appellauerunt
818 470 963 552 perinde
995 473 1094 556 quasi
1126 474 1313 552 vilitatem,

269 583 304 634 et
326 591 472 654 nequam
500 572 671 634 hominem
701 573 786 634 nulli
816 573 868 634 rei
896 594 1002 657 neque
1023 572 1157 664 frugis
1188 578 1315 655 bonae,

270 674 364 758 quod
384 695 495 756 genus
504 671 597 761 fere
619 674 738 756 graeci
759 671 889 740 ἄσωτον
910 679 963 738 vel
979 671 1167 744 ἀκόλαστον
1186 679 1316 743 dicunt.

274 821 282 839 .
309 819 318 838 .
346 819 354 836 .
385 778 424 838 Ρ.
450 773 644 866 Africanus
670 798 738 858 pro
767 798 803 839 se
835 790 958 840 contra
985 779 1063 842 Tib.
1095 782 1247 844 Asellum
1276 783 1317 846 de

273 881 403 940 mulcta
427 879 473 939 ad
495 882 688 960 populum:
722 879 869 959 „Omnia
896 882 1006 955 mala,
1033 882 1183 962 probra,
1196 883 1318 975 flagi·

272 981 342 1055 tia,
374 1001 461 1062 quae
487 981 641 1044 homines
653 980 828 1070 faciunt,
860 982 896 1042 in
925 981 1058 1045 duabus
1088 986 1189 1047 rebus
1216 999 1313 1061 sunt,

274 1081 410 1144 malitia
429 1095 532 1166 atque
554 1083 718 1166 nequitia.
752 1086 875 1146 Utrum
895 1080 1057 1171 defendis
1081 1087 1248 1150 malitiam
1271 1111 1318 1151 an

273 1184 463 1266 nequitiam
484 1205 530 1246 an
550 1197 735 1268 utrumque
758 1185 886 1248 simul?
921 1186 958 1248 Si
983 1187 1171 1268 nequitiam
1194 1188 1318 1280 defen-

273 1285 355 1348 dere
376 1287 447 1360 sis,
471 1287 568 1349 licet:
590 1287 651 1349 sed
673 1288 770 1350 tuin
794 1308 863 1349 uno
885 1301 1000 1351 scorto
1027 1290 1195 1352 maiorem
1213 1314 1317 1373 pecu-

272 1389 368 1452 niam
393 1389 611 1462 assumsisti,
646 1411 750 1472 quam
779 1390 900 1472 quanti
930 1411 1029 1452 omne
1055 1392 1319 1457 instrumentum

271 1489 382 1579 fundi
408 1492 526 1555 Sabini
549 1493 584 1553 in
608 1512 744 1554 censum
771 1491 981 1555 dedicavisti.
1028 1495 1078 1557 Ni
1098 1497 1161 1558 hoc
1184 1497 1234 1558 ita
1256 1509 1317 1571 est,

273 1595 333 1679 qui
366 1594 508 1677 spondet
542 1594 632 1656 mille
666 1596 875 1656 nummum?
928 1597 997 1658 Sed
1030 1609 1068 1658 tu
1102 1600 1182 1678 plus
1216 1599 1321 1660 tertia

272 1709 376 1778 parte
395 1695 562 1777 pecuniae
588 1708 754 1777 paternae
778 1697 968 1778 perdidisti
996 1711 1098 1781 atquc
1120 1699 1319 1764 absumsisti

274 1799 310 1860 in
320 1797 495 1889 flagitiis.
540 1798 590 1862 Ni
609 1801 672 1860 troc
694 1799 745 1860 ita
767 1810 838 1872 est,
864 1799 923 1881 qui
943 1800 1085 1881 spondet
1109 1801 1198 1863 mille
1219 1823 1317 1864 num·

276 1901 402 1963 mrem?
451 1903 533 1963 Non
563 1900 611 1961 uis
645 1901 846 1983 nequitiam.
893 1905 969 1984 Age
999 1902 1168 1964 malitiam
1197 1907 1319 1967 saltem

274 2001 458 2092 defendas.
504 2003 572 2066 ned
593 2014 631 2064 tu
651 2003 760 2065 vernis
776 2005 944 2085 conceptis
961 2005 1186 2067 coniuravisti
1207 2005 1318 2069 sciens

273 2106 399 2167 sciente
417 2105 535 2168 animo
557 2117 630 2168 tuo.
662 2106 712 2170 Ni
731 2108 795 2168 hoc
814 2105 866 2169 ita
888 2118 954 2180 est,
979 2106 1038 2190 qui
1059 2107 1204 2189 spondet
1227 2109 1318 2171 mille

275 2207 508 2270 nummum2“
533 2239 571 2248 —

310 2349 442 2412 defendis]
478 2355 559 2408 Dices,
584 2355 795 2410 reprehensionem
818 2354 925 2398 tristitiae
950 2359 1021 2411 atque
1043 2357 1164 2412 nequitiae
1182 2358 1204 2399 in
1226 2361 1248 2400 te
1272 2371 1318 2400 uon

344 2440 448 2486 cadere?

308 2581 379 2611 aenne
400 2566 611 2626 instrumentum]
650 2569 728 2612 cinnii
753 2571 910 2612 instrumente
936 2572 973 2612 iet
996 2570 1111 2630 subsidio,
1134 2581 1193 2626 qnne
1216 2573 1246 2614 cd
1268 2573 1321 2615 cul-

343 2661 420 2699 turom
440 2655 504 2699 fundi
531 2657 659 2710 pertinent.

310 2781 337 2822 in
358 2793 461 2823 censum
480 2779 641 2838 dediceoicti]
679 2783 702 2824 in
722 2795 819 2825 censum
845 2783 974 2835 dedicere,
998 2786 1022 2826 id
1048 2788 1093 2835 est,
1118 2784 1142 2826 in
1164 2796 1263 2827 censum
1280 2785 1321 2827 de-

344 2866 421 2911 ferre.
459 2866 545 2911 Cicero
568 2882 612 2922 pro
632 2869 720 2912 Flacco
743 2866 793 2922 32,
821 2863 863 2914 79.
883 2867 1103 2927 atltaecpraedia
1121 2873 1196 2914 etium
1216 2871 1243 2914 in
1264 2884 1321 2914 cen·

344 2968 402 2998 cem
420 2953 585 3016 dedicarint,
614 2969 660 3012 quo
684 2959 738 3001 loco
763 2958 814 3000 vide
834 2971 893 3013 quse
917 2958 1028 3001 Klotzius
1051 2962 1067 3006 t.
1086 2953 1112 3004 3.
1137 2971 1161 3012 p.
1177 2953 1227 3002 894
1247 2959 1320 3002 adno-

344 3038 427 3090 tavit.¹
450 3043 521 3087 Gonl.
544 3043 653 3088 Gronov.
675 3045 781 3088 delict·
801 3045 906 3090 Pecunia
930 3060 953 3101 p.
969 3040 1028 3088 260.

310 3168 338 3212 ni
356 3165 402 3212 tce
424 3169 460 3212 ita
482 3169 529 3229 est]
567 3173 591 3215 si
613 3171 659 3216 hoc
681 3174 717 3217 ita
741 3179 779 3216 est
801 3187 829 3217 ex
850 3170 972 3217 codicibus
997 3169 1104 3215 defendit
1124 3170 1270 3216 Garatonius
1291 3173 1320 3214 ad

346 3255 399 3300 Cic.
411 3257 563 3314 Quintianum
576 3274 597 3304 c.
614 3259 638 3303 8.
677 3262 723 3304 Sed
736 3261 799 3304 conf.
813 3261 841 3303 F.
856 3261 885 3304 L.
900 3255 985 3304 Keller
995 3259 1127 3303 Semestris
1146 3259 1187 3309 tib.
1201 3258 1224 3302 1.
1240 3271 1264 3313 p.
1277 3255 1320 3304 37.

311 3394 358 3425 non
379 3382 416 3425 uis
438 3383 591 3442 nequitiam]
628 3399 674 3428 non
698 3387 732 3428 vis
751 3386 880 3442 nequitiam
901 3387 1045 3440 defendere3
1075 3385 1200 3437 concedis,
1227 3388 1249 3426 tc
1275 3397 1322 3426 non

347 3480 431 3514 vacere
451 3472 521 3527 culpe
543 3472 673 3528 nequitiae.

310 3593 484 3652 coniuravisti]
504 3598 521 3640 i.
536 3611 558 3640 e.
575 3602 599 3640 tu
613 3597 687 3641 iniisti
700 3597 904 3650 coniurationem,
927 3598 992 3642 fuisti
1007 3599 1125 3652 particeps
1138 3593 1320 3638 coniurationis.

347 3681 394 3725 Sed
414 3683 537 3740 legendum
558 3685 650 3727 videtur
670 3685 846 3742 periuravisti.

342 3835 465 3899 Gellius
500 3841 534 3912 2,
559 3841 610 3899 20.
656 3839 758 3922 Quod
787 3841 880 3920 apud
914 3843 1128 3923 Scipionem,
1169 3839 1323 3902 omnium

277 3940 403 4001 aetatis
428 3960 513 4001 suae
533 3941 722 4022 purissime
747 3943 917 4018 locutum,
943 3945 1090 4026 tegimus
1118 3942 1321 4015 roboraria,

277 4040 409 4122 aliquot
424 4045 554 4105 Romae
576 4041 695 4104 doctos
720 4042 810 4104 viros
837 4044 949 4107 dicere
975 4045 1094 4108 audiui
1119 4046 1156 4108 id
1181 4042 1323 4126 signifi·

279 4162 377 4218 care,
402 4142 495 4226 quod
515 4164 580 4206 nos
603 4143 734 4205 vinaria
755 4144 920 4222 dicimus,
945 4150 1280 4230 appellataque-esse
1301 4165 1324 4206 a

277 4244 403 4306 tabulis
435 4245 610 4323 roboreis,
644 4243 765 4326 quibus
793 4261 891 4329 septa
920 4262 1054 4325 essent,
1090 4249 1185 4331 quod
1213 4267 1324 4330 genus
