2970 4836
203 533 281 596 Cato]
310 539 429 594 supptsrit
448 537 563 582 Ursinus.

203 665 231 706 in
256 661 359 722 ordine]
387 662 516 708 Glossema
538 675 601 714 esse,
622 661 724 704 Ursinus
746 667 769 706 st
786 661 814 713 C.
837 661 867 704 0.
889 659 977 706 Mulier
995 669 1100 711 censent.
1115 687 1145 698 -
1167 665 1219 709 Non

243 754 377 795 assentior.

203 872 369 932 ordinarius]
397 875 424 917 ln
444 873 499 918 loeo
521 875 586 918 Festi
614 875 727 918 nonnulis
756 875 860 925 desunt:
885 889 912 920 sa
935 876 1013 929 enirn,
1041 889 1100 933 qaae
1123 883 1218 930 artant,

240 977 291 1007 non
317 964 346 1006 nd
373 962 473 1006 Catonis
498 963 575 1006 iocum
603 963 770 1006 illustrandum
797 965 936 1022 portinent,
970 966 1012 1008 sed
1037 966 1221 1020 explicationem

240 1051 355 1094 vocabuli
377 1049 526 1103 ordinarii,
547 1063 607 1106 qaae
630 1052 674 1094 huc
697 1054 817 1106 pertinet,
842 1053 961 1096 excidisse
984 1059 1053 1106 puto.
1088 1053 1158 1096 Mutii
1180 1067 1220 1098 ox·

243 1137 368 1194 piicebant
390 1151 489 1190 vocem,
514 1140 556 1182 sed
578 1152 649 1184 nemo
672 1140 717 1182 uisi
742 1139 839 1194 Lipsius
860 1141 883 1184 in
905 1141 1026 1185 Analectis
1045 1143 1074 1184 ad
1093 1141 1221 1200 Dialoguni

240 1227 279 1269 De
298 1225 386 1268 Militia
406 1225 516 1271 Romana
538 1226 569 1278 11,
593 1223 617 1268 7.
653 1227 683 1269 Τ.
703 1223 727 1270 3.
745 1225 807 1282 Opp.
828 1241 852 1282 p.
871 1225 930 1272 425.
951 1243 1035 1272 uerum
1053 1243 1147 1273 sensum
1165 1243 1221 1284 ape·

241 1315 313 1368 ruit;
337 1314 473 1356 ordinarius
498 1314 561 1357 enirn
583 1313 652 1356 miles
678 1314 844 1358 contubernali
870 1316 1008 1369 opponitur.
1055 1315 1118 1359 Puto
1137 1317 1218 1368 enim,

240 1401 321 1456 inquit
341 1399 456 1455 Lipsius,
476 1406 583 1443 mentem
602 1396 722 1454 Catonis,
745 1414 801 1445 sesa
824 1401 893 1446 nulla
915 1402 1049 1446 ambitione
1071 1409 1114 1446 aut
1132 1403 1220 1462 gretia

239 1489 271 1530 in
291 1485 464 1531 contuberniis
487 1489 688 1544 imperatorum,
708 1494 784 1532 extra
801 1487 915 1532 ordinem
935 1495 959 1534 et
978 1490 1130 1543 immunem,
1153 1490 1220 1534 mili·

240 1581 324 1626 tasse,
347 1573 393 1618 sed
414 1587 515 1631 semper
538 1575 604 1618 inter
626 1576 701 1620 alias.
744 1575 879 1620 Frontinus
901 1577 938 1620 ita
959 1576 1004 1621 lib.
1027 1575 1071 1621 IV.
1092 1576 1222 1638 Str-ataga-

240 1667 305 1708 mat.
327 1676 350 1706 c.
366 1661 389 1715 1,
406 1661 447 1706 11.
468 1660 744 1725 Q.Mst011asconsal,
763 1666 876 1722 quamvis
893 1665 965 1709 natta
979 1666 1036 1724 lsgs
1047 1665 1222 1726 impediretur,

239 1749 394 1812 quinflliam
403 1751 607 1795 contubernalem
614 1748 724 1806 baberet,
732 1753 822 1796 maluit
831 1757 913 1796 tamen
920 1766 976 1796 eum
983 1753 1009 1798 in
1015 1751 1104 1798 ordina
1110 1767 1219 1798 merere.

234 1887 354 1950 Festus
377 1909 412 1968 p.
438 1888 512 1950 234.
547 1889 734 1952 Primanus
764 1889 924 1952 tribunus
951 1893 1032 1969 apud
1057 1893 1222 1953 Catonem

166 1991 204 2052 in
231 2009 290 2063 ea,
318 2001 480 2072 quaeest
505 2003 629 2053 contra
650 1993 839 2053 Thermum
862 1991 903 2052 de
924 1992 998 2054 suis
1020 1992 1222 2054 virtutibus:

169 2092 286 2156 Aliud
307 2104 358 2153 est
372 2113 565 2174 properare
588 2093 685 2155 aliud
699 2091 888 2178 festinare.
914 2095 974 2176 qai
992 2115 1099 2156 unum
1115 2093 1222 2178 quiad-

169 2214 237 2277 que
262 2205 398 2256 mature
424 2195 609 2276 transigit,
640 2195 670 2257 is
694 2208 881 2278 properat:
906 2197 966 2279 qui
989 2199 1098 2258 mrrlta
1119 2197 1224 2258 simul

170 2294 297 2377 incipit
324 2315 432 2380 neque
454 2297 607 2378 perficit,
632 2298 663 2360 is
674 2295 848 2387 festinat.

205 2441 344 2498 prinnannus
365 2439 490 2499 tribunus]
504 2448 568 2496 erat,
583 2442 626 2500 qui
634 2442 736 2498 primas
749 2441 846 2500 legioni
859 2441 977 2484 tributam
988 2441 1120 2484 scribebat.
1150 2441 1223 2484 Paui-

247 2529 293 2571 ius.
331 2527 393 2572 Eum
412 2530 556 2574 annonariis
571 2529 673 2573 tribunis
690 2529 775 2588 fuisse,
796 2529 879 2572 statuit
896 2528 925 2570 A.
947 2529 1008 2584 Aug.
1023 2529 1079 2570 coit.
1105 2529 1177 2571 Vari.
1193 2530 1222 2572 de

246 2617 263 2658 Ι.
289 2617 302 2659 Ι.
324 2629 348 2660 v.
363 2613 386 2672 §.
405 2615 462 2660 181.
487 2617 565 2662 Paulo
585 2631 607 2671 p.
631 2615 655 2660 2.
676 2629 700 2660 v.
720 2615 828 2660 aerarii.
864 2614 964 2658 Miilier.
983 2615 1067 2672 Vides,
1084 2617 1223 2668 corruptum

252 2708 401 2752 essetecum
422 2707 507 2750 Festi:
531 2706 630 2750 Catouis
649 2704 712 2748 enirn
729 2702 802 2748 verba
819 2717 865 2746 non
888 2703 917 2744 ad
935 2701 1080 2758 primariam
1096 2700 1223 2746 tribunum

247 2797 376 2848 pertinent,
400 2796 441 2838 ssd
464 2795 492 2836 ad
513 2793 665 2852 vocabulum,
688 2793 750 2848 quod
772 2792 860 2836 excidit
876 2803 1028 2848 properans.

210 2915 342 2976 Catonem]
379 2918 431 2977 „ln
455 2918 498 2961 hae
522 2917 621 2962 Catonis
643 2918 753 2960 oratioue
774 2916 848 2960 fuisse
871 2918 968 2969 lacurn,
992 2917 1031 2973 qui
1056 2916 1173 2974 sequitur,
1195 2916 1223 2958 de

253 3007 431 3065 „properando
457 3010 480 3050 st
504 3006 659 3054 festinando,
691 3005 818 3048 ostendunt
851 3003 961 3060 Nonius,
996 3003 1089 3047 Gellius
1119 3007 1142 3046 et
1172 3002 1223 3046 atii.

247 3097 354 3156 „itaque
379 3096 461 3136 lacuna
485 3106 531 3136 non
555 3105 629 3146 pauca
653 3091 718 3135 Festi
741 3091 814 3135 verba
838 3091 946 3135 absumta
970 3095 1042 3150 suut,
1066 3103 1125 3146 quae
1147 3090 1224 3132 Paulo

248 3185 332 3238 „duce
364 3192 476 3240 magnam
506 3184 597 3234 partein
624 3179 688 3222 faciti
714 3181 812 3238 negotio
837 3180 931 3222 restitui
957 3172 1083 3233 possunt.“
1123 3173 1223 3220 Mulier.

246 3269 386 3328 Legendum
408 3270 489 3312 enim:
520 3265 655 3310 Primanus
675 3266 790 3310 tribanus
815 3272 868 3323 est,
895 3267 934 3322 qui
957 3269 1048 3321 primae
1070 3265 1158 3322 legioni
1181 3265 1226 3306 tri-

247 3359 330 3402 butum
361 3357 455 3400 scribit.
504 3353 726 3411 ...Properars.
746 3389 750 3401 .
769 3382 797 3400 ..
821 3352 889 3410 apud
914 3351 1028 3397 Catonem
1050 3353 1076 3396 in
1092 3367 1140 3406 ea,
1164 3363 1226 3409 quas

249 3451 288 3489 cst
312 3449 357 3488 etc.

213 3583 289 3614 unum
314 3565 436 3628 quodque]
468 3582 543 3611 anam
566 3567 626 3625 quid
657 3566 765 3610 Paullus.
788 3565 889 3611 Nauius.
911 3565 1012 3610 Gellius.
1058 3563 1104 3608 Sed
1124 3567 1226 3609 aiterum

250 3662 358 3712 praestat
381 3658 469 3716 „jedes
494 3649 612 3701 airzein.‘⁴

244 3795 368 3858 Nonius
394 3815 427 3874 p.
455 3794 528 3854 441.
553 3793 728 3855 Festinata
751 3803 781 3853 et
800 3812 993 3874 properare
1022 3801 1143 3852 veteres
1168 3810 1226 3851 vo-

178 3895 304 3956 luerunt
339 3897 457 3957 habere
495 3893 685 3957 distantiam.
742 3898 828 3958 Cato
862 3894 1020 3956 oratione
1049 3913 1153 3975 qaam
1185 3891 1226 3952 de

178 3997 253 4058 sais
278 3997 463 4059 uirtutibus
494 3997 655 4078 scripsit:
686 3998 793 4059 Aliud
821 4009 872 4059 est
891 4015 1101 4078 properare,
1129 3992 1226 4053 aliud

166 4096 365 4187 festinare.
425 4099 494 4182 Qui
524 4120 632 4160 unum
668 4099 751 4182 qaid
793 4109 929 4160 mature
967 4093 1154 4175 transigit,
1196 4094 1226 4155 is

174 4213 368 4284 properat;
406 4201 466 4285 qui
494 4203 602 4264 meua
637 4201 740 4262 simul
768 4199 889 4280 incipit
923 4218 1030 4278 neque
1061 4195 1224 4274 perficit,

168 4301 343 4390 festinat.
