2966 4842
1187 347 1245 410 511

257 507 427 574 Charisius
453 526 487 588 p.
517 507 567 568 71.
591 503 713 581 fretus,
735 502 827 568 huius
849 501 962 566 fretus.
988 506 1144 570 Messala
1165 523 1245 568 eon·
1272 543 1317 568 »a

198 625 258 678 tra
279 610 424 678 Antonii
444 609 599 674 litteras.-
623 607 817 690 Angustiae
827 604 969 697 fretus.

259 714 384 779 Plinius
408 711 495 778 Hist.
520 711 574 784 33,
599 709 630 785 3,
658 710 707 774 11.
753 707 912 774 Messala
933 722 1054 774 orator
1074 710 1240 792 prodidit,

192 817 384 884 Antoniam
402 813 629 880 trutmuirum
651 813 768 876 aureis
791 813 882 876 uasis
905 833 1005 876 asum
1028 813 1062 874 in
1086 813 1244 877 omnibus

195 918 350 984 obwenis
387 916 588 990 desideriis,
629 916 792 998 pudendo
831 915 974 979 erimine
1008 916 1112 978 etiam
1147 918 1242 982 Cleo-

186 1031 326 1104 parrae.
372 1079 376 1086 .

473 1195 501 1251 5.
524 1195 624 1251 Oratio
646 1196 682 1250 de
701 1195 818 1280 Antonii
843 1196 955 1250 statuis.

254 1349 303 1410 Ea
326 1367 353 1412 a.
382 1347 455 1408 777.
482 1342 550 1423 (87)
579 1343 664 1407 dieta
691 1345 827 1407 videtur.
878 1343 959 1408 Cum
981 1347 1063 1409 enim
1086 1348 1239 1413 Octavia-

191 1471 248 1514 nus
275 1471 381 1514 rerum
410 1447 587 1530 potiretur,
621 1447 780 1512 Antonius
814 1458 915 1510 autern
951 1448 1050 1532 magis
1077 1449 1239 1535 magisque

191 1553 305 1616 lamam
333 1550 492 1614 amitteret
523 1564 554 1614 et
582 1549 684 1614 hostis
710 1549 905 1630 reipublicae
933 1548 1143 1626 iudicaretur,
1174 1553 1241 1616 veri

191 1654 293 1719 simile
305 1666 368 1730 est,
385 1653 556 1740 aliquando
570 1653 601 1716 in
618 1665 726 1718 senatu
743 1651 962 1729 deliberatum,
979 1674 1017 1714 an
1039 1665 1158 1716 statuae
1172 1657 1239 1717 An·

190 1757 270 1822 touii
286 1757 414 1840 publice
426 1749 603 1820 collocatae
616 1754 809 1820 deiiciendae
823 1767 936 1819 esseut.
960 1754 1060 1818 conf.
1084 1755 1146 1820 Dio
1160 1755 1239 1821 Cas-

193 1860 257 1923 sius
279 1860 303 1922 l.
333 1860 458 1936 51,19.
489 1859 617 1922 Ellendt
635 1881 669 1940 p.
688 1856 903 1921 CXXXVII.
928 1880 994 1920 earn
1024 1871 1097 1942 post
1130 1861 1242 1924 Aetia·

194 1984 262 2026 cam
287 1985 426 2046 pugnam
452 1960 567 2026 dietam
596 1960 785 2026 arbitratur,

255 2062 422 2130 Charisius
436 2086 469 2144 p.
481 2065 540 2127 59.
561 2066 613 2128 M.
626 2065 784 2128 Messala
793 2064 833 2124 cle
851 2065 997 2126 Antonii
1012 2067 1155 2127 statuis:
1172 2069 1239 2130 Ar·
1265 2107 1311 2124 ...

191 2166 296 2232 menii
317 2165 411 2250 regis
434 2165 547 2249 spotia
567 2186 759 2249 gausapae.

321 2307 350 2362 6.
380 2305 479 2361 Oratio
503 2307 539 2362 do
562 2306 744 2376 vestigalium
764 2305 853 2365 Asiae
876 2308 1089 2369 consulatione.

256 2419 434 2502 Postquam
454 2417 649 2483 Octavianus
675 2440 781 2502 pugna
804 2417 1122 2484 AetiaaaAntouium
1145 2421 1237 2483 devi-

190 2519 297 2596 cisset,
313 2520 451 2582 Messala
468 2519 602 2602 primurn
626 2519 658 2584 iu
672 2520 806 2584 Galliam
823 2522 991 2602 proiectus
1006 2535 1065 2600 est,
1083 2535 1117 2585 ut
1132 2524 1238 2608 Aqui.

190 2636 283 2689 tanos
304 2622 479 2704 subigeret,
507 2622 620 2687 deinde
642 2626 753 2686 eodem
775 2645 857 2687 anno
883 2626 944 2686 771
970 2626 1038 2702 (30)
1063 2629 1100 2688 ad
1122 2625 1240 2690 Orien-

189 2738 252 2791 tem
276 2729 527 2808 componendum
551 2737 714 2802 avocatus,
742 2726 894 2790 continuo
917 2727 1054 2792 eGallia
1075 2730 1107 2790 in
1127 2729 1237 2791 Asiana

190 2829 285 2894 cessit
326 2827 489 2908 (Tibullus
514 2832 547 2904 1,
572 2829 604 2891 3.
638 2832 668 2890 1.
701 2831 731 2890 7.
766 2828 845 2914 ibiq.
891 2830 1020 2894 Dissen.
1056 2831 1120 2894 Dio
1146 2833 1238 2894 Cass.

189 2933 242 3010 51,
272 2934 304 2996 7.
351 2931 480 2994 Ellendt
499 2953 537 3012 φ.
558 2929 756 2996 CXXXIII.
781 2933 1003 2995 Westermaun
1023 2956 1056 3014 p.
1079 2933 1168 3012 719.)
1180 2955 1239 2996 neo

191 3035 328 3099 Romam
350 3032 448 3098 rediit
468 3032 528 3095 nisi
554 3054 585 3095 a.
613 3035 673 3094 777
696 3036 778 3113 (77).
817 3034 926 3118 Atque
950 3056 1020 3096 cum
1043 3034 1239 3099 Octavianus

191 3139 355 3220 Augustus
377 3138 411 3200 iu
436 3134 583 3200 omnibus
606 3134 731 3218 imperii
753 3137 876 3200 romani
905 3137 1085 3218 provinciis
1121 3159 1238 3202 noram
1353 3215 1356 3224 ‚

189 3238 392 3323 vectigalium
426 3237 581 3302 rationem
612 3251 643 3302 et
673 3237 935 3304 constitutionem
957 3237 1039 3304 inire
1066 3241 1237 3323 coepisset,

190 3339 307 3420 (Cunf.
332 3342 476 3427 Saviguy
507 3345 587 3405 iiber
609 3342 659 3407 die
687 3344 848 3408 romische
871 3343 1177 3426 Steuerverfassuug
1202 3365 1236 3424 p.

190 3444 243 3507 78.
263 3448 316 3509 sd.
332 3445 505 3530 stuttgart.
531 3445 641 3525 1885.)
685 3447 825 3511 Messala
848 3451 886 3509 de
911 3448 1120 3532 vectigalibus
1142 3446 1241 3510 Asiae

188 3546 375 3626 provinciae
394 3548 541 3611 retulisse
565 3549 807 3632 orationemque
834 3553 872 3611 de
898 3571 933 3612 ea
956 3572 992 3612 re
1023 3548 1169 3612 hahuisse
1192 3549 1241 3612 vi·

189 3649 292 3720 detur,
317 3668 399 3712 auno
423 3647 542 3732 opinor
570 3651 627 3708 777
654 3649 703 3712 vel
730 3651 807 3723 778,
832 3647 926 3735 atque
954 3662 1065 3726 arrator
1102 3651 1239 3714 fortasse

190 3745 428 3808 constitutionis
449 3747 650 3831 vectigalium
676 3750 772 3811 Asiae
798 3750 860 3812 dici
884 3764 1001 3831 potest.

254 3843 421 3909 Charisius
444 3849 556 3928 ρ.·85.
602 3850 832 3935 Vectigaliuru.
871 3857 1028 3917 Messala
1057 3857 1110 3916 De
1139 3855 1297 3914 vecti-.-

187 3947 321 4030 gallam
343 3948 450 4014 Asiae
472 3951 727 4017 constitutione.

507 4090 535 4148 7.
558 4087 658 4147 Oratio
679 4095 716 4150 ad
738 4095 912 4164 Augustum.

251 4199 384 4264 Sueten.
409 4199 498 4284 Aug.
532 4200 586 4266 58.
631 4204 746 4272 Patris
779 4205 916 4288 pon-iae
944 4223 1133 4288 cognomen
1165 4209 1240 4280 ani·,

188 4302 279 4368 versi
310 4301 489 4387 repentino
518 4301 740 4388 maximoque
766 4325 935 4372 consensu
965 4307 1160 4372 detulerant
1188 4311 1240 4378 ei.-
