2976 4844
259 345 323 407 100

260 503 336 565 viro
364 511 520 562 mutuam
542 497 622 569 dat5
643 507 789 578 postea,
819 492 878 556 ubi
898 493 994 555 irata
1008 489 1212 582 sacmeel,
1240 513 1312 555 eer-

261 625 341 667 vum
370 599 591 684 recepticium
614 596 741 662 sectari
760 595 1053 685 atqueflagitore
1073 596 1187 657 virum
1205 595 1309 660 iubet.

299 779 421 828 magnam
442 765 578 824 pecuniam
598 759 699 820 recipit]
727 761 789 805 bone
811 761 937 815 receptitin
958 761 1079 808 dicuntur,
1107 760 1168 806 llein
1187 763 1229 804 dne
1248 765 1310 811 rim.

333 855 497 900 Pcirelcechl.
518 865 542 908 p.
563 845 623 896 202.
670 851 726 894 Vid.
750 849 859 906 Gottttng
880 847 970 893 Getch.
990 849 1013 892 d.
1035 851 1099 892 rim.
1120 849 1261 894 Steelererf.
1287 863 1311 905 p.

339 941 390 990 98:
421 943 463 986 Bel
486 942 529 986 cler
550 934 642 998 sreien
660 939 711 983 Ehe
733 939 826 982 lomml
845 939 882 981 die
901 937 966 980 Frcu
988 937 1055 981 nicht
1071 938 1095 980 in
1117 939 1159 980 ine
1177 937 1314 982 flcntrecht

336 1033 378 1076 den
401 1031 512 1084 Manuos,
536 1029 570 1072 eie
593 1027 669 1072 bleibt
691 1028 713 1070 iu
734 1027 776 1070 der
795 1024 941 1070 viletlichen
961 1024 1063 1072 Gewelt.
1102 1025 1182 1070 Uelrer
1199 1028 1236 1070 die
1254 1026 1312 1076 Dos.

337 1120 427 1163 welche
450 1119 486 1162 eie
510 1117 563 1160 dem
585 1116 674 1159 Menne
698 1114 824 1172 zubcingt‚
854 1114 894 1156 hel
915 1126 980 1156 zwer
1002 1113 1111 1157 dereelbe
1133 1114 1246 1157 w'e'hreni
1272 1115 1314 1157 der

338 1207 388 1250 Ehe
408 1220 436 1250 zu
459 1205 578 1257 schellen,
602 1203 714 1246 withreni
733 1204 768 1246 sie
788 1202 825 1244 ihr
847 1200 952 1260 librigec
975 1199 1117 1261 Vermiigeu
1137 1202 1256 1258 (pecunia
1274 1215 1314 1244 re·

337 1290 451 1354 ceptitia)
473 1294 512 1336 ltlr
534 1293 585 1336 eicit
608 1291 736 1343 bebelten,
762 1291 815 1334 dem
837 1290 924 1334 Manno
947 1289 1042 1351 leihen,
1064 1289 1123 1333 eber
1145 1290 1205 1334 noch
1226 1280 1315 1333 wieder

337 1384 383 1428 uie
409 1383 488 1426 einem
512 1380 630 1426 Fcemden
653 1377 814 1436 nuillilndigen
833 1379 906 1420 kann.

304 1521 405 1554 cereum
424 1503 599 1564 recepticium]
635 1505 728 1549 Gellius
751 1503 802 1558 ipse
826 1503 904 1546 locum
927 1505 961 1546 sic
984 1503 1104 1557 explicat:
1137 1501 1242 1562 (luendo
1263 1517 1317 1546 mu-

338 1596 388 1640 lier·
410 1594 490 1640 dotem
513 1593 606 1637 marito
626 1591 713 1644 dabat,
740 1599 793 1635 tum
814 1604 877 1650 quac
898 1604 932 1634 ex
954 1591 1010 1635 euie
1030 1589 1103 1635 ionic
1120 1589 1252 1644 retinebat,
1274 1605 1317 1633 ne·

340 1697 386 1742 que
406 1681 440 1726 ad
458 1682 539 1726 uirum
554 1679 717 1732 tramittebat,
743 1693 774 1723 ea
794 1679 945 1737 recipere
966 1678 1105 1725 dicebatur.
1142 1675 1185 1721 Ex
1214 1693 1244 1721 eu
1266 1679 1317 1738 igi-

341 1777 382 1816 tur·
403 1784 431 1813 re
446 1767 599 1829 familiari,
620 1782 694 1828 quam
720 1767 770 1812 cibi
792 1767 847 1812 dote
872 1767 931 1812 duta
957 1758 1079 1820 retinuit,
1102 1767 1237 1824 pecuniam
1265 1766 1318 1810 uiro

341 1864 453 1902 rnutuam
473 1857 526 1903 dut.
563 1855 628 1900 Eam
645 1857 778 1914 pecuniam
801 1869 856 1900 cum
875 1856 929 1900 ciro
938 1852 1010 1914 sorte
1028 1855 1096 1899 irata
1115 1861 1230 1912 repetere
1247 1855 1319 1899 ineti·

340 1948 395 1998 tuit,
419 1945 522 2003 apponit
538 1945 713 2008 flagitatorem
732 1958 831 1989 cereum
850 1944 1028 2002 recepticium,
1048 1941 1094 1988 hoc
1113 1950 1166 1997 eet,
1186 1945 1319 2002 proprium

341 2047 441 2078 cereum
462 2047 553 2086 cuum,
577 2047 648 2092 quem
670 2047 724 2076 cum
742 2033 854 2090 pecunia
876 2032 972 2090 reliqua
991 2038 1124 2088 receperat
1146 2046 1223 2091 neque
1246 2031 1319 2076 dede-

344 2127 386 2165 ret
410 2119 479 2174 doti,
505 2119 552 2165 ced
577 2121 738 2164 retinuerat:
761 2135 808 2164 non
832 2121 901 2164 enim
920 2133 992 2165 cereo
1013 2123 1101 2166 mariti
1122 2125 1248 2180 imperare
1273 2121 1320 2169 hoc

344 2210 475 2253 mulierem
490 2204 538 2268 sas
557 2213 631 2262 erat,
655 2208 701 2254 ced
713 2210 822 2266 proprio
844 2223 899 2258 cuo,

338 2349 453 2410 Festus
474 2368 509 2428 p.
530 2347 604 2410 282.
643 2345 858 2428 Receptitium
882 2369 1010 2410 servum
1035 2351 1122 2412 Cato
1148 2349 1184 2412 in
1206 2351 1320 2413 euasi·

274 2471 340 2514 one
360 2449 448 2532 legio
472 2450 646 2515 Voconiae
672 2471 742 2512 cum
767 2448 827 2524 ait,
854 2447 1031 2532 significat,
1057 2451 1113 2535 qui
1140 2454 1183 2515 ob
1209 2451 1320 2515 vitium

274 2551 454 2615 redhibitus
480 2551 545 2615 eit:
575 2553 634 2615 ubi
661 2552 755 2615 irata
769 2550 884 2641 facta
909 2564 983 2630 est,
1015 2575 1152 2618 cervum
1177 2557 1322 2638 recepti·

274 2655 363 2720 tium
386 2655 513 2718 sectari
537 2666 640 2740 atque
652 2654 836 2746 flagitare
863 2653 976 2718 virum
1004 2656 1108 2722 iubet.

310 2801 470 2856 receptitium
488 2799 599 2858 cereum]
637 2801 730 2846 Gellius
747 2796 787 2862 17,
806 2799 829 2846 ⁶.
860 2799 1047 2862 Quaerebam,
1074 2815 1191 2848 cereus
1214 2817 1323 2862 recep-

350 2888 452 2932 titiue
476 2887 537 2946 quid
558 2895 634 2932 ccccl.
670 2887 743 2933 Libri
761 2891 847 2934 statim
867 2889 977 2948 quaesiti
993 2890 1112 2948 allatique
1130 2897 1190 2934 eunt
1207 2889 1325 2936 Verrii

346 2973 463 3019 Flacci
482 2974 527 3019 De
550 2974 713 3022 Obccurie
734 2975 880 3024 Gatonie.
927 2976 956 3021 In
980 2976 1046 3020 libro
1068 2978 1177 3022 secundo
1201 2980 1323 3038 scriptum

348 3064 476 3108 inventum
497 3069 548 3120 est,
571 3066 728 3122 receptitium
751 3079 850 3110 cervum
871 3064 925 3110 dici
945 3079 1052 3124 nequam
1071 3072 1095 3110 et
1115 3067 1211 3111 nulline
1229 3069 1323 3125 pretii,

349 3152 400 3210 qui,
424 3165 480 3194 cum
499 3165 588 3196 venum
609 3159 677 3196 occet
694 3152 779 3208 dutus,
802 3151 943 3198 redhibitus
960 3153 990 3198 ob
1012 3154 1115 3214 aliquod
1135 3156 1221 3199 citium
1241 3171 1325 3214 recep-

348 3244 437 3298 tucque
461 3239 503 3284 cit.
540 3239 695 3297 Propterea,
715 3242 814 3300 inquit,
837 3255 926 3286 eerouc
947 3242 1071 3288 eiusmodi
1089 3245 1185 3288 ceetari
1205 3244 1325 3288 maritum

349 3333 373 3370 et
391 3327 516 3390 flagitare
533 3329 671 3385 pecuniam
691 3329 832 3384 iubebatur,
854 3335 880 3374 ut
900 3343 928 3374 eo
946 3331 1003 3389 ipco
1023 3330 1094 3376 dolor
1114 3333 1196 3376 maior
1219 3338 1243 3375 et
1263 3345 1327 3376 con-

351 3415 456 3460 tumelia
479 3417 587 3475 gravior
605 3417 659 3460 viro
672 3416 761 3479 fieret,
783 3417 848 3476 quod
868 3431 924 3462 eum
943 3433 1032 3464 cerouc
1053 3418 1129 3464 ntlttt
1143 3417 1267 3477 petendae
1280 3433 1326 3477 pe·

349 3503 438 3548 cuniae
463 3517 542 3547 causo
563 3505 733 3561 compellaret.
780 3502 841 3549 Cum
857 3520 924 3564 pace
946 3514 1029 3551 autem
1049 3521 1154 3566 eumque
1176 3507 1248 3550 centa
1266 3507 1327 3549 icto-

350 3603 417 3643 rum,
440 3591 465 3634 ci
486 3593 621 3650 quirunt,
645 3594 687 3652 qui
708 3591 795 3638 Verrii
817 3592 905 3638 Flacci
925 3595 1076 3639 auctoritate
1099 3593 1250 3650 cupiuntur,
1273 3591 1326 3636 dic-

351 3683 402 3722 tum
427 3675 474 3722 hoc
504 3680 549 3724 cit.
585 3679 742 3740 Recepticiue
771 3681 839 3725 euim
868 3694 957 3726 ceraue
987 3682 1015 3724 iu
1038 3693 1070 3722 ea
1093 3692 1138 3734 re,
1167 3691 1241 3737 quam
1265 3677 1329 3724 dicit

351 3761 425 3820 Cato,
447 3766 519 3812 aliud
538 3769 640 3813 omnino
658 3775 697 3813 eet
718 3783 792 3827 quam
816 3767 923 3812 Verriuc
942 3767 1058 3824 ccripeit.
1094 3766 1156 3811 vite
1175 3768 1328 3822 superiorem

350 3855 539 3904 adnotationem.
577 3856 670 3901 Gellius
692 3859 767 3900 multo
789 3869 846 3899 ene
868 3856 988 3899 veriorem
1007 3855 1192 3909 explicationem
1211 3857 1257 3901 loci
1280 3855 1328 3900 Cn·

353 3942 446 3986 leniant
470 3943 568 3988 tradidit
596 3958 666 4000 quem
692 3945 812 3996 Verrius,
839 3947 864 3986 ut
888 3943 961 3986 etiem
986 3943 1015 3987 C.
1040 3941 1072 3991 0.
1095 3944 1185 3989 lllllller
1207 3946 1230 3989 in
1254 3945 1328 3990 Festo

350 4043 374 4084 p.
395 4025 445 4074 283
468 4036 569 4076 testatus
592 4038 637 4076 eet.

343 4167 471 4232 Nonius
501 4192 534 4251 p.
563 4171 617 4233 tl.
666 4167 950 4250 Receptitium
984 4191 1155 4234 cervum
1186 4168 1330 4253 quidam

278 4271 322 4334 ab
352 4292 395 4335 ea
416 4272 634 4356 proprietate
659 4273 789 4336 dictum
816 4274 953 4350 volunt,
986 4285 1026 4340 ut
1052 4275 1084 4338 ci
1117 4293 1265 4357 nequam
1295 4282 1330 4336 et
