2970 4836
240 371 282 434 30

227 503 229 508 ι
275 533 412 594 Hispania]
443 533 595 592 Hispaniam
621 535 731 580 Ursinus.
776 535 848 578 Deest
872 535 915 578 hoc
943 535 1102 592 fragmentum
1127 538 1187 590 aput
1218 536 1286 590 Pop-

310 638 373 668 msm
396 629 420 668 et
439 625 508 670 Lion.

548 797 577 852 8.
609 796 706 853 Oratio
730 797 772 852 De
795 802 890 854 sumtu
912 813 974 854 suo.

302 929 448 1010 opinor,
477 927 612 992 iudicem
634 927 789 992 orationis
815 927 914 992 luisse
937 930 1064 994 Oratio
1086 942 1210 994 contra
1228 935 1284 996 Μ.

238 1032 435 1096 Cornelium
458 1031 500 1092 de
522 1043 640 1092 sumtu
663 1052 738 1106 suo,
759 1053 864 1113 quum
883 1031 919 1093 in
937 1032 1147 1114 Hispaniam
1166 1037 1287 1096 consul

235 1132 532 1216 proficisceretur.
550 1134 784 1218 Argumentum
795 1131 945 1216 igiturex
956 1132 1104 1198 oratione
1116 1134 1284 1218 superiore

237 1239 420 1318 petendum.

301 1339 428 1401 Fronto
457 1360 491 1420 p.
521 1339 593 1403 149.
632 1338 792 1418 Quoniam
820 1341 939 1405 mentio
969 1342 1201 1431 παραλήψεως
1228 1343 1284 1404 ha·

237 1439 304 1503 bita
321 1451 379 1514 est,
398 1461 462 1503 non
482 1440 635 1515 omittam,
657 1442 733 1524 quin
753 1454 784 1506 te
803 1442 994 1525 impertiam,
1015 1448 1103 1528 quod
1122 1447 1161 1506 de
1180 1445 1284 1528 figura

236 1542 297 1606 ista
323 1543 495 1607 studiosius
518 1543 807 1618 animadverterim,
836 1566 937 1629 neque
962 1567 1152 1628 graecorum
1174 1557 1283 1608 orato·

236 1668 305 1711 rum
332 1667 434 1730 neque
460 1667 691 1718 romanorum,
719 1668 801 1728 quos
827 1668 890 1729 ego
920 1646 1078 1728 legerim,
1105 1646 1284 1728 elegantius

236 1750 296 1812 hac
319 1749 422 1832 ligura
452 1771 540 1812 usum
573 1769 762 1832 quemquam
793 1771 886 1832 quam
913 1751 968 1812 M.
996 1748 1157 1813 Porcium
1180 1749 1216 1812 in
1242 1770 1284 1811 ea

236 1852 413 1927 oratione,
438 1872 526 1934 quae
549 1855 603 1914 De
628 1862 746 1912 sumtu
767 1871 832 1914 suo
850 1851 1063 1914 inscribitur.
1094 1851 1132 1914 In
1156 1873 1217 1935 qua
1237 1851 1283 1913 sic
1387 1881 1399 1899 =

236 1953 301 2016 ait:

298 2056 393 2122 lusci
416 2056 592 2119 caisdicem
611 2055 790 2138 proferri,
817 2055 875 2119 ubi
902 2077 978 2118 mea
1007 2056 1121 2119 oratio
1151 2057 1283 2138 scripta

235 2171 323 2222 erat.
357 2163 411 2224 De
439 2182 479 2222 ea
506 2183 543 2221 re
574 2161 667 2244 quod
693 2158 912 2242 sponsionem
928 2157 1097 2248 feceram
1122 2181 1200 2221 cum
1224 2162 1280 2224 M.

235 2265 408 2334 Cornelia,
432 2263 570 2326 tabulae
589 2265 764 2336 proteron,-
786 2260 958 2324 maiorum
980 2262 1062 2324 bene
1071 2259 1186 2350 facta
1200 2285 1278 2346 per·

234 2368 334 2440 lecta,
357 2365 478 2427 deinde
493 2387 581 2449 quae
601 2386 667 2447 ego
684 2385 752 2447 pro
770 2363 945 2448 republica
956 2362 1141 2454 fecissem,
1159 2368 1280 2448 legun-

235 2480 306 2530 tur.
342 2467 406 2530 Ubi
425 2467 463 2529 ia
484 2480 664 2552 utrumque
679 2469 870 2550 perlectum
890 2479 954 2542 est,
975 2467 1097 2531 deinde
1114 2469 1280 2550 scriptum

233 2582 311 2633 erat
340 2570 376 2632 in
409 2563 581 2632 oratione}
621 2573 843 2654 „Numquam
869 2592 936 2652 ego
958 2570 1142 2652 pecuniam
1172 2593 1279 2654 neque

235 2694 347 2736 meam
383 2693 491 2756 neque
523 2672 697 2735 sociorum
733 2696 798 2755 per
830 2671 1051 2736 ambitionem
1084 2673 1278 2755 delargitus

234 2777 348 2838 sum.“
371 2777 456 2838 Atat
476 2776 560 2849 noli,
582 2776 653 2839 nali
674 2776 834 2852 scribere,
861 2775 1013 2859 inquam,
1042 2775 1137 2837 istud
1158 2778 1279 2838 nolunt

234 2877 369 2942 audire.
404 2876 537 2940 Deinde
556 2877 725 2940 recitauit.
750 2879 864 2958 „Num
887 2899 974 2961 quos
993 2876 1197 2967 praefectos
1214 2899 1278 2960 per

233 2980 408 3044 sociorum
431 2990 625 3044 nestrorum
649 2980 777 3062 oppida
799 2980 965 3064 inposiai‚
993 2979 1053 3064 qui
1078 3001 1198 3042 eorum
1220 2979 1278 3042 bo·

234 3104 291 3157 na,
323 3083 450 3145 liberos
485 3082 720 3166 diriperent9“
750 3083 852 3150 Istud
876 3105 1009 3166 quoque
1039 3083 1129 3156 dele,
1158 3083 1279 3145 nolunt

233 3185 370 3248 audire.
405 3184 525 3250 Recita
538 3206 666 3266 porro:
691 3188 913 3269 „Numquam
934 3207 1001 3269 ego
1019 3186 1200 3268 praedam,
1222 3205 1279 3246 ne-

234 3309 300 3372 que
322 3289 413 3371 quod
435 3287 475 3348 dc
494 3288 649 3350 hostibus
670 3300 808 3372 captum
834 3300 940 3364 esset,
966 3310 1073 3372 neque
1097 3288 1279 3351 manubias

233 3390 325 3452 inter
343 3392 513 3472 pauculos
533 3389 664 3454 amieos
689 3412 783 3454 meos
804 3391 920 3468 divisi,
944 3402 982 3454 ut
1007 3391 1075 3452 illis
1095 3391 1276 3471 eriperem,

232 3492 632 3576 quicepissent.“1stuc
658 3515 792 3577 quaque
822 3495 917 3566 delc‚·
947 3493 1055 3556 nihilo
1081 3492 1195 3554 minus
1222 3511 1278 3553 uo-

232 3595 309 3658 lunt
331 3595 418 3658 dici.-
443 3615 513 3657 non
539 3616 626 3677 opus
654 3607 719 3660 est.
764 3597 940 3661 Recitato:
970 3596 1190 3676 „Numquam
1212 3613 1278 3674 ego

231 3698 437 3761 evectionem
460 3698 597 3772 dotavi,
626 3720 694 3782 quo
718 3698 822 3762 amici
844 3697 911 3760 mei
931 3718 996 3779 per
1021 3694 1195 3778 symbolos
1216 3716 1279 3775 pe-

231 3800 354 3862 cunias
386 3821 532 3884 magnas
560 3801 761 3884 caperent.“
803 3802 914 3880 Perge
947 3797 1034 3859 istuc
1062 3817 1195 3879 quoque
1224 3797 1277 3860 uti

230 3925 310 3966 eum
332 3905 484 3968 maxime
509 3904 633 3966 delere.
667 3905 886 3986 „Numquam
915 3920 980 3982 ego
1005 3910 1191 3980 argentum
1209 3920 1277 3984 pro

232 4006 311 4068 uino
340 4006 522 4089 congiario
546 4005 637 4066 inter
660 4003 881 4085 apparitores
903 4013 1006 4086 atque
1031 4002 1161 4066 amicos
1183 4023 1277 4066 meas

231 4106 372 4182 disdidi,
393 4129 501 4192 neque
523 4107 695 4169 cosmato
712 4104 852 4186 publico
876 4105 997 4168 divites
1018 4103 1125 4193 feci.“
1158 4105 1277 4170 Enim-

232 4231 313 4271 uero
332 4231 438 4292 usque
455 4209 545 4272 istuc
562 4208 609 4270 ad
628 4207 763 4291 lignum
783 4206 868 4270 dele.
904 4211 938 4274 V
936 4207 1008 4283 ide,
1028 4208 1096 4282 sis,
1114 4228 1182 4291 quo
1200 4208 1275 4268 loco

233 4310 443 4392 respublica
462 4310 539 4386 siet,
566 4309 619 4373 uti
641 4311 734 4396 quod
755 4310 961 4396 reipublicae
981 4313 1064 4378 bene
1076 4308 1273 4399 fecissem,
