2958 4840
263 377 325 440 tut

533 533 561 592 Β.
581 533 681 590 outre
701 547 753 604 pec
772 533 873 602 melna
893 531 1041 590 &malea

329 661 486 728 Berenice
508 661 675 745 Agrippae
700 661 840 738 maioris,
862 661 949 745 regis
965 663 1119 738 Iudaeae,
1144 663 1227 743 filia,
1247 665 1318 730 He·

265 764 353 830 radin
378 765 485 848 patrui
511 765 572 841 eui,
599 763 763 829 Chalcidis
787 764 819 826 in
839 765 933 846 Syria
954 763 1059 849 regie,
1081 763 1192 840 vidua,
1217 789 1316 854 quarn

263 867 356 930 Titus
395 869 535 942 amabat,
574 879 740 952 antequam
772 865 939 952 imperium
970 866 1040 930 iniit
1072 889 1102 929 a.
1130 867 1192 930 832
1228 865 1315 952 (79).

263 970 397 1033 Sueton.
422 971 515 1033 Titne
542 993 571 1033 c.
601 973 632 1032 7.
657 968 814 1052 Spalding
840 971 878 1030 nd
903 967 1016 1050 Quint.
1042 969 1073 1045 i,
1097 971 1127 1046 1,
1157 971 1208 1034 19.
1233 975 1316 1054 Ego

258 1094 327 1155 pro
346 1073 470 1154 regina
492 1071 654 1135 Berenice
676 1071 771 1154 apud
788 1071 897 1152 ipram
921 1068 956 1147 (ἰ.
983 1092 1012 1133 e.
1037 1069 1105 1152 ipsa
1132 1074 1313 1154 praesente)

262 1195 404 1236 caueam
424 1173 515 1237 dixi.

328 1275 448 1339 Nescio
472 1297 510 1338 an
534 1277 642 1338 eadem
669 1273 701 1337 in
726 1295 819 1336 causa
835 1271 952 1336 dixerit
968 1271 1200 1350 Cornelianus,
1222 1275 1315 1338 cuiue

262 1377 441 1442 orationem
465 1389 576 1441 contra
601 1375 778 1441 Berenicen
802 1388 957 1439 memorat
982 1377 1138 1440 Stobacus
1156 1377 1177 1443 l.
1195 1379 1225 1454 l,
1244 1379 1314 1453 ll„

261 1479 380 1568 quique
390 1477 578 1544 Corneliani
591 1477 739 1562 Sulpicii,
763 1478 851 1541 cuiue
874 1477 1013 1541 meminit
1032 1481 1059 1542 1⁴*
1062 1489 1158 1542 ronto
1173 1501 1207 1562 p.
1228 1480 1314 1552 276,

261 1595 353 1664 pater
378 1604 447 1646 esee
472 1581 610 1647 ridetur.

327 1703 557 1790 Κορνηλιανοῦ
577 1699 664 1768 κατὰ
684 1703 872 1786 Βερονίκης.
903 1695 991 1766 Ἀλλ’
1016 1691 1103 1786 ὅμως
1125 1697 1166 1766 τὰ
1184 1697 1314 1788 μεγάλα

261 1805 368 1870 ταῦτα
395 1805 451 1868 καί
479 1801 568 1868 δεινὰ
597 1798 757 1888 ὡμολόγει
779 1803 870 1870 κοίτη
892 1797 1099 1883 καθἀὑτῆς.
1122 1803 1220 1870 τοῦτο
1247 1799 1313 1892 γὰρ

261 1901 444 1974 αὐτῶνκαὶ
466 1899 570 1990 μόνον
593 1906 630 1998 τῇ
652 1908 842 1992 προαιρέσει
863 1927 1037 1990 προςεστιν
1062 1897 1211 1990 brabia,
1233 1897 1314 1994 ὅπερ
1349 1954 1351 1958 -
1456 1899 1457 1906 ¹

262 2009 329 2072 ἐστὶ
349 2011 506 2094 μέγιστον
528 2007 591 2072 τῶν
612 2008 741 2086 nazcir„
763 1997 816 2071 ὅτι
838 2011 911 2092 περὶ
933 1996 977 2072 ὧν
993 2002 1179 2093 πράττουσι
1196 2009 1314 2086 κακῶς,

262 2115 317 2174 eal
337 2103 632 2197 παρρησιάζονται.

296 2251 395 2318 notan]
430 2247 526 2320 tttitttb
550 2255 708 2308 trivettum.
747 2254 792 2298 Sed
813 2259 836 2298 et
854 2254 941 2318 κοίτη
959 2257 1060 2316 intelligi
1084 2261 1173 2311 potent.
1202 2256 1254 2310 lpu
1274 2257 1314 2300 irie

332 2342 439 2386 nefariae
458 2342 598 2388 cantabitur
616 2347 718 2386 tentatur
737 2347 821 2386 contre
842 2356 905 2386 enm.

614 2479 643 2536 3.
665 2477 765 2534 Oratio
784 2496 836 2550 pro
858 2517 867 2534 .
890 2519 898 2536 .
923 2519 930 2534 ·
954 2521 962 2539 .

326 2609 518 2690 Quintili,
544 2611 575 2682 2,
602 2611 654 2671 73.
699 2613 740 2674 In
762 2630 917 2680 summa,
949 2609 1000 2672 ric
1029 2611 1182 2674 maxime
1204 2613 1315 2675 iudex

169 2793 183 2806 ·
261 2713 372 2776 credit
385 2711 540 2796 figuria,
564 2711 596 2773 ei
617 2732 682 2774 noa
701 2722 803 2794 putat
825 2714 914 2774 nolle
936 2711 1061 2775 dicere.
1088 2713 1256 2798 Equidem
1278 2726 1315 2777 et

260 2815 297 2879 in
316 2835 488 2898 perronae
509 2813 615 2878 incidi
639 2815 738 2885 talea,
763 2825 796 2878 ct
820 2814 855 2873 in
880 2835 952 2874 rem
974 2835 1109 2900 qttoque
1130 2815 1239 2899 (quod
1259 2828 1313 2878 eet

259 2917 372 2999 magia
400 2921 540 2994 rarum)
575 2937 662 3001 quae
684 2915 829 2980 obtineri
853 2916 921 2978 nini
942 2919 1007 2978 hac
1034 2929 1111 2979 arte
1140 2939 1208 2981 non
1230 2939 1314 2999 poe-

259 3031 324 3082 eet.
348 3023 456 3084 Reum
477 3019 616 3092 tuebar,
652 3039 740 3101 quae
769 3017 952 3080 subiecisse
984 3019 1161 3081 dicebatur
1194 3021 1315 3083 mariti

261 3132 517 3192 tentamentum,
542 3133 576 3183 et
593 3120 793 3183 dicebantur
810 3121 1077 3202 chirographum
1101 3122 1228 3184 marito
1248 3143 1313 3183 ex·

258 3222 410 3304 spiranti
431 3222 572 3286 beredee
594 3223 740 3296 dedisse,
766 3234 798 3284 et
821 3244 938 3284 uerum
961 3235 1049 3286 erat.
1106 3225 1199 3288 Nam
1229 3223 1314 3306 quia

257 3345 322 3406 per
344 3325 437 3405 legen
459 3322 596 3384 institui
617 3346 711 3384 uxor
734 3343 802 3384 non
823 3335 962 3404 poterut
984 3327 1100 3398 beree,
1130 3325 1169 3387 id
1177 3322 1313 3414 suerat

261 3433 389 3496 actum,
414 3435 452 3485 ut
473 3423 520 3484 ad
541 3445 617 3485 eam
640 3423 729 3486 bona
742 3445 806 3506 per
821 3427 885 3486 lroc
899 3426 1042 3488 tacitum
1056 3424 1313 3501 fideicommis-

262 3549 340 3590 eum
359 3525 591 3609 peruenirent.
629 3529 674 3592 Et
696 3537 800 3610 caput
823 3527 958 3610 quidem
981 3529 1072 3591 tueri
1089 3527 1200 3614 facile
1221 3527 1310 3604 erat',

261 3630 294 3693 ei
314 3633 377 3693 boc
400 3631 590 3692 diceremur
609 3631 747 3712 palam,
778 3629 837 3694 red
862 3629 997 3713 peribat
1019 3630 1205 3693 hereditat.
1255 3634 1315 3717 Ita

261 3753 347 3814 ergo
356 3729 442 3824 suit
464 3731 561 3794 nobie
583 3731 779 3814 agendum,
804 3742 842 3792 ut
864 3730 993 3792 iudicet
1029 3731 1116 3794 illud
1143 3731 1312 3815 intellige·

260 3845 336 3897 rent
346 3831 508 3926 sactum,
537 3831 708 3894 delatores
730 3853 797 3894 non
817 3844 960 3918 parcent
989 3835 1243 3918 apprehendere
1273 3845 1312 3896 ut

258 3935 388 3999 dictum
409 3947 442 3998 et
464 3934 611 4014 contigit
634 3944 830 4016 utrumque·

294 4091 364 4124 ream
383 4075 482 4138 tuebar]
518 4079 565 4122 rid.
586 4077 729 4136 schellingii
749 4077 940 4134 lurirprudentie
963 4079 1193 4142 ante-luatirrienee¹
1208 4095 1232 4139 p.
1249 4077 1309 4126 613.

329 4167 392 4209 tuna
413 4167 442 4210 de
462 4167 513 4222 lege
533 4164 641 4208 Voconia
661 4175 685 4218 p.
708 4159 750 4207 ll.
770 4165 865 4210 (ἔειπεν
883 4171 907 4210 et
925 4167 1040 4226 suerting
1058 4170 1086 4212 ed
1107 4169 1132 4212 lr.
1151 4170 1169 4212 t.
