2976 4844
292 391 351 454 ilfi

294 553 380 615 bello
409 551 639 624 abstinerent,
679 545 711 609 si
734 542 1039 626 Carthaginienses
1064 549 1208 612 classem
1236 574 1342 616 exses-

294 655 418 718 sisscnt
441 666 475 717 et
500 651 694 716 exercitum
717 646 950 721 dimisissent,
974 649 1028 710 sin
1052 650 1187 726 minus,
1217 656 1342 736 proni.

294 757 342 820 mi
369 759 525 820 consules
552 755 594 818 de
617 751 746 818 Punico
772 751 859 813 bello
881 749 1058 835 referrent
1084 757 1134 832 (a.
1161 757 1254 834 603).

357 858 435 922 Liv.
462 857 551 940 Epit.
578 856 635 920 lib.
659 856 712 918 49.
752 853 863 916 Tertii
887 853 965 916 beili
986 856 1109 918 Panici
1127 857 1266 922 initium
1290 865 1340 922 al-

291 974 367 1026 tero
406 974 439 1026 et
480 958 732 1026 sexcentesimo
764 977 856 1018 anno
890 956 934 1018 ab
971 957 1055 1020 urbe
1088 961 1249 1035 condita,
1288 962 1340 1026 in-

292 1077 350 1128 tra
381 1065 539 1150 quintum
575 1083 705 1125 annum
742 1080 847 1144 quom
875 1070 951 1120 erat
988 1073 1146 1143 coeptum
1181 1085 1340 1128 consum-

293 1169 390 1230 mati.
446 1170 542 1232 Inter
581 1168 636 1228 M.
676 1161 838 1228 Porciam
878 1164 1043 1228 Catonem
1078 1176 1111 1227 et
1145 1166 1339 1249 Scipionem

291 1270 470 1345 Nasicam,
496 1288 645 1352 quorum
665 1268 754 1327 alter
774 1264 1052 1346 sapientissimas
1071 1267 1126 1329 air
1147 1267 1182 1329 in
1202 1269 1339 1332 civitate

290 1372 489 1447 habebatur,
518 1373 608 1432 aiter
634 1369 740 1430 etiam
763 1367 816 1428 oir
839 1367 992 1449 optimus
1017 1390 1041 1430 a
1063 1381 1186 1447 senatu
1208 1371 1340 1434 indica·

289 1489 346 1539 tas
377 1487 474 1548 erat,
509 1472 654 1536 diversis
687 1481 858 1533 certatum
890 1471 1069 1534 sententiis
1097 1484 1171 1549 cst,
1208 1477 1339 1539 Catone

289 1579 455 1641 suadente
483 1577 629 1649 bellum,
657 1585 691 1636 et
716 1584 755 1634 ut
783 1575 962 1635 tolleretur
988 1574 1225 1660 delereturque
1252 1580 1337 1640 Car·

289 1683 415 1764 thago,
454 1678 587 1744 Nasica
619 1676 851 1740 dissuadente.
905 1676 1040 1739 Placuit
1068 1689 1206 1754 tamen,
1245 1681 1338 1764 qaod

288 1794 411 1846 contra
429 1779 562 1868 foedus
584 1801 687 1842 naues
706 1779 882 1851 haberent,
906 1778 999 1861 quod
1016 1781 1210 1844 exercitam
1232 1795 1337 1846 extra

281 1884 382 1964 fines
408 1883 604 1958 duxissent,
631 1882 724 1967 quod
748 1881 842 1943 socio
863 1881 987 1962 papali
1010 1884 1147 1946 romani
1168 1896 1201 1947 et
1223 1885 1336 1950 amico

287 1987 501 2052 Masinissae
526 2005 627 2048 arma
654 1984 873 2054 intulissent,
905 1984 998 2067 qaod
1014 1984 1139 2060 fllium
1164 1987 1238 2050 eius
1262 1993 1336 2052 Gn.

286 2092 436 2162 lassam,
465 2089 524 2174 qui
550 2109 626 2150 cum
655 2087 781 2172 legatis
810 2089 964 2152 romanis
990 2103 1084 2168 erat,
1109 2092 1146 2154 in
1168 2093 1334 2176 oppidum

286 2213 355 2256 non
381 2192 600 2274 recepissent,
629 2191 754 2253 beilum
779 2190 824 2252 iis
850 2191 967 2254 indici.
990 2226 1033 2238 --
1054 2229 1096 2242 -
1118 2196 1243 2278 Legati
1268 2196 1332 2258 tri-

285 2295 387 2379 ginta
415 2295 562 2361 Romam
588 2305 774 2367 oenernnt,
804 2315 867 2375 per
895 2315 982 2377 quos
1007 2317 1044 2358 se
1069 2297 1334 2380 Carthaginien·

286 2419 342 2462 ses
368 2398 549 2460 dedebant.
593 2396 735 2462 Catonis
761 2397 932 2460 sententia
956 2398 1119 2480 pervicit,
1148 2411 1186 2462 ut
1212 2401 1248 2463 in
1274 2402 1332 2464 de·

284 2513 379 2564 creto
402 2512 640 2584 perstaretur,
672 2509 705 2562 ct
733 2510 772 2562 ut
797 2502 955 2563 consules
979 2522 1084 2585 qaam
1106 2503 1261 2586 primum
1286 2504 1333 2568 ad

284 2604 408 2666 bellum
431 2603 753 2687 proficiscerentur.

1262 2693 1268 2718 i

318 2749 441 2794 alternet
462 2749 646 2794 sexcentesima
669 2743 746 2806 anno]
782 2749 848 2792 Fasti
875 2749 1016 2794 consulares
1037 2749 1138 2805 docent,
1171 2752 1261 2798 bellum
1283 2758 1332 2798 ten·

355 2839 414 2881 tium
438 2837 555 2880 Punicum
580 2852 627 2881 non
648 2850 671 2880 s.
697 2831 759 2890 ⁶02,
785 2842 809 2879 ut
826 2837 849 2879 in
867 2836 978 2890 epitome
998 2839 1094 2896 legitur,
1117 2842 1157 2884 sed
1179 2855 1203 2884 ι.
1226 2837 1275 2885 604
1294 2844 1330 2886 in·

353 2926 458 2980 cepisse.
495 2925 540 2968 Sed
562 2923 674 2968 Laurent
702 2922 773 2968 Fasti
791 2920 941 2968 Consulares
963 2921 1101 2981 Capitolini
1123 2941 1146 2981 p.
1175 2924 1206 2972 78
1232 2931 1329 2974 lernou·

352 3018 431 3068 utrm,
455 3017 579 3058 auctorem
602 3012 767 3068 Epitomnrum
790 3012 943 3056 Lirianarum
966 3014 1027 3058 otios
1052 3019 1158 3058 secutum
1180 3029 1233 3061 esse
1255 3031 1329 3062 onos-

353 3105 402 3156 lss,
425 3105 496 3159 etque
517 3102 576 3145 adso
598 3114 626 3144 ns
648 3099 711 3146 Livii
733 3101 827 3158 quidem
849 3100 1030 3160 chronologiam
1053 3104 1188 3158 adoptasse.

342 3219 512 3304 Appianas
532 3221 582 3285 Dc
603 3221 700 3282 rebus
720 3217 852 3284 Punicis
876 3242 906 3282 c.
928 3221 981 3286 69.
1019 3223 1091 3288 Καὶ
1114 3218 1152 3288 τό
1173 3247 1207 3288 τε
1228 3227 1327 3312 πρέσ-

278 3327 349 3412 βεις
381 3325 522 3410 ἔπεμπον
552 3324 605 3402 (οὶ
630 3318 826 3408 Ῥωμαῖοι),
838 3323 988 3442 ἑτέρους
1019 3349 1053 3390 τε
1085 3330 1142 3391 καὶ
1172 3319 1329 3393 Κάτωνα.
1392 3383 1396 3392 .

284 3423 381 3495 Οἳ
351 3451 396 3504 εις
425 3423 484 3507 τὴν
512 3420 701 3515 ἀμφίλογον
732 3423 794 3509 γῆν
817 3419 1045 3550 ἀφικόμενοι,
1079 3423 1188 3508 ἠξιονν
1213 3430 1329 3519 σφίσιν

279 3527 491 3628 ἀμφοτέρους
525 3551 612 3615 περι
634 3520 788 3592 ἁπάντων
827 3527 1017 3618 ἐπιτρέπειν.
1072 3525 1329 3610 Μασσανάσσης

277 3639 339 3718 μὲν
368 3629 437 3709 οὐν,
469 3655 524 3696 οια
555 3630 755 3697 πλεονεκτῶν
787 3634 843 3694 καὶ
871 3625 1047 3716 Ῥωμαίοις
1080 3627 1130 3694 ἀει
1163 3632 1327 3719 θαρρῶν,
1408 3656 1427 3672 ··

278 3735 464 3823 επέτρεπεν·
490 3733 521 3798 οἱ
546 3725 774 3817 Καρχηδόνιοι
800 3725 1050 3808 δ’ὑπῶπτεοσν,
1080 3732 1147 3795 ἐπεὶ
1171 3731 1327 3811 καὶτοὺς

277 3830 438 3925 πρότερον
462 3831 583 3929 ᾔδεσαν
609 3829 668 3899 οὐκ
690 3831 724 3899 εὐ
749 3825 961 3906 δικάσαντας
984 3865 1024 3878 -
1051 3830 1090 3896 Οἱ
1115 3827 1148 3897 δ’
1159 3829 1219 3900 asin
1244 3830 1327 3904 άνα-

276 3933 429 4027 σχόμενοι
463 3941 537 4025 περι
569 3938 689 4024 μέρους
721 3928 931 4012 (irretiisse,²
915 3926 1107 4051 επανῄεσαν.
1162 3938 1234 4004 isac
1264 3936 1326 4020 τὴν

273 4036 386 4130 χῶραν
410 4035 646 4128 περιεσκόπουν
673 4031 818 4156 ἀκριβῶς
843 4058 877 4100 τε
902 4030 1118 4124 εἰργασμένην
1141 4045 1198 4106 καὶ
1222 4065 1325 4107 κατα-

274 4139 394 4220 σκευάς
416 4135 605 4262 μεγάλας
586 4159 738 4226 exacuor·
779 4123 947 4205 Euoras
968 4145 1025 4206 και
1046 4138 1106 4224 τὴν
1123 4137 1221 4210 πόλιν
1241 4145 1324 4220 ἐςελ-

275 4239 416 4326 dieses,
442 4236 504 4324 ὅση
526 4265 560 4308 τε
586 4237 646 4322 τὴν
671 4234 852 4328 ὃύνοιμιν’
835 4266 890 4324 ην,
915 4246 971 4310 και
996 4235 1182 4325 πλῆθος“’
1163 4268 1242 4311 οσον
1264 4240 1324 4326 ἠύ-

276 4346 388 4428 ξητοέ
388 4369 407 4411 κ
429 4347 488 4426 τῆς
510 4339 550 4411 osi
572 4339 637 4434 πρὸ
661 4345 787 4411 πολλοῦ
807 4342 896 4413 κατὰ
916 4345 1092 4413 Σκιπίωνα
1113 4348 1324 4440 διαφθοράς.
