2992 4840
1184 370 1243 435 189

261 526 431 612 Appiauus
463 527 500 590 dc
531 526 623 590 bellis
648 525 746 590 Civit.
776 528 809 598 1,
835 527 887 588 22.
948 522 980 591 (Ι
1003 525 1119 609 uinciri
1139 526 1242 608 Γάϊος

197 625 349 718 Γράκχος
371 619 473 706 οὕτως
491 624 664 715 ἐδημάρχει
681 625 717 692 τὸ
733 623 892 717 δεύτερον.
913 669 953 681 -
975 625 1017 694 τά
1033 627 1242 719 δικαστήρια,

198 729 380 813 ἀδοξοῦντα
398 726 451 796 ἐντὶ
466 732 696 820 δωροδοκίαις,
719 733 751 806 ἐς
767 728 845 807 τούς
862 736 978 810 ἱππέας
999 728 1065 798 άπὸ
1083 734 1147 799 τῶν
1157 737 1241 834 βοο-

198 835 318 902 λεντῶν
334 837 507 924 μετέφερε,
529 831 570 898 τά
585 828 730 918 ὑπόνοια
754 828 902 919 μάλιστα
929 830 1043 912 αὐτοῖς
1068 831 1240 918 ὀνειδίζων,

199 929 250 1003 ὅτι
265 931 433 1025 Αὐρήλιος
453 931 588 1012 Κόττας
607 941 662 1000 καὶ
674 931 877 1024 Σαλινάτωρ
897 941 951 1002 καὶ
971 938 1081 1026 τρίτος
1096 939 1146 1003 ἐπὶ
1165 934 1241 1006 τού-

198 1063 268 1117 τοις
290 1034 423 1116 Μάνιος
450 1032 632 1115 Ἀκνίλιος,
668 1033 685 1103 ὁ
709 1035 768 1118 τὴν
794 1035 912 1104 Ἀσίαν
930 1036 1025 1120 ἑλὼν,
1053 1042 1169 1132 σαφῶς
1191 1043 1240 1108 δε-

199 1135 475 1233 δωροδοκηκότες,
499 1137 635 1232 άφεῖντο
659 1137 723 1207 ὑπὸ
746 1141 809 1208 τῶν
830 1137 1044 1209 δικασάντων.

232 1281 412 1356 Σαλινάτωρ]
450 1289 608 1332 suinuorem
628 1302 650 1330 a.
667 1283 716 1330 624
738 1301 806 1331 rcum
828 1300 881 1332 esse
896 1287 993 1348 factum,
1012 1289 1114 1347 Pighius
1128 1291 1220 1335 scribit.

231 1389 344 1455 Μάνιος
365 1387 524 1455 Ἀκυίλιος]
561 1393 670 1438 Munium
688 1394 810 1450 Aquilium
833 1393 863 1438 P.
885 1395 1000 1438 Lentulus
1015 1396 1125 1451 princeps
1143 1403 1239 1442 senatus

267 1483 395 1526 accusavit.
422 1482 475 1526 Cic·
495 1484 518 1525 in
538 1481 764 1538 Q.Caeei1.divin·
785 1496 806 1525 c.
822 1478 863 1524 21.

260 1638 569 1701 Pseudo-Asconius
584 1638 615 1699 in
630 1637 867 1701 Divinationetn
887 1661 921 1720 p.
938 1638 1019 1699 itt:
1045 1644 1086 1703 L.
1104 1644 1239 1705 Cottam

197 1743 236 1803 P.
250 1738 446 1829 Africanus
466 1753 546 1822 post
568 1741 754 1802 secundum
773 1744 988 1802 consulatum
1004 1752 1035 1802 et
1058 1763 1240 1805 censuram

198 1842 323 1904 dicitur
343 1864 535 1905 accusasse.

231 1987 298 2045 post]
334 1988 402 2035 Cod:
418 1989 494 2046 Lugt.
513 2002 567 2032 curn
585 1991 642 2036 edit.
665 2003 700 2044 pr.
723 1995 779 2034 ante
794 1987 930 2032 secumdum
944 1991 1115 2045 consulatum,
1140 2005 1239 2050 eamque

270 2077 393 2120 tectionem
411 2079 501 2120 frustra
527 2059 655 2122 detentere
674 2079 752 2121 studet
772 2078 823 2121 Rau
847 2077 871 2120 in
892 2077 954 2121 libro
973 2079 1238 2126 Var.1.ectt.adGia.

267 2169 338 2210 oratt.
359 2179 382 2220 p.
401 2159 460 2206 178.
499 2165 569 2209 Cont.
584 2164 705 2209 Analecta
718 2163 810 2209 Ornat
827 2163 861 2209 ad
877 2163 1124 2212 Pseudo-Ascanium
1134 2181 1162 2224 p.
1179 2164 1237 2215 ³42.

267 2253 370 2310 Madwig
389 2254 417 2296 dc
433 2253 538 2296 Asconio
560 2267 583 2308 p.
601 2251 658 2297 111,

485 2504 512 2558 9.
544 2503 692 2558 Dtssuasio
711 2504 784 2572 tegis
804 2503 946 2573 Papiriae.

261 2657 377 2723 Oratio
403 2681 431 2720 a.
453 2661 515 2721 623
540 2661 629 2738 (131)
652 2659 735 2724 dicta
758 2663 911 2723 adversus
928 2661 1029 2743 legem
1051 2659 1234 2724 seditiosam

197 2758 238 2824 C.
263 2760 387 2843 Papirii
409 2761 570 2825 Carbonis
592 2762 713 2824 tribuni
740 2764 786 2843 pl.

258 2862 373 2925 Livius
404 2863 493 2946 Epit.
523 2864 580 2926 lib.
608 2867 660 2929 59.
706 2869 792 2930 Cum
820 2865 931 2929 Carbo
963 2865 1121 2927 tribunus
1147 2867 1239 2947 plebi

196 2966 413 3047 rogationem
432 2967 585 3040 tulisset,
610 2980 647 3030 ut
669 2968 812 3028 eundem
835 2968 1011 3030 tribunum
1026 2968 1129 3049 plebi,
1153 2990 1238 3051 quo·

195 3067 258 3130 ties
284 3069 396 3143 vellet,
428 3091 546 3130 creare
572 3069 704 3142 liceret,
731 3069 949 3152 rogationem
974 3070 1048 3132 eius
1071 3074 1109 3133 P.
1131 3069 1236 3160 Afri·

196 3191 301 3232 canus
328 3172 538 3253 gravissima
568 3173 724 3234 oratione
757 3172 940 3248 dissuasit,
966 3173 1002 3234 in
1028 3194 1096 3256 qua
1123 3173 1235 3248 dixit,

198 3271 253 3334 Ti.
270 3276 466 3336 Gracchum
489 3273 565 3336 iure
586 3296 723 3336 caesum
746 3275 867 3336 videri.
902 3278 941 3339 0.
959 3277 1134 3338 Gracchus
1157 3296 1237 3338 con-

195 3384 251 3434 tra
272 3375 384 3437 suasit
406 3377 641 3457 rogationem,
666 3378 727 3439 sed
750 3378 865 3458 Scipio
888 3377 1008 3440 tenuit.

260 3493 378 3559 Cicero
406 3495 437 3558 in
464 3496 580 3560 Laelio
608 3520 637 3560 e.
664 3499 715 3560 25.
761 3499 887 3561 Concio
911 3519 999 3580 quae
1029 3520 1076 3559 ex
1098 3498 1237 3580 imperi-

196 3597 341 3660 tissimis
364 3611 518 3672 constat,
544 3611 657 3662 tamen
679 3600 833 3661 iudicare
861 3603 961 3673 solet,
987 3599 1070 3682 quid
1099 3599 1238 3662 intersit

194 3699 284 3761 inter
310 3703 535 3781 popularem,
566 3701 603 3761 id
628 3713 694 3770 est,
726 3713 977 3762 assentatorem
1003 3712 1037 3761 et
1060 3703 1165 3762 leuem
1190 3699 1238 3761 ci-

194 3819 285 3876 vem,
310 3815 343 3864 et
365 3802 455 3864 inter
477 3815 711 3880 constantem,
737 3823 893 3864 seuerum
913 3815 945 3865 et
962 3823 1116 3884 grauem.
1152 3801 1237 3882 Qui·

192 3902 255 3964 bus
285 3904 461 3966 blanditiis
486 3908 523 3967 0.
551 3904 713 3986 Papirius
741 3925 850 3986 nuper
875 3904 1046 3994 influebat
1074 3902 1109 3960 in
1133 3920 1238 3961 aures

193 4006 390 4079 concionis,
414 4027 491 4068 cum
501 4003 628 4096 ferret
653 4010 762 4088 legem
788 4006 829 4067 de
851 4005 999 4067 tribunis
1020 4001 1129 4082 piebis
1152 3999 1237 4075 refi-

195 4106 345 4170 ciendis!
390 4108 631 4170 Dissuasimus
656 4129 737 4169 nos:
760 4107 820 4170 sed
842 4105 928 4166 nihil
948 4105 989 4164 cle
1011 4123 1081 4171 me,
1106 4099 1148 4160 de
1165 4102 1236 4164 Sci·

191 4208 295 4287 pione
320 4209 433 4272 dicam
455 4207 626 4271 libentius.
672 4212 810 4289 Quanta
836 4205 903 4275 illi,
929 4203 978 4263 dii
1004 4203 1236 4279 immortales,

183 4306 269 4396 ficit
290 4311 468 4393 grauitas,
493 4319 623 4392 quanta
642 4309 677 4369 in
702 4309 857 4372 oratione
874 4300 1052 4375 maiestas,
1076 4309 1115 4359 ut
1119 4297 1240 4382 facite
