2992 4844
1131 397 1187 462 991

207 571 278 637 Cic.
303 575 340 637 de
364 571 465 636 offic.
491 573 520 648 3,
548 577 596 649 16,
621 579 673 640 67.
720 581 773 644 Μ.
798 583 936 645 Marius
959 587 1188 655 Gratidianus

134 675 357 759 propinquus
379 687 497 738 noster
519 680 555 740 0.
574 679 698 762 Sergio
714 685 844 746 Oratae
866 687 1064 750 vendiderat
1086 693 1188 756 aedes

137 801 216 852 eus,
241 785 327 861 'quas
349 779 392 840 ab
414 780 531 842 eodem
565 781 636 862 ipse
662 785 783 864 paneis
808 798 889 848 ante
919 790 1020 851 annis
1044 807 1186 857 emerat.

140 885 216 945 Eae
244 881 452 956 serviebant,
486 883 547 944 sed
579 886 641 946 hor
675 886 710 946 in
744 889 915 970 mancipio
951 892 1092 956 Marius
1120 917 1187 959 non

138 985 294 1047 dixerat.
351 985 511 1047 Adducta
548 1009 602 1049 res
632 987 667 1048 in
704 989 869 1052 indicium
914 1003 977 1054 est.
1042 997 1188 1061 Oratam

138 1089 307 1161 Crassus,
345 1087 589 1151 Gratidianum
625 1087 834 1181 defendebat
875 1096 1059 1159 Antonius.
1126 1104 1186 1164 Ius

138 1191 287 1253 Crassus
316 1191 483 1271 urgebat,
519 1191 612 1274 qnod
645 1193 719 1255 uitii
750 1194 906 1258 venditor
942 1217 1010 1260 non
1039 1201 1188 1266 dixisset

138 1292 249 1354 sciens
281 1291 319 1353 id
346 1305 506 1374 oportere
534 1296 729 1374 praestari,
762 1298 970 1379 aequitatem
1002 1304 1185 1380 Antonius,

136 1393 305 1478 qnoniam
330 1395 367 1456 id
387 1395 507 1456 vitium
533 1396 690 1477 ignotam
714 1399 838 1481 Sergio
864 1421 932 1462 non
944 1400 1105 1490 fnisset,
1127 1407 1186 1490 qni

136 1497 217 1558 illas
252 1499 354 1560 aedes
390 1498 616 1566 vendidisset,
659 1501 745 1562 nihii
766 1499 893 1588 fnisse
929 1523 1064 1568 neeesse
1097 1507 1182 1583 dici,

137 1621 199 1662 neo
227 1622 304 1662 eum
334 1622 407 1662 esse
437 1601 632 1682 deceptum,
657 1603 716 1684 qui
741 1602 796 1675 id,
827 1605 920 1686 quod
939 1619 1088 1683 emerat,
1117 1631 1185 1691 quo

136 1704 213 1765 inre
238 1715 346 1778 esset,
375 1713 516 1765 teneret.

173 1849 210 1894 M.
230 1847 342 1908 Marius]
362 1863 383 1898 v.
403 1849 525 1892 Druiuunn
545 1856 561 1897 t.
584 1850 607 1895 5.
629 1864 653 1905 p.
676 1848 733 1898 211.

175 1935 201 1984 C.
222 1923 314 1997 Sergio
332 1935 437 1994 Oratae]
475 1952 496 1980 r.
517 1939 599 1986 vater.
621 1939 687 1985 Max.
711 1937 739 1992 9,
762 1939 789 1992 1,
813 1940 835 1985 1.

231 2113 260 2170 9.
301 2111 400 2168 Oratio
423 2112 498 2182 apud
519 2093 711 2168 centumviros
731 2118 830 2169 contra
851 2115 951 2172 tratres
972 2114 1086 2172 Cossus.

200 2234 304 2299 Causa
326 2231 465 2314 privata.

202 2336 321 2401 Cicero
346 2340 383 2398 de
401 2336 495 2400 Orat.
521 2337 549 2409 9,
574 2335 626 2414 93,
651 2335 703 2398 98.
749 2337 855 2398 Curio
871 2336 1050 2399 uerborum
1064 2337 1181 2420 gravi·

137 2453 206 2504 tate
236 2451 268 2501 et
291 2437 463 2520 elegantia
496 2449 528 2498 et
556 2437 657 2517 eopia
688 2458 785 2500 suam
809 2437 983 2520 quandam
1009 2439 1182 2518 expressit

136 2538 646 2631 quasiformamflgnramqae
662 2539 814 2612 dicendi,
842 2539 935 2621 quod
949 2561 1015 2621 ego
1031 2539 1182 2600 maxime

135 2646 236 2728 potui
263 2643 417 2706 iudicare
445 2643 480 2703 in
517 2663 559 2702 ea
589 2662 716 2711 carisa,
753 2661 855 2724 quam
891 2640 946 2702 ille
977 2652 1100 2702 contra
1130 2663 1182 2702 me

135 2747 308 2824 (Antonius
338 2743 496 2829 quuitur)
523 2744 618 2826 apud
653 2743 883 2805 centumuiros
916 2764 984 2824 pro
995 2739 1182 2833 fratribus

136 2849 251 2914 Cossis
266 2849 376 2924 dixit,
393 2848 430 2910 in
447 2869 513 2930 qna
535 2837 623 2908 nihil
650 2846 700 2907 illi
735 2843 863 2933 defait,
887 2845 979 2927 quod
996 2867 1063 2906 non
1080 2845 1182 2907 modo

134 2951 312 3034 copiosus,
340 2951 401 3013 sed
425 2950 530 3012 etiam
565 2950 704 3032 sapiens
731 2959 852 3010 orator·
879 2947 1003 3008 habere
1032 2947 1179 3008 deberet.

167 3093 253 3155 Curio]
291 3096 320 3142 C.
341 3097 482 3140 Scribonius
503 3095 577 3140 auno
596 3093 673 3146 fitius,
696 3096 723 3137 de
743 3107 789 3150 quo
810 3092 871 3136 inire
891 3093 1006 3135 dicemus.

169 3181 265 3243 Cossis]
302 3185 347 3241 Qui
367 3185 457 3228 fuerint
481 3185 504 3226 hi
530 3182 638 3226 Cornelii
667 3181 735 3225 Cossi
761 3181 836 3238 (genti
856 3181 919 3224 eniin
939 3179 1067 3235 Corneliis
1088 3178 1179 3222 Cossus

202 3274 392 3316 adnumerandus
411 3273 481 3316 docet
498 3271 588 3314 EckheI
609 3271 637 3314 D.
660 3269 689 3314 N.
711 3267 730 3311 Τ
760 3267 784 3313 5.
805 3283 828 3324 p.
852 3263 920 3324 186),
943 3282 1026 3322 parum
1046 3272 1147 3312 constat.

412 3443 542 3502 XLVIII.
582 3446 615 3500 L.
636 3445 760 3500 Licinius
781 3443 903 3500 (traseae.

197 3578 299 3639 Natus
314 3588 362 3639 est
378 3598 407 3638 a.
432 3569 470 3638 61
517 3577 620 3656 (110).
666 3573 738 3638 Cic.
759 3574 850 3636 Brut.
876 3596 905 3635 c.
928 3573 980 3635 43.
1017 3570 1179 3633 Tribunus
1250 3605 1253 3616 ·

134 3680 179 3761 pl.
204 3700 233 3741 a.
259 3681 318 3741 617
344 3681 450 3757 (107),
486 3678 594 3741 aedilis
628 3677 747 3739 eurulis
778 3697 808 3737 a.
833 3676 891 3736 651
916 3674 1024 3752 (103),
1048 3685 1180 3753 praetor

135 3801 164 3841 a.
189 3781 249 3842 655
273 3782 354 3861 (99).
400 3779 524 3845 Consul
554 3801 583 3842 a.
615 3779 675 3842 659
705 3779 791 3857 (95),
821 3796 935 3838 censor
963 3795 992 3836 a.
1016 3774 1077 3835 669
1101 3773 1180 3852 (99).

134 3883 288 3945 Mortuus
311 3898 409 3948 esta.
436 3886 496 3946 663
519 3885 600 3962 (91).
646 3881 721 3948 vid.
743 3879 909 3941 Drumaun
931 3888 955 3937 t.
981 3877 1012 3943 6.
1035 3896 1069 3955 p.
1094 3873 1146 3933 69.

195 4003 276 4066 Eius
298 4004 451 4089 magister
473 4002 600 4066 dicendi
630 4011 699 4062 erat
734 3997 865 4062 Coelius
895 3993 1078 4075 Antipater.
1103 3988 1177 4051 Cic.

134 4107 226 4169 Brut.
261 4107 320 4184 96,
351 4107 425 4170 109.
475 4110 517 4168 L.
550 4101 685 4168 Coelius
716 4099 901 4181 Antipater
929 4096 1078 4174 scriptor
1094 4084 1181 4177 fuit

133 4221 170 4272 nt
201 4211 415 4292 temporibus
444 4209 512 4270 iilis
542 4203 751 4278 luculentus,
783 4199 871 4264 iuris
904 4195 1000 4258 valde
1027 4189 1176 4275 peritus,

134 4315 322 4375 multorum
344 4311 450 4373 etiam
469 4321 507 4372 ut
529 4312 570 4370 L.
595 4303 714 4368 Crassi
736 4301 914 4384 magister.
