2992 4844
260 365 321 428 312

262 525 406 587 dicebat.
461 522 564 609 Quod
583 523 615 588 si
632 520 805 605 potuisset
837 522 977 585 honeste
1009 519 1177 596 seribere,
1209 541 1246 584 se
1276 521 1313 584 in

263 627 392 690 balneis
414 647 491 688 cum
513 624 551 686 id
576 626 702 688 aetatis
716 623 803 702 filio
814 621 957 713 fuisse,
986 643 1055 685 non
1067 623 1310 704 praeterisset,

264 750 374 792 casse
397 739 511 790 tamen
533 728 576 790 ab
601 749 643 792 eo
666 729 805 790 balneas
828 746 896 788 non
922 747 969 788 ex
985 724 1101 807 patris
1126 725 1224 788 libris
1252 727 1315 789 sed

263 854 310 893 ex
340 829 467 894 tabulis
495 842 528 893 et
558 853 605 894 ex
634 852 737 894 censu
763 851 940 914 quaerere.
986 833 1135 894 Crassus
1164 842 1239 892 tum
1261 831 1313 894 ita

263 936 411 997 Brutum
423 936 515 996 ultus
527 945 593 1010 cst,
615 945 653 996 ut
668 933 766 996 illum
782 931 996 996 recitationis
1011 953 1095 994 suae
1102 934 1311 1014 poeniteret.

327 1034 462 1118 Quintil.
485 1037 515 1111 6,
538 1037 568 1111 3,
592 1037 644 1098 46.
690 1040 776 1101 Cum
799 1039 929 1099 Brutus
949 1035 984 1096 in
1001 1022 1312 1102 accusatione⁰Cn.

263 1140 382 1203 Planci
396 1162 443 1202 ex
463 1140 596 1202 duobus
616 1139 800 1202 lectoribus
819 1137 1043 1210 ostendisset,
1066 1137 1248 1201 contraria
1267 1143 1313 1203 L.
1387 1192 1391 1200 ,

264 1247 429 1308 Crassum
441 1253 630 1325 patronum
645 1241 719 1304 eius
741 1242 777 1302 in
798 1241 974 1315 oratione,
992 1261 1096 1323 quam
1117 1241 1159 1302 de
1176 1242 1315 1304 colonia

265 1345 487 1410 Narbonensi
495 1345 672 1418 babuerat,
689 1343 843 1406 suasisse
860 1343 916 1418 iis,
933 1366 1021 1427 qnae
1033 1344 1074 1406 de
1084 1346 1159 1426 lege
1169 1344 1317 1407 Seruilia

265 1449 430 1523 dixerat,
453 1458 522 1511 tres
548 1445 713 1510 excitauit
735 1458 769 1508 et
794 1445 867 1529 ipse
891 1448 1035 1508 lectores
1057 1447 1177 1530 hisque
1200 1447 1316 1528 patris

264 1552 337 1614 eius
365 1549 525 1632 dialogos
554 1548 647 1611 dedit
676 1549 859 1630 legendos:
882 1570 1030 1632 quorum
1059 1571 1137 1610 cum
1167 1549 1202 1611 in
1231 1549 1310 1613 Pri-

265 1652 396 1718 vernati
418 1673 527 1726 unus,
565 1654 654 1714 alter
688 1651 724 1712 in
756 1652 908 1724 Albano,
937 1651 1062 1714 tertius
1099 1652 1135 1714 in
1169 1652 1311 1716 Tiburti

266 1776 459 1818 sermonem
480 1754 634 1816 habitam
664 1756 964 1835 complecteretur,
1004 1754 1218 1838 requirebat,
1250 1756 1332 1818 ubi.

266 1870 379 1920 essent
404 1877 464 1920 eae
487 1855 735 1939 possessiones.
778 1857 902 1920 Omnes
935 1869 1052 1920 autem
1077 1857 1156 1919 illas
1183 1861 1315 1920 Brutus

267 1959 465 2023 vendiderat
495 1970 619 2022 ettam
649 1969 799 2041 paterna
827 1959 1045 2043 emancipare
1067 1959 1216 2042 praedia
1238 1971 1316 2024 tur·
1358 2009 1364 2018 .

265 2063 347 2145 pius
369 2063 568 2125 nabebatur.

332 2241 379 2298 10.
420 2240 518 2298 Oratio
538 2242 676 2298 adversus
699 2243 729 2298 t.
752 2241 891 2298 Marcium
911 2241 1074 2314 Philippum
1094 2241 1251 2299 consulem.

332 2374 380 2436 Es
396 2395 426 2436 a.
450 2374 512 2435 663
536 2375 603 2452 (91)
626 2373 658 2437 in
682 2383 790 2436 senatu
815 2385 925 2437 contra
952 2375 992 2436 L.
1010 2372 1172 2436 Marcium
1188 2373 1318 2456 Philip·

268 2499 342 2558 pum
367 2487 414 2538 est
447 2475 549 2552 dicta,
584 2498 649 2540 non
678 2476 806 2539 multum
837 2488 908 2540 ante
939 2488 1074 2540 mortem
1101 2476 1223 2542 Crassi.
1269 2480 1314 2539 L.

268 2571 415 2642 Marcius
448 2578 617 2661 Philippus
646 2581 744 2643 homo
775 2578 943 2662 popularis
971 2591 1039 2642 erat
1062 2592 1093 2643 et
1115 2578 1317 2662 optimatium

269 2681 487 2757 adversarius,
527 2686 607 2744 unde
648 2682 792 2746 consiliis
833 2693 958 2745 senatus
997 2681 1145 2746 resistcre
1179 2684 1316 2746 solebat.

271 2781 372 2848 Cani.
405 2787 553 2862 Abrens,
579 2783 646 2848 Die
679 2786 754 2848 drei
788 2786 1056 2852 Volkstribunen
1089 2808 1123 2867 p.
1157 2785 1209 2848 90.
1240 2809 1315 2871 sqq.

272 2884 354 2950 Cum
377 2884 477 2969 igitur
501 2889 550 2956 M.
572 2886 687 2949 Livius
717 2888 841 2950 Drusus
869 2887 1016 2950 tribunus
1038 2889 1083 2968 pl.
1108 2909 1138 2950 a.
1163 2889 1224 2950 663
1247 2890 1317 2966 (91)

272 2989 365 3052 novis
388 2989 512 3072 legibus
541 2990 667 3071 plebem
695 2990 814 3053 senatui
842 2990 1054 3055 reconciliare
1084 2993 1241 3065 studeret,
1267 3001 1317 3052 et·

271 3113 333 3174 que
364 3091 535 3173 Philippus
565 3092 676 3156 consul
712 3094 780 3156 acri
811 3093 958 3157 oratione
992 3097 1145 3155 adversus
1176 3093 1317 3156 Drusum

273 3208 304 3258 et
335 3205 473 3256 senatum
505 3195 537 3256 in
567 3195 724 3259 concione
758 3219 831 3260 usus
866 3206 963 3271 esset,
997 3194 1131 3259 Crassus
1154 3194 1186 3257 in
1208 3207 1317 3258 senatu

272 3295 458 3377 sententiam
482 3295 562 3358 dixit
585 3309 615 3360 et
638 3297 669 3360 in
692 3299 854 3363 consulem
876 3299 1020 3360 invectus
1043 3308 1103 3360 est.

337 3397 411 3463 Cic.
429 3403 466 3463 de
484 3401 578 3465 Orat.
595 3401 625 3476 3,
650 3403 680 3466 1.
727 3404 875 3466 Crassus
895 3403 1106 3464 veliementer
1125 3411 1318 3464 commotus

273 3524 314 3566 ea
339 3504 509 3580 oratione,
536 3525 624 3588 quae
637 3501 833 3594 ferebatur
855 3502 974 3568 habita
1000 3525 1074 3566 esse
1097 3502 1132 3565 in
1154 3501 1317 3565 concione

273 3628 295 3667 a
317 3606 493 3689 Philippo,
521 3628 621 3690 quem
650 3606 784 3669 dixisse
812 3609 1011 3670 constabat:
1045 3605 1228 3667 videndum
1252 3605 1320 3667 sibi

272 3731 345 3771 esse
375 3710 473 3771 aliud
499 3710 696 3785 consilium,
728 3709 788 3773 illo
818 3723 940 3772 senatu
970 3729 1006 3770 sc
1039 3729 1113 3770 rem
1143 3708 1318 3789 publicam

272 3833 395 3892 gerere
418 3832 486 3874 non
508 3833 633 3892 posse:
660 3834 760 3874 mane
787 3811 907 3876 Idibus
925 3809 1180 3892 Septembribus
1205 3822 1239 3874 et
1261 3811 1317 3873 ille

273 3925 306 3976 et
328 3926 469 3976 senatus
484 3911 663 4003 frequens
689 3926 813 3976 vocatu
841 3914 953 3977 Drusi
989 3914 1024 3975 in
1051 3912 1186 3976 curiam
1215 3912 1318 3976 venit.

273 4015 326 4080 lbi
354 4038 431 4078 cum
463 4020 605 4080 Drusus
636 4019 745 4078 multa
778 4017 819 4078 de
849 4016 1007 4101 Philippo
1037 4029 1178 4101 questus
1214 4029 1316 4090 esset,

275 4119 392 4181 retulit
413 4119 460 4180 ad
483 4131 642 4182 senatum
662 4119 702 4180 de
727 4118 787 4182 illo
808 4118 897 4202 ipso,
922 4121 1014 4203 quod
1038 4123 1162 4184 consul
1181 4120 1217 4182 in
1240 4141 1319 4182 eum

274 4221 431 4284 ordinem
463 4234 535 4284 tam
571 4220 726 4305 graviter
761 4223 796 4285 in
830 4224 993 4288 concione
1025 4235 1116 4285 esset
1152 4222 1318 4284 inuectus.

275 4323 339 4383 Hic
365 4344 574 4406 quamquam
596 4326 658 4387 hoc
682 4328 810 4389 Crasso
839 4347 974 4408 semper
986 4322 1078 4415 fere
1105 4325 1318 4407 contigisset,
