2992 4844
235 337 297 397 300

225 496 448 586 factionem,
487 511 609 558 contra
649 520 796 579 quorum
831 501 1023 579 potentiam
1063 502 1281 582 populariter

190 637 193 641 -
237 612 311 660 tum
332 599 512 661 dicendum
523 599 620 688 fuit.
666 603 783 664 Multa
802 601 836 661 in
858 601 919 662 ilia
936 603 1093 664 oratione
1111 603 1290 685 graviter„

240 704 348 764 multa
369 702 501 775 leniter,
525 706 633 762 multa
656 723 790 784 aspere,
817 706 924 778 muita
935 701 1062 792 facete
1077 705 1171 768 dicta
1186 719 1278 779 sunt,

235 807 339 885 plura
361 804 463 865 etiam
487 804 579 865 dicta
600 826 702 888 quam
726 805 869 887 scripta,
895 807 987 889 quod
1008 831 1055 869 ex
1077 798 1281 891 quibusdam

236 906 404 988 capitibus
425 908 598 989 expositis
622 929 681 969 nec
704 909 887 993 explicatis
913 909 1060 994 intelligi
1082 923 1206 993 potest.
1277 971 1280 977 .

271 1055 298 1097 in
316 1038 408 1097 rosiris
427 1051 538 1112 sedente]
574 1056 590 1101 i,
612 1069 634 1099 e.
656 1069 708 1098 rum
728 1057 837 1098 tribunus
858 1059 890 1111 pl.
912 1062 973 1100 eret.

272 1145 299 1186 in
316 1143 398 1202 legem
419 1139 563 1201 Caepionis]
600 1145 617 1186 i.
638 1157 660 1186 e.
680 1145 708 1187 de
727 1145 779 1202 lege
799 1145 939 1199 Caepionis.

269 1229 405 1288 expositis]
443 1231 521 1274 oratio
549 1245 595 1274 nou
622 1232 713 1289 integro
742 1232 852 1291 extabat,
879 1235 918 1276 sed
949 1246 1003 1288 pars
1032 1235 1145 1290 quaedam
1174 1234 1278 1280 breviter

304 1320 421 1376 exposita,
443 1333 489 1362 non
509 1320 615 1364 oratorie
634 1321 751 1373 explicata
771 1324 832 1364 crat.

298 1439 379 1502 ibid.
403 1462 433 1503 c.
458 1439 511 1501 86.
559 1439 670 1504 Venio
690 1440 738 1501 ad
765 1443 931 1504 Crassum
953 1452 986 1501 et
1009 1440 1212 1504 Antonium.
1236 1443 1278 1504 de

235 1547 360 1606 horum
390 1543 548 1606 laudibus
577 1541 640 1603 tibi
669 1563 816 1623 prorsus
844 1541 1037 1617 assentior,
1073 1543 1135 1605 sed
1164 1555 1277 1606 tamcn

235 1667 302 1708 non
323 1646 390 1707 isto
413 1645 526 1718 moda,
551 1655 590 1705 ut
605 1644 772 1728 Polycleti
795 1647 1046 1728 Doryphorum
1069 1646 1135 1708 sibi
1151 1647 1274 1732 Lysip·

231 1771 299 1830 pus
334 1747 463 1821 aiebat,
498 1746 547 1807 sic
587 1758 625 1807 tu
662 1747 857 1809 suasionem
894 1747 981 1829 legis
1014 1747 1178 1813 Serviliae
1216 1749 1277 1812 tibi

236 1850 442 1932 magistram
451 1846 591 1938 fuisse.
619 1851 701 1910 haec
723 1870 892 1930 germana
916 1850 1031 1912 ironia
1053 1862 1116 1912 est.

297 1950 369 2015 Cic.
392 1955 430 2013 de
454 1952 547 2014 Orat.
575 1957 609 2025 1,
633 1952 686 2014 52.
730 1953 813 2026 Ilia,
838 1974 925 2036 quae
946 1953 1092 2015 dicenda
1113 1953 1154 2014 de
1176 1953 1297 2024 iusti»

232 2057 283 2118 tia
295 2055 440 2136 putabat
456 2055 589 2128 (Plato),
609 2075 632 2113 a
647 2053 735 2115 vitae
757 2055 1000 2117 consuetudine
1015 2067 1048 2117 et
1063 2077 1086 2117 a
1099 2055 1277 2118 civitatum

234 2158 386 2221 moribus
414 2157 656 2219 abhorrebant.
711 2156 814 2238 Quod
844 2157 875 2218 si
907 2178 949 2218 ea
979 2159 1211 2238 probarentur
1241 2159 1275 2220 in

228 2261 367 2344 populis
390 2272 491 2344 atque
522 2259 557 2321 in
580 2258 794 2333 civitatibus,
825 2258 902 2342 quis
924 2259 1004 2335 tibi,
1028 2264 1170 2336 Crasse,
1196 2283 1274 2323 con·

231 2363 406 2436 cessisset,
432 2361 627 2423 clarissimo
658 2361 732 2424 viro
759 2373 792 2422 et
821 2361 1035 2442 amplissimo
1055 2363 1206 2445 principi
1228 2363 1274 2424 ci-

232 2466 370 2538 vitatis,
400 2477 437 2527 ut
466 2465 526 2525 illa
555 2463 684 2526 diceres
713 2463 748 2524 in
771 2463 929 2525 maxima
950 2453 1112 2527 concione
1134 2477 1275 2528 tuorum

159 2617 202 2635 ἢ
230 2568 370 2642 civium,
399 2588 486 2650 quae
509 2566 658 2628 dixisti?
683 2565 837 2648 „Eripite
860 2587 923 2627 nos
945 2589 991 2628 ex
1014 2566 1181 2640 miseriis,
1207 2567 1274 2630 eri-

227 2671 300 2754 pite
330 2693 377 2732 ea
387 2667 562 2756 faucibus
597 2690 734 2740 eorum,
769 2689 916 2750 quorum
943 2669 1130 2730 crudelitas
1152 2681 1274 2731 nostro

230 2772 400 2855 sanguine
422 2792 490 2833 non
517 2782 628 2853 potest
658 2771 811 2852 expleri,
848 2771 952 2834 nolite
981 2771 1094 2834 sinere
1116 2793 1179 2834 nos
1201 2771 1272 2832 c‘ui·

230 2897 334 2960 quam
356 2875 501 2948 servire,
534 2873 600 2935 nisi
628 2873 721 2935 vobis
744 2873 929 2950 universis,
955 2875 1077 2956 quibus
1098 2887 1131 2936 et
1148 2895 1272 2956 possu-

231 2999 307 3040 mus
329 2989 362 3040 et
384 2978 573 3039 debemus.“
600 3005 638 3016 -—

265 3136 366 3198 eripite]
403 3142 522 3184 invehitur
542 3143 565 3185 in
584 3141 671 3185 iudicis
691 3141 783 3184 ordinis
802 3143 929 3197 equestris.

257 3226 391 3289 faucibus]
429 3229 513 3272 iudicia
534 3229 702 3288 ‹·questria,a
730 3229 790 3272 Caio
809 3228 920 3273 Graccho
940 3231 1042 3285 primum
1062 3232 1114 3286 tege
1133 3230 1271 3284 constituta,

297 3317 408 3361 favebant
427 3318 449 3360 in
469 3317 549 3360 multis
569 3317 648 3360 causis
674 3316 810 3360 hominibus
832 3317 1005 3372 popularibus,
1027 3318 1188 3372 vetabantque
1210 3317 1271 3370 opti·

297 3410 372 3449 instes
398 3415 468 3462 atque
496 3409 630 3449 senatores.
676 3405 732 3447 luds
757 3405 844 3448 inultae
874 3405 1008 3449 discordiae
1033 3405 1114 3448 civiles
1141 3404 1270 3460 turbaeque

297 3495 440 3548 intestinae,
462 3495 515 3537 hine
542 3507 612 3536 causa
641 3493 799 3536 celeberrima
825 3493 855 3536 P.
880 3493 963 3536 Rutilii
979 3491 1058 3555 ¹Rufi,
1086 3494 1114 3536 de
1134 3505 1179 3546 qua
1200 3503 1270 3545 supra

298 3583 401 3626 diximus
421 3595 444 3636 p.
465 3575 525 3626 266.

262 3670 313 3714 nisi
330 3667 411 3728 vobis]
447 3674 545 3713 senatus
564 3668 628 3712 enim
657 3671 698 3713 toti
725 3672 813 3724 populo
841 3683 941 3714 sommo
961 3670 1083 3714 subiectus
1102 3673 1138 3711 est
1158 3681 1199 3712 uec
1219 3670 1271 3710 tac—

296 3759 354 3802 tioni
373 3759 465 3802 cuidam
485 3757 583 3800 obedire
603 3762 682 3812 potest
700 3763 722 3800 et
741 3757 820 3802 debet.

170 3913 217 3947 f·
290 3877 455 3939 Paradox.
490 3879 527 3949 5,
558 3877 589 3936 3.
644 3875 737 3958 Quid
771 3877 858 3936 vaiet
885 3875 996 3958 igitur
1023 3877 1084 3938 illa
1113 3877 1270 3957 eloquen-
1330 3945 1332 3950 Ι

226 3979 351 4040 tissimi
385 3977 450 4040 viri
477 3983 517 4040 L.
548 3977 668 4040 Crassi
697 3977 838 4058 copiosa
866 3978 979 4060 magis
1007 3999 1110 4063 quam
1132 3977 1271 4058 sapiens

227 4079 365 4142 oratio?
389 4080 542 4161 „Eripite
564 4099 627 4142 nos
651 4102 697 4142 ex
720 4080 899 4143 seruitute!
930 4082 1049 4143 Nolite
1070 4079 1184 4142 sinere
1207 4099 1270 4140 nos

225 4182 384 4264 cuiquam
406 4183 533 4244 seruire
556 4181 623 4242 nisi
652 4182 745 4244 vobis
777 4183 967 4256 uniuersis,
992 4183 1114 4265 quibus
1137 4193 1169 4242 et
1186 4201 1270 4261 »pos-

225 4303 344 4343 sumus
368 4295 400 4342 et
423 4285 612 4344 ‹lebemus.“
639 4317 675 4329 -
