2984 4842
287 391 347 458 386

288 551 408 626 nerim,
419 550 478 614 sed
492 569 579 624 eam,
597 560 636 612 ut
650 548 752 611 eitius
768 548 1010 612 veteratoriam
1025 565 1128 632 quam
1140 546 1333 610 oratoriam

290 653 431 716 diceres.
471 650 536 714 Hie
557 649 623 713 etsi
644 649 748 712 etiam
770 649 805 711 in
818 650 964 732 publicis
978 649 1092 713 causis
1104 647 1331 732 probabatur,

289 767 405 818 tamen
427 752 463 815 in
482 752 628 836 priuatis
649 751 875 815 illustriorem
897 753 1067 817 obtinebat
1089 753 1214 814 locum.

353 857 443 918 Idem
467 854 636 918 Annalium
661 853 802 936 scriptor
830 867 912 931 erat,
937 858 975 918 de
998 853 1114 940 quibus
1137 851 1259 918 Cicero
1282 851 1334 916 De

291 958 436 1040 Legibus
459 960 488 1033 1,
513 959 545 1021 2.
568 957 611 1020 ita
633 957 759 1020 locutus
781 967 847 1019 est:

353 1060 446 1142 Quid
468 1062 632 1124 Macrum
654 1059 857 1122 numerem?
886 1059 993 1124 Cuius
1021 1058 1212 1142 loquacitas
1234 1058 1334 1119 habet

290 1162 423 1246 aliquid
450 1163 694 1244 argutiarum,
734 1179 794 1224 nee
827 1161 864 1224 id
892 1173 1007 1224 tamen
1035 1181 1081 1223 ex
1108 1161 1168 1222 illa
1197 1159 1336 1222 erudita

292 1285 499 1349 graecorum
514 1265 627 1346 copia,
651 1265 712 1326 sed
732 1287 780 1326 ex
802 1264 981 1328 libratiolis
1002 1263 1137 1334 latinis:
1152 1263 1188 1326 in
1203 1263 1335 1327 oratio·

291 1367 391 1430 nibus
410 1378 526 1429 autem
557 1369 680 1430 multas
710 1365 873 1450 ineptias,
905 1367 1008 1431 elatio
1030 1385 1200 1430 summam
1223 1364 1335 1447 impu-

290 1469 454 1532 dentiam.

325 1615 351 1657 in
370 1610 538 1669 orationibus]
574 1613 658 1666 Patet,
688 1626 729 1656 eas
758 1614 834 1656 Marri
859 1616 981 1656 orationes
1006 1613 1050 1656 boc
1075 1615 1128 1655 loco
1153 1614 1336 1670 intelligendas,

362 1713 420 1756 quas
438 1700 563 1742 annalibus
583 1701 699 1751 inseruit,
726 1699 815 1753 pariter
841 1703 910 1754 etque
931 1700 1004 1742 ceteri
1024 1699 1132 1742 historici
1151 1700 1239 1742 solent.
1260 1700 1336 1744 Cani.

361 1787 468 1834 Niebuhr
487 1786 550 1834 Rist.
575 1785 646 1828 Rom.
672 1789 689 1828 t.
711 1783 734 1832 2.
757 1797 779 1839 p.
808 1783 847 1828 tt.
876 1799 912 1842 sq.
939 1787 976 1828 sd.
1003 1796 1068 1828 sea:
1098 1799 1227 1842 earumque
1255 1793 1339 1832 extant

358 1876 508 1933 fragmenta,
537 1887 596 1930 quas
620 1873 714 1916 Kranse
744 1876 766 1914 in
791 1871 854 1914 Vitis
881 1876 904 1914 st
928 1871 999 1930 Frsg.
1024 1871 1200 1916 ilistoricormn
1226 1875 1336 1933 collegit,

360 1965 424 2007 velut
441 1963 502 2016 apud
519 1960 670 2004 Prisciannrn
690 1963 708 2002 t.
731 1959 753 2005 1,
776 1971 798 2013 p.
820 1955 869 2003 196
889 1963 913 2003 et
933 1959 1073 2004 Diomedem
1092 1973 1115 2014 p.
1138 1957 1197 2004 366.

327 2118 354 2174 1.
394 2116 493 2174 Oratio
513 2117 548 2171 ad
569 2116 683 2186 plebem
703 2130 754 2185 pro
773 2115 925 2172 tribunicia
945 2119 1085 2187 potestate
1105 2119 1293 2174 restituenda.

355 2245 508 2309 Salustius
538 2243 718 2308 orationem
748 2245 841 2314 finxit
870 2245 952 2312 aC.
978 2247 1108 2312 Licinio
1133 2250 1251 2312 Macro
1275 2247 1334 2310 tri·

290 2353 375 2412 huno
398 2349 443 2430 pl.
467 2369 496 2410 a.
522 2349 580 2411 681
605 2349 673 2428 (73)
697 2349 844 2425 habitam,
869 2370 908 2411 ex
932 2369 994 2433 qua
1018 2359 1161 2431 apparet,
1185 2349 1335 2412 Macrum

290 2449 449 2513 hominem
478 2451 664 2532 popularem
693 2451 792 2514 fuisse
822 2463 852 2514 et
881 2451 1096 2514 adversarium
1121 2451 1332 2533 optimatium,

289 2551 508 2638 acerrimeque
531 2553 752 2640 contendisse,
784 2564 817 2615 ut
846 2553 951 2616 Sullae
974 2554 1061 2637 leges
1083 2555 1332 2637 abrogarentur,

289 2665 320 2717 et
341 2653 511 2717 tribunicia
534 2667 678 2736 potestas
700 2654 933 2738 restitueretur.
958 2654 1059 2721 Conf.
1084 2656 1227 2720 Salustii
1242 2658 1332 2720 Ora·

288 2755 399 2820 tiones
420 2769 453 2820 et
468 2756 655 2839 Epistolae,
683 2759 722 2819 ah
739 2757 864 2821 Orellio
887 2758 989 2821 editae
1012 2780 1042 2820 a.
1069 2759 1162 2820 1831.
1184 2778 1260 2842 pag.
1278 2758 1331 2819 25.

542 2933 570 2988 1.
611 2932 711 2990 Oratio
730 2937 832 2991 contra
852 2934 885 2992 C.
909 2935 1066 2992 Rabirium.

352 3064 435 3124 Acta
458 3075 505 3126 est
529 3083 621 3125 eausa
644 3083 674 3127 a.
699 3065 758 3126 681
784 3066 864 3145 (73).
889 3064 930 3131 C.
948 3064 1101 3129 Rabirius
1124 3064 1171 3128 his
1194 3063 1226 3126 in
1248 3062 1331 3125 iudi-

288 3161 370 3225 cium
401 3176 533 3227 vocatus
562 3176 626 3240 est,
659 3169 747 3251 quod
778 3169 820 3230 L.
852 3167 1046 3249 Appuleium
1076 3167 1276 3229 Saturninum
1299 3165 1331 3228 io

287 3263 449 3328 tribunatu
478 3288 507 3328 a.
539 3267 601 3330 tat
630 3271 719 3348 (100)
750 3268 931 3332 occidisset.
964 3270 1079 3332 Macer
1109 3268 1255 3330 tribunus
1282 3268 1330 3347 pl.

287 3386 357 3429 euru
381 3367 559 3445 accusavit,
583 3373 638 3432 sed
659 3371 811 3435 liberatus
840 3383 902 3435 est.
926 3369 1048 3434 Deinde
1080 3371 1122 3432 T.
1148 3369 1242 3432 Atius
1265 3369 1332 3430 La·

287 3466 397 3531 hierus
425 3472 532 3533 decem
563 3471 651 3535 annis
678 3484 752 3555 post
781 3486 912 3536 auctore
943 3469 1082 3534 Caesare
1111 3491 1141 3531 a.
1171 3470 1230 3533 691
1263 3471 1332 3550 (63)

286 3590 356 3632 eum
377 3571 516 3636 eiusdem
545 3573 688 3638 criminis
715 3597 804 3639 reum
833 3573 927 3649 lecit,
951 3571 1133 3636 Hortensio
1156 3583 1248 3656 atque
1274 3571 1332 3635 Ci-

286 3691 404 3736 oerone
420 3673 619 3739 defendente.
643 3677 808 3740 Drumanu
830 3688 856 3740 t.
880 3678 912 3740 3.
937 3699 967 3758 p.
993 3677 1065 3738 161.
1089 3687 1114 3737 t.
1139 3678 1171 3737 lt.
1194 3695 1229 3754 p.
1255 3672 1329 3736 194.

351 3790 423 3856 Cic.
455 3814 516 3876 pro
541 3793 582 3858 C.
616 3797 753 3861 Rabirio
783 3796 1009 3880 perduellionis
1029 3817 1090 3859 reo
1115 3817 1142 3863 c.
1165 3795 1196 3857 2.
1249 3793 1332 3859 Nisi

272 3891 383 3982 forte
411 3897 452 3959 de
481 3897 566 3961 loeis
597 3889 777 3982 religiosis
802 3921 843 3962 ae
878 3901 920 3963 de
949 3899 1050 3973 lueis,
1081 3919 1167 3983 quos
1197 3897 1240 3960 ab
1267 3899 1330 3960 hoe

285 3997 429 4060 violatos
444 4019 517 4061 esse
532 3998 668 4074 dixisti,
683 4002 843 4084 pluribus
859 4003 968 4067 uerbis
982 4001 1044 4065 tibi
1056 3999 1331 4083 respondendum

281 4109 406 4176 putas:
420 4119 488 4182 quo
502 4100 539 4161 in
553 4101 695 4164 erimine
710 4104 796 4166 nihil
817 4115 867 4169 est
883 4127 1047 4190 umquam
1061 4105 1122 4166 abs
1139 4115 1172 4167 te
1187 4103 1328 4174 dietum,

284 4196 352 4258 nisi
373 4217 396 4259 a
410 4201 451 4264 0.
472 4204 600 4266 Moero
622 4201 790 4268 obiectum
811 4229 885 4270 esse
907 4205 1036 4270 crimen
1059 4205 1096 4269 id
1117 4207 1155 4270 0.
1172 4203 1329 4270 Rabirio.

283 4297 324 4356 In
353 4317 421 4377 qao
453 4321 518 4381 ego
547 4304 718 4382 demiror,
755 4306 950 4371 meminisse
983 4321 1033 4384 te,
1065 4307 1149 4392 quid
1169 4305 1331 4371 obiecerit
