2992 4840
140 427 143 434 ·
272 393 334 456 tit

232 590 275 614 ,a
338 545 512 611 Diomedes
538 565 572 624 p.
598 542 673 606 291.
718 543 756 606 C.
780 539 957 604 Gracchus
988 539 1024 602 in
1050 542 1092 602 L.
1123 540 1321 604 Metellum:

274 634 388 735 Usque
413 647 500 710 adeo
522 655 723 729 pertaesum
746 665 805 707 vos
828 641 913 704 mihi
936 663 1022 704 esse.

458 897 504 956 13.
545 895 644 953 Oratio
665 895 802 951 adversus
823 893 855 950 L.
875 892 991 950 Furium
1013 892 1137 950 Philum.

339 1050 387 1111 Ea
416 1057 462 1110 est
488 1045 597 1108 habita
630 1066 660 1107 a.
688 1043 749 1106 133
779 1043 890 1122 (121),
922 1064 988 1127 quo
1020 1063 1102 1107 anno
1133 1043 1176 1105 L.
1204 1041 1323 1106 Furius

198 1159 202 1165 “
275 1151 389 1217 Philus
413 1160 545 1231 praetor
569 1146 643 1209 luit.

339 1261 516 1326 Diomedes
540 1279 617 1342 pag.
643 1258 717 1320 395.
762 1257 938 1320 Gracchus
966 1257 1133 1321 aduersus
1165 1257 1325 1320 Furium:

275 1364 408 1449 Quibus
431 1383 497 1446 ego
514 1361 653 1444 primus
676 1359 848 1442 quomodo
863 1359 1062 1422 auxiliem?

182 1286 185 1300 ¹
241 1311 271 1344 κ

554 1609 600 1667 11.
641 1609 740 1667 Oratio
762 1611 798 1666 do
821 1610 885 1680 lege
907 1609 1044 1667 Minucia.

343 1763 392 1826 Ea
416 1773 463 1824 est
489 1759 598 1823 habita
619 1781 650 1822 a.
668 1760 728 1822 633
752 1759 856 1838 (121).
890 1761 943 1822 Μ.
964 1758 1127 1822 Minucius
1143 1758 1246 1824 Rufus
1266 1759 1326 1822 tri-

278 1870 381 1930 bunus
400 1862 504 1948 plebis
528 1861 729 1946 rogationem
747 1865 786 1926 de
802 1862 996 1946 abrogandis
1019 1861 1143 1947 legibus
1165 1862 1208 1927 C.
1221 1864 1326 1926 Grac·

282 1967 336 2032 chi
358 1965 589 2050 promulgavit.
636 1963 678 2030 C.
701 1965 869 2028 Gracchus
895 1977 1008 2028 eontra
1035 1965 1130 2029 dixit.

344 2068 497 2132 Aurelius
521 2067 643 2131 Victor
666 2071 705 2130 de
730 2067 806 2130 Vir.
830 2068 884 2132 Ill.
909 2091 938 2130 e.
961 2068 1014 2131 65.
1041 2071 1159 2132 Florus
1178 2069 1214 2143 3,
1232 2068 1285 2131 15.

345 2173 458 2254 Festus
494 2195 529 2255 p.
559 2173 633 2232 201.
678 2171 741 2234 Osi
761 2184 842 2233 sunt
871 2173 911 2232 ab
941 2170 1016 2234 odio
1049 2171 1221 2235 declinasse
1247 2170 1329 2232 anti·

242 2257 398 2362 κ111111,1
408 2273 496 2337 111111
517 2285 565 2335 111
593 2277 630 2338 0.
654 2276 830 2336 Grucchus
856 2275 892 2336 in
918 2295 977 2348 eu,
1001 2296 1087 2358 quae
1115 2278 1166 2336 111
1191 2275 1231 2336 de
1253 2277 1329 2356 lege

284 2377 462 2453 Minucia,
489 2398 592 2460 quom
614 2375 682 2438 uit:
704 2376 854 2451 Mirum,
877 2376 908 2440 si
926 2377 1010 2461 quid
1029 2378 1083 2440 his
1102 2376 1251 2439 iniuriae
1268 2377 1327 2450 sit,

282 2502 418 2562 semper
441 2501 500 2542 eos
526 2479 580 2543 osi
603 2491 703 2550 sunu
726 2481 813 2563 quod
835 2500 918 2542 nunc
944 2501 1073 2564 quoque
1099 2502 1168 2541 cum
1190 2499 1331 2561 praepo·

283 2580 401 2644 sitione
440 2581 555 2644 elatum
594 2581 745 2666 frequens
781 2591 848 2656 est,
880 2602 977 2666 quom
1012 2581 1170 2659 dicimus,
1205 2601 1330 2664 semper

279 2684 412 2768 perosi.
834 2673 836 2678 ’

320 2817 366 2878 eit]
403 2821 526 2878 legendum
538 2817 590 2881 fit,
612 2820 723 2864 viderunt
740 2821 894 2877 interpretes.
914 2818 1027 2873 Mirum,
1046 2818 1148 2878 siquid
1165 2821 1200 2864 ila
1219 2820 1332 2866 iniuriae

353 2905 403 2967 fit?
421 2919 521 2964 semper·
540 2920 582 2950 eor
605 2907 645 2951 ori
667 2907 742 2951 sunl!
778 2910 890 2956 Vossius.

321 3023 360 3068 oei
377 3020 445 3080 sunt]
482 3021 582 3080 Pighius
602 3028 618 3067 1.
635 3019 659 3070 3.
680 3037 705 3078 p.
721 3017 751 3068 7⁰
772 3023 845 3070 dicit:
874 3025 909 3070 De
931 3029 1015 3068 senatu
1035 3029 1105 3079 atque
1123 3023 1277 3078 optimatibus
1297 3024 1332 3065 lo·

358 3110 397 3166 qui
416 3111 525 3162 videtur,
572 3123 614 3153 uos
638 3124 652 3153 o
672 3111 718 3156 1111
742 3126 755 3156 a
784 3126 812 3156 ue
836 3126 850 3155 o
883 3112 985 3158 cessisse
1007 3125 1101 3168 ssrnper
1125 3125 1243 3168 pauperes
1269 3111 1333 3154 eires

605 3431 651 3490 15.
691 3431 790 3489 Oratio
811 3434 842 3489 in
862 3434 1018 3492 Maenium.

352 3579 401 3642 Ea
424 3578 530 3643 hahita
557 3580 685 3643 videtur
706 3603 735 3644 a.
760 3582 821 3644 633
844 3585 948 3663 (121).
994 3585 1036 3645 Τ.
1058 3579 1206 3646 Maenius
1232 3578 1335 3642 tribu-

289 3702 348 3744 uus
369 3679 416 3763 pl.
444 3703 473 3745 a.
494 3682 555 3744 133
578 3684 667 3762 (121)
685 3683 783 3747 luisse
808 3684 937 3748 dicitur.
968 3683 1103 3769 Pighius
1125 3695 1150 3746 t.
1171 3683 1204 3745 3.
1229 3703 1262 3764 p.
1281 3685 1335 3743 70.

353 3801 483 3865 Ellendt
505 3824 539 3883 p.
556 3805 672 3868 XLIV
697 3804 792 3867 dicit:
818 3806 879 3886 „In
906 3807 1070 3868 Maevlum
1097 3803 1164 3867 sive
1189 3801 1335 3867 Meuium

291 3900 397 3968 oratio
421 3905 461 3965 ab
484 3903 615 3968 Isidoro
640 3906 760 3990 Origg.
778 3909 887 3995 XIX,
910 3909 962 3970 32.
992 3911 1141 3983 affertur,
1166 3909 1222 3970 sed
1242 3907 1337 3969 Mae-

290 4004 376 4067 nium
400 4006 600 4068 scribendum
625 4009 779 4071 arbitror.
814 4012 909 4074 Hunc
930 4029 991 4090 pro
1013 4009 1234 4090 subscriptore
1255 4004 1338 4090 legis

293 4103 460 4196 Minuciae
483 4119 515 4170 et
538 4107 668 4172 tribuno
692 4108 829 4173 eiusdem
852 4110 924 4174 anni
946 4111 1144 4174 hahuerim.“

342 4217 499 4307 'Isidorus
524 4217 655 4301 Origin.
679 4223 737 4299 19,
763 4222 819 4298 32,
845 4226 876 4287 l.
901 4245 977 4304 pag.
1000 4223 1061 4284 (112
1085 4220 1162 4284 edit.
1186 4220 1337 4284 Lindem.

293 4319 398 4398 Apud
415 4331 543 4384 ueteres
559 4325 653 4384 ultro
674 4345 782 4387 unum
799 4329 941 4388 anulum
960 4325 1023 4402 uti,
1038 4322 1174 4414 infirme
1186 4322 1341 4385 habitum
