2976 4844
1199 375 1239 438 93

191 530 254 592 572
282 551 315 610 ρ.
337 529 415 602 330,
447 550 540 612 quern
566 540 691 594 secutus
719 543 766 592 est
795 529 836 595 C.
860 533 902 594 O.
930 532 1053 594 Miiller
1078 533 1110 594 in
1139 533 1236 596 Festo

188 655 224 713 p.
247 633 308 694 700
332 643 363 693 et
389 630 535 693 Baiterus
557 631 588 694 in
615 632 725 695 Iudice
753 634 877 716 Legum
905 657 937 715 p.
960 635 1045 708 273;
1083 635 1156 698 item
1182 634 1237 698 Fi·

189 736 342 805 scherus,
373 733 429 818 qui
459 747 564 814 putat,
604 732 758 798 Catonem
794 758 825 798 a.
855 737 917 801 593
944 738 1055 824 (lbi),
1085 759 1155 799 cum
1184 737 1238 800 lex

189 835 312 900 Fannia
335 838 610 918 promulgaretur,
636 837 833 915 dissuasisse,
863 860 901 902 ne
927 839 991 922 legi
1017 839 1158 904 Orchiac
1182 844 1237 903 de-

189 951 376 1022 rogaretur,
403 959 485 1002 anno
511 951 612 1002 autem
641 941 702 1002 573
726 941 816 1020 (181)
843 940 944 1025 legem
968 941 1134 1017 Orchiam,
1157 965 1237 1028 quae

189 1053 256 1104 tum
276 1054 390 1125 rogata
415 1053 474 1116 est,
496 1042 694 1106 dissuasisse.
732 1045 795 1106 Sed
818 1043 924 1106 verius
947 1055 1037 1125 puto,
1057 1066 1147 1107 unam
1168 1057 1237 1108 tan·

189 1157 254 1208 tum
284 1145 432 1226 accipere
459 1145 650 1219 orationem,
677 1145 864 1227 praesertim
893 1169 963 1209 cum
990 1148 1079 1210 credi
1106 1147 1237 1213 omnino

190 1269 255 1311 non
287 1248 407 1329 possit,
440 1245 596 1310 Catonem
625 1269 761 1332 unquam
792 1249 873 1310 hanc
902 1249 1005 1332 legem
1032 1250 1236 1313 sumtuariam

189 1348 395 1423 dissuasisse,
433 1360 464 1412 et
498 1349 599 1434 magis
632 1372 710 1414 vcro
742 1351 782 1414 sit
817 1350 934 1426 simile,
966 1350 998 1414 in
1030 1351 1237 1434 inscriptione

190 1452 473 1535 grammaticorum
509 1453 611 1516 inesse
645 1475 803 1517 errorem.
862 1455 932 1515 Nec
968 1441 1059 1516 aliter
1096 1454 1238 1518 iudicant

189 1555 328 1619 Bolbuis
354 1566 448 1640 atque
472 1556 623 1631 Ellendt,
647 1555 722 1618 item
751 1554 927 1618 Maiansius
950 1577 983 1637 p.
1013 1555 1066 1619 30.

252 1659 298 1720 At
312 1657 452 1721 fortasse
471 1657 558 1720 aliud
578 1669 795 1742 argumentum
814 1656 913 1740 inagis
932 1658 1114 1738 probabile.
1154 1657 1236 1722 Cum

189 1759 271 1824 enim
294 1758 377 1824 Cato
402 1759 537 1834 videret,
564 1759 653 1842 leges
679 1759 867 1824 sumtuarias
888 1763 929 1822 ab
951 1759 1158 1840 optimatibus
1180 1783 1234 1824 ne·

189 1860 273 1946 gligi
298 1876 329 1925 et
352 1861 522 1936 contemni,
550 1873 644 1946 atque
668 1861 700 1924 in
724 1883 855 1926 censura
882 1861 914 1924 id
936 1862 1133 1942 potissimum
1161 1885 1237 1945 age-

188 1977 256 2040 ret,
289 1977 323 2026 ut
353 1962 495 2028 homines
526 1963 711 2028 luxuriosos
747 1975 894 2040 notaret,
930 1964 1081 2047 legesque
1112 1977 1236 2029 veteres

189 2067 391 2130 restitueret:
418 2063 595 2130 orationem
620 2067 750 2143 habuit,
774 2066 806 2128 in
834 2089 896 2150 qua
922 2067 1101 2147 praecepit,
1132 2088 1171 2130 ne
1198 2071 1235 2130 de

188 2171 261 2252 lege
290 2168 412 2234 Orchia
439 2171 663 2250 derogaretur.
709 2172 787 2232 ldeo
813 2173 892 2232 hanc
916 2169 1095 2232 orationem
1119 2169 1157 2232 iis
1180 2173 1235 2232 ad·

189 2275 412 2334 numerandam
440 2284 535 2352 puto,
563 2293 642 2355 quas
667 2294 783 2335 censor
810 2294 839 2335 a.
869 2274 931 2334 570
954 2273 1043 2349 (184)
1069 2271 1149 2354 egit.

252 2375 367 2437 Festus
405 2396 440 2457 p.
476 2376 550 2436 701.
602 2375 859 2448 obsonitavere,
898 2395 992 2454 saepe
1022 2377 1236 2438 obsonavere.

188 2480 276 2542 Cato
301 2477 336 2538 in
366 2477 530 2540 suasione
556 2476 597 2538 de
624 2479 701 2558 lege
725 2477 855 2541 Orchia
880 2476 1130 2560 derogaretur:
1166 2475 1237 2558 Qui

187 2589 291 2641 antea
318 2579 556 2642 obsonitavere
580 2589 704 2661 postea
730 2578 881 2639 centenis
900 2577 1150 2639 obsonitaveret

224 2727 251 2767 in
271 2725 390 2768 suasione
412 2723 442 2769 dc
460 2723 528 2784 lege]
567 2725 690 2782 legendum
712 2723 738 2766 in
760 2723 897 2775 suasione,
923 2736 954 2765 ne
976 2721 1005 2766 ds
1027 2723 1083 2782 legs
1106 2719 1136 2770 0,
1163 2719 1236 2765 dero·

259 2817 385 2872 geretur:
408 2827 438 2857 ne
458 2815 520 2857 enim
539 2799 640 2868 propiet·
660 2815 791 2856 extremam
814 2811 923 2854 sillabam
947 2825 969 2852 v.
994 2811 1114 2854 sriasions
1136 2811 1233 2855 excidit.

259 2899 331 2944 Conl.
350 2901 461 2946 Baiterus
483 2902 506 2946 in
532 2901 612 2946 lodice
636 2900 727 2958 Legum
752 2913 775 2954 p.
796 2895 854 2946 stt.
900 2899 1047 2958 Augustinus
1075 2899 1178 2949 coniecit
1204 2911 1235 2942 ns

257 2989 311 3048 legi
326 2987 437 3032 Orehias
459 2987 637 3048 derogaretur.

223 3111 279 3171 qui}
310 3114 405 3172 quinis.
444 3114 577 3157 Maiansius
598 3125 621 3167 p.
646 3105 688 3156 30.
727 3113 773 3155 Sed
802 3123 894 3170 coena,
922 3124 982 3167 quae
1009 3111 1105 3156 assibus
1133 3112 1235 3168 quinque

263 3197 374 3256 constiti,
397 3203 468 3246 nimis
489 3215 559 3256 parca
580 3201 689 3252 videtur,
711 3213 763 3242 curn
786 3201 836 3254 ipss
858 3199 919 3242 Cato
942 3200 1039 3258 triginta
1058 3201 1153 3244 assibus
1175 3213 1235 3243 cos·-

258 3305 315 3336 nars
338 3293 429 3335 soleret
450 3294 510 3334 teste
530 3289 660 3333 Plutarcho
682 3267 806 3334 vincat.
827 3301 848 3333 c.
871 3284 896 3330 l.
933 3288 976 3346 qui
995 3292 1069 3329 antea
1086 3285 1159 3330 denis
1180 3285 1233 3330 obs.

258 3381 416 3438 Augustinus.
456 3379 499 3436 qui
525 3383 600 3420 antea
623 3377 707 3419 octoni
731 3387 872 3420 coenarere.
911 3375 940 3421 C.
965 3373 996 3418 Ο.
1022 3375 1121 3422 Milller.
1169 3377 1186 3418 i.
1211 3387 1233 3417 e.

258 3472 312 3512 octo
337 3467 460 3511 convivae.

222 3590 342 3650 centenis]
378 3592 478 3636 centeni
499 3589 608 3648 Scaliger
630 3589 701 3646 proh.
724 3591 822 3634 Miller.
861 3589 1008 3642 lnterpretes
1035 3593 1077 3632 aut
1102 3589 1130 3632 ds
1158 3588 1235 3642 pretio

257 3695 345 3725 coenas
366 3686 407 3724 aut
432 3682 460 3724 de
489 3693 589 3722 numero
617 3679 770 3721 convivarum
797 3676 869 3720 verba
891 3677 1044 3734 intelligenda
1067 3675 1234 3733 arbitrantur,

257 3770 335 3825 itaque
355 3769 396 3814 alii
416 3770 453 3812 vel
475 3767 561 3826 quinis
580 3769 616 3810 rel
639 3763 711 3809 denis
733 3766 777 3808 int.
801 3763 905 3816 assibus,
930 3764 974 3808 alii
993 3764 1075 3808 octoni
1095 3768 1118 3807 et
1138 3762 1236 3806 centeni

257 3859 265 3912 (
276 3855 408 3910 convivae)
428 3855 590 3914 corrigebant.

250 3986 365 4049 Festus
389 4007 423 4067 p.
448 3985 522 4046 202.
559 3984 805 4049 Percunctatum
831 3977 1095 4064 patrisfamiliae
1120 3995 1234 4039 nomen

184 4109 225 4150 oe
250 4086 322 4172 quis
352 4109 479 4150 servum
504 4085 661 4162 mitteret,
689 4084 761 4168 lege
787 4095 928 4146 sanetum
955 4079 1053 4143 fuisse
1079 4077 1122 4140 ait
1147 4081 1233 4142 Cato

185 4189 222 4252 in
244 4210 298 4266 ea,
326 4209 396 4273 qua
419 4192 531 4272 legem
557 4186 723 4251 Orchiam
747 4185 936 4248 dissuadet.

219 4335 303 4395 legam
324 4331 447 4379 Orchiam
468 4330 611 4390 dissuadet]
657 4333 742 4376 Festus
774 4331 797 4374 in
829 4327 985 4382 inscriptions
1017 4332 1099 4370 errat:
1134 4325 1234 4370 debebat
