2966 4842
233 343 294 409 512

231 501 347 586 prima
372 501 466 584 plebs
488 501 660 584 legatione
682 499 826 564 Antium
854 499 970 576 missa,
995 501 1087 576 dein,
1109 502 1192 586 qaia
1215 521 1287 566 non

236 604 434 685 recipiebat,
459 604 590 666 incauti
612 607 742 668 Romae
767 604 961 684 spectacula
970 600 1149 692 frequens
1163 617 1197 667 ct
1211 606 1288 668 lare-

237 719 347 779 ruata,
373 728 457 769 rnoac
478 708 514 768 in
535 706 635 769 caria
656 718 796 770 senams
818 725 926 788 neque
946 705 1083 768 decreto
1103 727 1213 790 neque
1227 728 1286 770 ac·

236 810 459 882 clamatione,
494 810 555 872 scd
588 831 650 890 per
683 808 907 873 Valeriam
940 810 1186 872 Messalam.
1243 813 1281 874 Is

236 911 477 974 mandantibus
506 912 637 973 canetis
659 911 761 992 Quod
791 910 928 984 bonam,
953 911 1076 994 inquit,
1096 909 1289 1001 faustam·

235 1036 301 1098 qtae
322 1014 369 1078 sit
390 1015 463 1094 tibi,
487 1015 672 1096 domuique
686 1026 777 1087 tane,
796 1017 925 1080 Caesar
937 1017 1113 1096 Anguste,·
1132 1015 1182 1077 sic
1196 1015 1291 1078 caim

234 1137 295 1181 nos
323 1129 523 1199 perpetuum
545 1114 762 1206 felicitatem
788 1115 993 1197 reipublicae
1021 1128 1055 1178 et
1085 1119 1177 1180 loeta
1204 1117 1284 1180 huic

235 1220 315 1284 arbi
325 1220 462 1301 precari
483 1219 741 1282 existimamus:
763 1231 903 1282 sanatas
924 1230 958 1281 te
980 1219 1194 1283 consentiens
1207 1241 1286 1282 cam

235 1325 366 1406 populo
388 1342 533 1388 rumano
554 1323 749 1386 consalutat
769 1321 948 1404 patriae
966 1334 1158 1402 patrem.

272 1467 341 1514 iaetu
361 1465 419 1512 baie
441 1465 509 1525 arbi]
545 1465 603 1512 arbi
620 1467 705 1512 adierit
727 1466 884 1522 Oudendorp.

298 1589 344 1650 Ea
371 1589 474 1650 oratio
504 1587 662 1650 Messalae
688 1584 835 1651 Corvino
865 1583 1017 1648 tribuitur
1054 1590 1093 1649 ab
1121 1541 1286 1652 Ellendtio

240 1713 274 1772 p.
300 1689 500 1756 CXXXIV.
527 1701 558 1751 et
583 1687 723 1753 Kreusio
751 1689 800 1751 De
827 1687 984 1750 Fontibus
1008 1688 1150 1753 Suetonii
1173 1710 1207 1771 p.
1234 1691 1287 1762 to,

240 1793 297 1855 sed
318 1791 371 1853 elii
394 1793 502 1874 potius
518 1793 677 1854 Messalae
701 1789 921 1852 vindicandam
944 1791 1098 1866 arbitror,
1122 1815 1193 1855 cum
1217 1792 1287 1856 veri

105 1895 109 1904 “
234 1892 336 1957 simile
360 1891 411 1968 sit,
430 1896 609 1990 Angustum
632 1905 698 1956 tum
720 1895 843 1955 deinum
860 1904 984 1975 patrem
1007 1893 1282 1978 patriaeappella-

237 2008 315 2072 tum,
332 2006 501 2080 postquam
516 1994 609 2058 evita
631 1995 692 2059 iaus
711 1994 897 2059 decessisset
908 1996 1045 2058 Messala
1061 1995 1222 2063 Corvinus
1237 1999 1289 2060 vel

240 2111 328 2162 certe
336 2110 474 2181 propter
484 2098 692 2162 valetudinem
707 2120 770 2163 oon
785 2096 919 2180 atriplius
934 2097 965 2159 iu
979 2111 1117 2162 senatum
1126 2100 1287 2181 prodiret.

240 2202 438 2285 Quamquam
461 2204 499 2264 de
522 2222 616 2277 anno,
639 2223 705 2286 quo
722 2203 888 2284 Augustus
909 2199 1046 2281 primum
1061 2213 1152 2283 pater
1165 2203 1289 2284 patriae

239 2304 389 2367 salutatus
411 2316 468 2381 est,
491 2299 678 2366 dissentiunt
702 2303 765 2366 viri
788 2303 886 2366 docti.
993 2302 997 2309 ’

306 2407 370 2470 Sed
394 2405 518 2470 Eclsbel
542 2407 592 2470 De
617 2404 764 2470 doctrina
787 2427 951 2470 rumorum
982 2420 1007 2470 t.
1031 2408 1061 2473 ὁ.
1083 2430 1115 2489 p.
1144 2409 1217 2472 112.
1247 2431 1289 2472 ex

240 2508 400 2592 lapidibus
420 2520 517 2593 atque
539 2507 641 2570 narnis
664 2509 914 2586 demonstravit,
936 2508 969 2571 id
992 2509 1143 2574 accidisse
1173 2533 1202 2574 a.
1227 2513 1290 2574 752

240 2612 289 2688 (2)
324 2609 427 2674 Nonis
451 2609 621 2672 Februarii
643 2613 793 2693 Augusto
822 2610 916 2675 Xlll.
947 2623 977 2674 ct
1001 2613 1053 2676 M.
1078 2612 1207 2677 Plautio
1235 2613 1290 2676 Si.

240 2715 314 2776 lano
337 2733 421 2776 coss.
445 2713 532 2774 Idem
561 2723 715 2775 testantur
738 2712 871 2777 Cliuton
900 2711 931 2775 iu
956 2713 1060 2777 Fastis
1090 2718 1129 2778 ad
1158 2738 1187 2778 a.
1213 2717 1289 2780 752.

240 2827 272 2880 et
294 2813 409 2881 Orellii
431 2814 663 2897 inscriptiones
684 2829 709 2878 t.
735 2819 764 2878 1.
788 2837 821 2877 o.
845 2817 966 2878 (1021.
992 2817 1022 2881 2.
1044 2839 1079 2900 p.
1103 2819 1178 2880 381.
1198 2819 1289 2882 Festi

240 2917 434 2984 Consulares
460 2917 579 2982 Baiteri
601 2922 640 2980 ad
668 2940 699 2980 a.
724 2919 797 2982 751.
843 2919 992 2982 Krenzer
1015 2919 1204 2984 Riimisebe'.
1219 2927 1291 2984 Ao-

238 3020 404 3105 tiquitateo
436 3044 470 3103 p.
494 3023 568 3086 295.
600 3026 706 3105 Atque
731 3023 782 3084 M.
810 3020 1187 3099 Valerium‘Messalans,
1208 3044 1290 3086 coo·

241 3125 338 3186 salens
362 3145 390 3184 a.
417 3126 475 3187 751
499 3123 555 3206 (3),
579 3130 758 3207 Augustum
781 3124 951 3188 allocutum
974 3145 1054 3199 esse,
1077 3124 1152 3188 satis
1167 3127 1289 3206 proba·

241 3223 348 3288 bilitcr
377 3224 509 3288 coniicit
539 3225 734 3290 Perizonius
765 3225 797 3288 io
823 3225 995 3289 Animadv.
1033 3226 1127 3289 Hist..
1152 3248 1185 3308 p.
1212 3228 1289 3291 311.Ι

241 3325 354 3393 Wiese
376 3338 479 3389 autern
506 3351 540 3409 p.
568 3330 609 3390 st
631 3326 757 3402 scribit,
782 3329 847 3390 hoe
869 3349 983 3391 nomen
1009 3331 1290 3412 Augustusnaono

242 3432 366 3492 demum
393 3429 453 3492 758
485 3432 516 3508 (5
542 3453 575 3511 p.
604 3428 699 3505 Chr.)
726 3426 899 3492 obtinuisse
932 3443 1025 3513 atque
1052 3435 1094 3494 L.
1119 3431 1286 3494 Valerium

243 3532 425 3607 Messalam,
450 3533 612 3596 consulem
635 3529 718 3593 illius
742 3529 826 3605 anni,
852 3531 1029 3596 orationem
1057 3534 1187 3597 dixisse.
1286 3563 1290 3568 ·

334 3671 362 3728 8.
388 3671 487 3728 Oratio
511 3671 666 3743 Hyperidis
689 3689 740 3743 pro
763 3671 886 3746 Phryne,
908 3673 938 3728 io
959 3673 1080 3730 latinum
1099 3690 1193 3733 versa.

305 3803 468 3866 Extabant
491 3805 604 3866 multae
627 3804 788 3880 orationes
812 3825 955 3888 graecae,
983 3826 1000 3866 a
1024 3806 1163 3871 Messala
1185 3806 1217 3869 in
1243 3806 1289 3868 la·

239 3905 338 3971 tinum
364 3929 542 3970 sermonem
570 3928 754 3971 conversae.
800 3905 935 3987 Quintil.
962 3908 1010 3984 10,
1033 3909 1062 3983 5,
1092 3910 1121 3973 2.
1147 3913 1291 3974 Vertere

242 4031 371 4092 graeca
402 4011 437 4073 in
467 4010 612 4073 latinam
640 4021 770 4072 veteres
803 4011 914 4072 nostri
943 4024 1099 4077 oratores
1121 4013 1292 4094 optimam

241 4111 450 4176 iudicabant.
506 4113 549 4177 Id
576 4133 610 4175 se
633 4116 674 4174 L.
699 4114 846 4176 Crassus
873 4113 907 4174 in
941 4113 1009 4177 illis
1043 4114 1216 4179 Ciceronis
1249 4115 1292 4176 cic

241 4224 381 4275 oratore
413 4214 511 4276 libris
543 4213 625 4276 dicit
646 4210 857 4304 factitasse.
896 4215 1092 4280 tacuero
1122 4237 1188 4279 sao
1217 4215 1292 4296 ipsc

240 4329 391 4390 persona
400 4312 695 4401 frequentissime
708 4317 895 4400 praecipi&
910 4318 947 4380 id
955 4320 1131 4382 Messalae
1142 4319 1290 4400 placuit,
