2984 4842
1130 364 1189 440 101

142 554 212 596 enm
238 529 427 614 postulavit.
452 532 644 596 Hortensius
670 536 715 612 (v.
743 554 818 616 pag.
848 533 934 611 311.)
955 545 1048 619 atque
1073 533 1192 598 Cicero

143 635 282 699 defendit
305 635 472 711 oratione,
495 657 576 719 quae
599 647 694 700 extet.
721 657 795 698 reus
821 636 986 700 absolutus
1013 649 1070 699 est.

471 829 500 886 2.
541 829 641 911 0111110
661 846 713 902 pro
733 831 858 887 Aufidia.

208 965 292 1024 Acta
314 981 407 1023 causa
428 959 552 1022 videtur
575 982 604 1022 a.
627 964 688 1022 710
708 963 776 1042 (it)
805 961 853 1023 vel
879 966 935 1023 711
961 960 1039 1042 (113).
1064 963 1193 1026 Ellendt

143 1075 247 1127 autem
273 1086 307 1144 p.
334 1062 519 1127 CXXXII.
547 1084 614 1124 earn
640 1083 703 1126 non
730 1066 827 1127 modo
846 1075 916 1126 ante
938 1061 1087 1127 Caesaris
1105 1084 1192 1127 rnor-

144 1177 207 1228 tem
235 1164 405 1228 sedetiam
438 1177 507 1227 ante
530 1165 645 1226 bellurn
670 1162 764 1227 civile
792 1177 893 1227 actam
915 1165 1037 1230 scribit.
1066 1165 1117 1229 De
1142 1188 1193 1228 ar·

146 1280 296 1349 gurnento
321 1264 494 1329 Schneider
519 1269 596 1328 haec
627 1265 740 1330 scribit
770 1288 803 1348 p.
833 1269 892 1330 62:
926 1267 1060 1330 uidetur
1087 1289 1194 1330 causa

133 1369 261 1457 fuisse
276 1369 499 1431 hereditaria.
516 1389 596 1430 nam
622 1370 717 1449 apud
731 1369 983 1453 Quintilianum
998 1371 1192 1452 signatores

144 1483 477 1546 commemorantur,
511 1492 579 1554 quo
612 1472 748 1533 nomine
782 1483 917 1533 constat
950 1493 1008 1534 eos
1039 1473 1191 1534 maxime

145 1571 364 1654 significari,
396 1572 456 1656 qui
489 1583 693 1634 testamento
723 1573 920 1655 signabant.
957 1571 1058 1636 Conl.
1088 1577 1190 1638 Orat.

146 1676 322 1737 Messalae
354 1675 505 1738 Coruini.
537 1673 688 1737 Ceterum
715 1673 871 1736 incertum
898 1685 959 1748 est,
988 1687 1091 1736 utrum
1120 1673 1193 1736 Sul·

144 1775 246 1856 picius
271 1797 332 1857 pro
357 1775 483 1838 Aufidia
507 1775 625 1838 dixerit
646 1797 684 1838 an
708 1786 820 1840 contra
845 1775 1018 1837 Aufidiam.
1049 1777 1194 1858 Utraque

144 1877 228 1940 enim
251 1876 363 1959 opinio
393 1877 579 1941 auctoritate
607 1877 728 1944 nititur.
764 1877 866 1954 Loci,
898 1876 954 1962 qui
983 1879 1123 1960 probare
1145 1875 1193 1939 vi·

145 1983 267 2056 dentur,
290 2000 350 2061 pro
374 1977 502 2042 Aufidia
527 2001 597 2043 eum
623 1981 739 2062 egisse,
765 1978 796 2042 hi
820 1992 901 2050 sunt.

209 2099 346 2180 Quintil.
380 2100 420 2176 lt,
453 2101 488 2177 2,
518 2101 591 2163 106.
644 2105 766 2166 Sermo
793 2122 932 2164 aversus
964 2122 987 2162 a
1019 2100 1131 2163 iudice
1160 2113 1193 2162 et

145 2203 279 2266 breuius
311 2203 440 2264 indicat
474 2202 612 2264 interim
638 2215 670 2265 et
699 2203 861 2285 coarguit
891 2203 1025 2286 magis,
1053 2223 1122 2285 qua
1152 2203 1193 2263 de

147 2327 185 2366 re
213 2304 321 2378 idem,
356 2304 448 2387 quod
469 2304 503 2366 in
531 2305 711 2386 prooemio
737 2305 919 2378 dixeram,
948 2304 1079 2376 sentio,
1105 2303 1194 2364 sicut

147 2406 190 2466 tle
211 2407 483 2487 prosopopoeia,
509 2426 578 2490 qno
604 2418 718 2467 tamen
741 2425 810 2467 non
833 2405 972 2467 Seruius
995 2404 1098 2466 modo
1118 2406 1194 2467 Sul·

144 2507 258 2589 picius
287 2507 397 2568 utitur
424 2529 491 2589 pro
525 2507 692 2584 Aufidia:
721 2510 892 2571 Somnone
924 2519 956 2568 te
989 2506 1193 2588 languidum

148 2630 194 2670 an
211 2609 313 2691 gravi
333 2609 493 2691 lethargo
516 2620 635 2690 putem
661 2608 889 2692 oppressum?
912 2607 972 2670 seri
986 2610 1043 2672 M.
1062 2627 1196 2691 quoqne

145 2711 284 2774 Tullius
309 2711 403 2772 cirea
430 2713 633 2773 nauarchos.
761 2722 762 2726 ’

158 2895 159 2898 ,
182 2869 302 2900 somnone
330 2861 352 2900 te
378 2852 541 2914 languidum]
584 2857 641 2900 haec
669 2859 740 2901 verbe
766 2857 885 2912 Sulpicius
917 2840 1000 2900 contre
1030 2841 1195 2902 accusatorem

215 2941 321 2988 Aufidius
340 2945 408 2989 dixit.

210 3061 348 3142 Quintil.
374 3064 431 3137 10,
463 3065 498 3138 1,
531 3061 583 3125 20.
629 3063 722 3128 1111111
748 3063 990 3138 utilissimum,
1014 3084 1114 3126 nosse
1137 3085 1196 3126 eas

145 3185 289 3239 causas,
314 3186 462 3247 quarum
494 3166 670 3228 orationes
693 3165 728 3227 in
752 3185 875 3228 manus
897 3166 1140 3238 sumserimus,
1163 3178 1196 3227 et

145 3267 282 3348 quoties
311 3267 505 3349 continget,
536 3268 697 3350 utrinque
722 3268 856 3330 habitos
886 3269 1000 3350 legere
1028 3268 1194 3339 actiones,

146 3381 185 3428 ut
208 3368 451 3430 Demosthenis
478 3380 580 3452 atque
603 3371 783 3433 Aeschinis
811 3370 901 3432 inter
928 3391 964 3432 se
986 3368 1193 3444 contrarias,

110 3548 115 3552 .
145 3479 179 3530 et
203 3469 314 3532 Servii
336 3469 481 3550 Sulpicii
500 3484 603 3554 atque
626 3475 820 3544 Messalae,
845 3493 992 3555 quorum
1013 3474 1102 3533 alter
1129 3492 1197 3553 pro

148 3568 313 3646 Aufidia,
337 3573 574 3634 contradixit
595 3575 699 3649 alter,
725 3585 757 3635 et
772 3573 938 3638 Pollionis
961 3585 993 3635 et
1009 3571 1122 3637 Cassii
1137 3594 1198 3636 reo

145 3672 342 3750 Asprenate
363 3673 518 3757 aliasque
537 3674 723 3756 plurimos.
1066 3675 1069 3680 ’

184 3815 250 3856 ulter
258 3828 309 3870 pro
321 3813 433 3878 Aufidia]
471 3819 515 3863 etsi
535 3819 671 3874 ambiguum
691 3824 746 3872 est,
766 3819 794 3861 ed
814 3832 883 3874 quem
904 3821 969 3874 prius
988 3820 1053 3864 alter
1068 3820 1196 3874 pertineat,
1220 3812 1225 3820 ’

222 3897 354 3949 verisimili
375 3910 454 3951 ternen
476 3915 513 3950 est
533 3909 561 3948 ed
582 3906 713 3958 Sulpicium
733 3918 786 3949 esse
806 3905 973 3960 referendum,
994 3909 1026 3950 ite
1054 3911 1078 3948 nt
1097 3906 1133 3948 hic
1153 3919 1197 3958 pro

217 3987 310 4034 Aufidia
331 3992 434 4046 dixerit,
464 3993 569 4036 Mesene
599 3995 682 4056 contre
709 3987 837 4034 Aufidiam.
875 3993 952 4035 Aliter
977 3993 1050 4035 sentit
1071 3991 1154 4034 Wiese
1175 3992 1197 4033 in

218 4074 355 4122 Gornmeot.
376 4081 404 4124 de
424 4080 460 4122 nt.
481 4079 526 4122 vat
556 4078 661 4120 Messeis
686 4075 793 4120 Corvino
819 4092 842 4132 p.
863 4073 980 4134 65.‚qut
999 4076 1099 4127 scribit,
1119 4076 1198 4130 Sulpi-

219 4165 282 4207 cium
301 4171 384 4209 eontra
405 4163 524 4219 Aufidium
544 4161 590 4220 (sic
610 4163 673 4206 enirn
698 4176 782 4207 errore
802 4162 917 4219 scribit),
939 4164 1068 4206 Messetern
1089 4175 1133 4216 pro
1153 4167 1200 4206 Au·

220 4249 277 4294 lidio
296 4253 396 4296 dixisse.

196 4335 271 4375 Meteri
282 4336 406 4376 01100010.
416 4337 497 4386 i‘regm.
512 4335 544 4374 ed.
553 4333 573 4374 2.
958 4329 997 4390 26
