2992 4844
1174 381 1232 442 311

185 536 241 600 An
276 532 349 597 iuri
380 533 496 596 civili?
528 546 580 598 est
605 545 804 617 paternum.
856 535 925 600 Sed
952 536 1042 601 dicet
1071 550 1124 613 te,
1153 559 1233 601 cum

185 637 289 700 aedes
311 636 494 711 venderes,
520 657 561 699 ne
583 638 618 700 in
648 636 739 700 rutis
761 635 898 721 quidem
920 649 953 702 et
975 640 1085 702 caesis
1107 641 1233 704 solium
1321 667 1325 673 ·

186 739 249 804 tibi
261 751 449 822 paternum
471 739 650 821 recepisse.
696 743 752 804 An
775 739 827 802 rei
850 741 1020 804 militari?
1042 744 1111 824 Qui
1132 765 1231 806 num·

186 864 290 928 quam
322 853 439 904 castra
479 841 625 904 videris!
658 845 713 906 An
747 844 987 927 eloquentiae?
1018 865 1104 928 quae
1138 849 1232 908 nulla

186 945 295 1009 estin
321 956 372 1020 te,
398 956 430 1006 et
453 944 614 1028 quicquid
634 956 686 1007 est
717 945 808 1008 nocis
829 967 870 1006 aa
892 946 1048 1029 linguae,
1073 969 1172 1010 omne
1196 950 1230 1010 in

186 1049 293 1112 istum
323 1047 565 1129 turpissimum
603 1047 796 1110 calumniae
829 1059 1008 1132 quaestum
1041 1051 1230 1114 contulisti.

188 1155 244 1216 Tu
275 1153 384 1213 lucem
416 1150 592 1231 adspicere
621 1150 748 1226 audes,
785 1162 824 1212 tu
851 1153 913 1213 hos
943 1151 1096 1214 intueri?
1126 1163 1165 1215 tu
1186 1153 1229 1215 -in

175 1253 292 1345 foro,
316 1265 356 1315 tu
377 1252 412 1314 in
441 1253 540 1328 urbe,
576 1264 616 1314 tu
647 1252 682 1314 in
714 1252 837 1314 ciuium
864 1273 938 1329 esse
959 1256 1170 1335 conspectu}²
1192 1268 1231 1318 tu

186 1359 282 1420 illam
299 1367 483 1428 mortuam,
509 1367 547 1418 tu
570 1355 740 1438 imagines
762 1355 857 1436 ipsas
879 1375 947 1418 non
968 1359 1233 1437 perhorrescis?

186 1459 309 1544 quibus
325 1479 394 1520 non
410 1458 513 1520 modo
534 1456 712 1520 imitandis
733 1458 794 1520 sed
816 1479 857 1520 ne
872 1459 1079 1522 collocandis
1094 1460 1231 1543 quidem

187 1561 250 1624 tibi
272 1563 380 1622 ullum
401 1563 514 1624 locum
536 1560 718 1644 reliquisti.

251 1662 327 1728 Cic.
344 1685 378 1744 p.
396 1661 593 1727 Cluentiae.
611 1664 664 1725 51.
703 1663 782 1747 Ego
798 1667 836 1728 L.
854 1665 973 1728 Crassi
987 1668 1230 1730 auctoritatem

187 1789 323 1851 sequor,
343 1766 402 1850 qui
422 1787 500 1828 cum
521 1769 582 1830 Cn.
600 1766 778 1830 Plancium
801 1765 1022 1856 defenderet,
1047 1782 1230 1832 accusante

187 1873 243 1934 M.
267 1873 397 1944 Bruto,
421 1868 556 1930 homine
579 1869 615 1930 in
645 1869 788 1931 dicendo
818 1869 1005 1934 vehementi
1035 1883 1068 1934 et
1090 1873 1228 1945 callido,

187 1995 265 2036 cum
286 1975 418 2036 Brutus
439 1973 572 2034 duobus
598 1971 837 2035 recitatoribus
859 1974 1054 2038 constitutis
1077 1997 1124 2037 ex
1146 1975 1231 2036 dua·

188 2078 251 2138 bus
265 2076 338 2138 eius
359 2074 574 2137 orationibus
597 2074 711 2156 capita
734 2078 868 2137 alterna
890 2075 981 2138 inter
1004 2097 1039 2140 se
1055 2079 1233 2139 contraria

189 2177 367 2241 recitanda
388 2188 563 2250 curasset,
598 2178 690 2259 quod
719 2176 755 2238 in
789 2177 1005 2242 dissuasione
1038 2180 1232 2261 rogationis

188 2281 274 2354 eius,
299 2301 386 2363 quae
409 2291 531 2341 contra
557 2278 728 2340 coloniam
750 2273 1013 2343 Narbonensem
1025 2279 1231 2370 ferebatur,

188 2394 356 2467 quantum
375 2392 507 2464 potest,
537 2382 577 2443 de
605 2381 813 2444 auctoritate
842 2395 983 2444 senatus
1006 2383 1175 2454 detrahit;
1198 2385 1232 2444 in

189 2483 351 2548 suasione
372 2485 459 2567 legis
481 2483 646 2547 Seruiliae
675 2484 821 2546 summis
848 2497 950 2550 ornat
979 2497 1137 2546 senatum
1160 2487 1233 2546 lau·
1314 2549 1315 2552 ,

190 2587 309 2662 dibus,
334 2599 367 2650 et
389 2590 497 2650 multa
520 2587 555 2649 in
585 2585 716 2670 equites
738 2607 902 2650 romanos
924 2607 1001 2648 cum
1024 2609 1070 2648 ex
1092 2607 1134 2647 ea
1155 2607 1234 2650 ora-

189 2691 282 2754 tione
310 2690 469 2772 asperius
498 2689 591 2751 dicta
623 2690 820 2762 recitasset,
854 2711 922 2772 quo
954 2688 1063 2750 animi
1095 2689 1235 2752 illorum

190 2793 341 2856 iudicum
364 2793 399 2855 in
423 2796 588 2858 Crassum
618 2793 898 2866 incenderentur,
923 2777 1233 2874 aliquantum'esse

189 2908 380 2960 commotus
410 2896 550 2958 dicitur.
601 2899 722 2979 Itaque
756 2895 791 2957 in
823 2894 1062 2976 respondendo
1082 2895 1235 2976 primum

189 2999 353 3080 exposuit
374 2999 555 3082 utriusque
584 2997 754 3060 rationem
782 2997 965 3078 temporis,
991 3007 1029 3058 ut
1052 2997 1166 3059 oratio
1188 3017 1235 3058 ex

190 3114 275 3187 rect
295 3125 342 3166 ecc
363 3123 469 3166 causa
491 3101 609 3162 babitu
631 3100 814 3175 videretur,
840 3100 961 3162 deinde
984 3111 1022 3161 ut
1043 3099 1235 3183 intelligere

187 3216 303 3287 posset
322 3207 465 3278 Brutus,
490 3225 590 3286 quem
612 3204 784 3266 hominem
806 3214 838 3265 et
861 3224 927 3265 non
950 3201 1061 3266 solum
1084 3223 1152 3286 qua
1167 3206 1236 3265 elo-

190 3306 347 3390 quentia,
373 3307 617 3370 verumetiam
647 3329 715 3392 quo
745 3309 861 3388 lepore
896 3318 928 3369 et
950 3306 1073 3389 quibus
1083 3304 1236 3396 facetiis

188 3410 387 3492 praeditum
420 3409 629 3486 lacessisset,
662 3410 727 3473 tris
755 3411 827 3492 ipse
848 3409 1012 3472 excitavit
1034 3409 1237 3472 recitatores

191 3535 267 3576 cum
297 3512 446 3595 singulis
479 3513 619 3586 libellis,
652 3535 739 3596 quos
771 3515 825 3576 M.
859 3515 989 3575 Brutus
1018 3524 1120 3594 pater
1141 3512 1237 3574 illius

191 3615 406 3678 accusatoris
422 3614 463 3677 de
486 3614 561 3678 iure
583 3615 675 3678 ciuili
696 3615 846 3698 reliquit.
880 3618 1014 3678 Eorum
1036 3615 1137 3676 initia
1158 3636 1235 3675 cum

192 3717 433 3794 recitarentur,
450 3722 551 3782 Forte
573 3720 694 3790 evenit,
720 3728 758 3780 ut
781 3721 858 3779 ruri
877 3716 914 3778 in
937 3716 1132 3778 Priuernati
1147 3706 1248 3778 esse-'

193 3841 291 3893 mus,
325 3841 391 3902 ego
424 3831 458 3882 et
494 3824 624 3884 Brutus
656 3820 774 3898 filius,
798 3817 964 3909 fundum
1001 3818 1236 3881 Priuernatem

180 3921 400 4014 flagitabat:
419 3927 460 3989 In
484 3924 619 3986 Albano
645 3943 783 3985 eramus
817 3942 882 4004 ego
907 3933 941 3982 et
965 3923 1096 3984 Brutus
1110 3917 1237 3993 filius:

191 4025 364 4090 Albanum
372 4025 553 4108 poscebat:
576 4025 611 4086 in
628 4025 766 4088 Tiburti
769 4021 879 4112 forte
895 4044 973 4083 cum
988 4016 1235 4080 assedissemn's

191 4149 256 4210 ego
279 4141 312 4191 et
326 4128 452 4206 filius,
483 4126 658 4189 Tiburtem
669 4123 834 4214 fiendum
856 4121 1067 4205 requirebat:
1091 4121 1238 4180 Brutum

191 4229 496 4303 autem-‚hominem
518 4226 725 4308 sapientem,
751 4228 842 4310 quod
856 4224 929 4302 seli,
943 4219 1131 4303 nequitiam
1148 4218 1238 4281 aide-

192 4343 263 4409 ret,
288 4352 376 4416 quae
397 4328 545 4412 praedia
567 4329 598 4390 ei
627 4328 851 4412 relinqueret,
886 4321 1072 4400 testificari
1094 4321 1240 4386 uoluisse
