2958 4840
255 349 316 414 518

402 507 531 568 cxlix.
569 509 611 568 u.
631 507 761 566 eunius
780 508 934 568 runnu
953 507 1144 580 mmmm.

316 621 417 682 Natus
446 631 494 684 est
521 643 551 684 a.
589 645 621 684 u.
654 623 715 684 871
748 621 850 701 (171).
892 619 1073 701 Capitolini
1102 621 1152 686 Μ.
1176 625 1299 690 Aaron.

255 723 381 787 Philos.
407 745 435 787 e.
470 727 499 785 l.
532 723 655 784 Eclrhel
678 708 793 788 Docti.
819 723 918 784 Num.
942 733 964 791 t.
989 725 1020 784 7.
1044 745 1075 804 p.
1101 723 1153 786 13.
1184 726 1303 806 Adop-

252 836 332 888 tatus
369 828 408 886 ab
442 824 607 888 Antonino
646 825 709 888 Pio
746 845 776 887 a.
811 847 846 886 u.
876 825 937 887 tat
964 825 1069 902 (138).
1115 824 1239 889 Consul
1269 849 1300 889 a.

250 929 311 990 893
340 925 430 1010 (th)
459 939 488 988 et
518 929 581 990 898
610 928 711 1003 (115).
759 925 931 1007 Imperium
961 925 1033 988 inilt
1054 949 1082 992 a.
1110 928 1181 991 911·
1194 930 1300 1009 (tos).

251 1033 406 1094 Mortuus
428 1041 475 1092 est
498 1051 528 1094 a.
554 1051 585 1090 u.
610 1029 672 1092 933
698 1028 800 1106 (188).

313 1133 378 1196 Dio
400 1129 532 1197 Cassius
554 1133 576 1194 l.
602 1134 660 1209 71,
688 1131 742 1194 35.
773 1125 966 1215 Honorino
985 1138 1045 1216 plu
1066 1128 1132 1221 γὰρ
1153 1138 1207 1197 eei
1227 1127 1299 1198 ὑπὸ

248 1237 400 1313 παιδείας
418 1229 674 1326 vinctionibus
697 1240 765 1312 τοῖς
784 1235 971 1322 ῥητορικοῖς
982 1235 1049 1299 ἕνα
1065 1241 1134 1312 τοῖς
1149 1237 1183 1299 ἐκ
1197 1240 1296 1326 φιλο·

247 1339 371 1429 σοφίας
396 1333 508 1422 λόγοις
530 1333 701 1416 ἀσκηθεὶς·
719 1338 784 1401 τῶν
803 1343 863 1420 μὲν
881 1333 945 1424 γὰρ
967 1331 1026 1402 τόν
1045 1359 1080 1401 rt
1108 1333 1291 1421 Φρόντωνα

245 1437 302 1507 τὸν
329 1435 515 1530 Κορνήλιον
543 1445 598 1504 καὶ
623 1435 682 1504 τὸν
704 1432 855 1526 Ἡρώδην
883 1435 942 1503 τὸν
974 1433 1145 1504 Κλαύδιον
1175 1441 1295 1505 διδασ-

246 1536 368 1620 κάλους
389 1535 479 1629 εἶχεν.

307 1645 512 1709 Herodianus
535 1644 662 1708 Histoe.
686 1643 709 1708 l.
735 1646 764 1705 1.
790 1643 820 1707 i.
866 1643 911 1734 τῷ
926 1640 1137 1728 βασιλεύοννι
1159 1639 1315 1736 Μάρκῳ-

251 1743 369 1835 ἆρετῆς
405 1755 465 1832 μὲν
499 1744 608 1825 πάσης
637 1747 755 1831 ἔμολεν
794 1740 898 1829 λόγων
935 1767 969 1811 te
1002 1741 1222 1832 ἀρχαιότητος
1253 1735 1293 1826 ἦν

244 1847 400 1938 ἐραστὴς,
430 1843 473 1924 ὡς
493 1844 632 1932 μηδενὸς
652 1842 733 1932 μήτε
752 1840 1003 1931 Ἡιιμαίωνμήτε
1025 1843 1187 1928 Ἑλλήνων
1207 1845 1291 1914 ἀντο-

243 1954 430 2018 trimetros·
453 1953 552 2030 δηλοῖ
572 1953 606 2014 δὲ
629 1940 694 2014 ὅσα
713 1953 769 2012 καὶ
786 1945 832 2024 οἷς
851 1943 939 2031 ἡμᾶς
957 1936 1064 2030 ἦλθεν
1083 1947 1105 2029 ἤ
1126 1954 1291 2037 λεχθέντα

243 2051 326 2143 πρὸς
349 2050 453 2119 αὐτοῦ
473 2049 492 2133 ἢ
513 2057 695 2141 γραφέντα.

310 2156 421 2219 Aurel.
445 2156 563 2219 Victor
586 2158 624 2216 de
648 2151 839 2217 Caesaribus
861 2176 892 2215 e.
918 2154 969 2217 15.
1015 2159 1069 2220 M.
1087 2158 1288 2231 Boionium,

241 2257 302 2351 qui
322 2257 487 2322 Aurelius
509 2257 707 2320 Antoninus
726 2255 890 2329 liobetim,
919 2258 1037 2320 eodem
1059 2257 1188 2341 oppido
1206 2261 1289 2341 pori

244 2357 443 2436 nobilitate,¹
462 2359 728 2442 philosophandi
752 2378 838 2422 uero
862 2361 1139 2444 eloquentiaeque
1162 2358 1289 2424 studiis

239 2467 341 2546 longe
359 2473 592 2545 praestantem
619 2461 655 2522 in
667 2460 857 2551 suntiliam
886 2471 987 2544 utque
1013 2461 1196 2542 imperium
1224 2464 1287 2525 nri-

242 2564 339 2629 soiuit
361 2563 558 2628 Antoninus
580 2563 674 2632 Pius.

301 2669 426 2731 Fronto
449 2669 489 2728 ad
513 2668 565 2728 M.
591 2665 761 2730 Caesarem
786 2665 806 2728 l.
833 2667 864 2727 3.
892 2670 921 2726 1.
946 2665 1041 2729 Idem
1063 2678 1125 2742 tu,
1147 2689 1223 2728 oum
1247 2668 1284 2728 in

239 2781 362 2837 senatu
391 2773 442 2833 vel
469 2767 504 2832 in
527 2768 684 2831 contione
703 2769 825 2856 populi
853 2765 1034 2832 ilis-endum
1052 2769 1154 2855 suit,
1188 2773 1285 2832 nullo

238 2873 340 2940 ueitbo
365 2871 551 2939 remotiore
573 2890 658 2937 uano
686 2890 741 2949 es,
773 2873 867 2934 nulla
884 2869 1015 2954 figura
1046 2873 1192 2937 obsceno
1220 2885 1284 2934 out

238 2973 418 3048 insolenti,
451 2985 488 3035 ut
521 2972 581 3056 qut
614 2972 704 3037 sitae
733 2974 962 3055 eloquentiam
992 2976 1151 3042 Caesonis
1181 2975 1283 3039 tuboe

242 3074 388 3139 similem
410 3097 483 3138 esse
505 3075 641 3149 debere,
663 3095 731 3142 non
754 3075 936 3150 tibiarum,
960 3076 996 3136 in
1018 3078 1139 3159 quibus
1152 3089 1202 3139 est
1219 3078 1282 3138 mi-

236 3195 303 3248 78178
324 3177 414 3243 viimi·

298 3278 433 3343 Marcus
453 3277 641 3344 Antoninus
670 3278 831 3346 orationes
864 3300 934 3344 suns
963 3281 1124 3346 Frontoni
1153 3281 1278 3350 mittere

234 3379 373 3454 solebat,
405 3390 439 3440 ut
467 3389 618 3456 mutaret,
653 3379 852 3462 corrigeret,
886 3380 1060 3460 iudicaret,
1096 3405 1176 3470 quae
1198 3405 1277 3470 pro-

234 3483 334 3558 banda
355 3480 608 3564 improbandam
631 3493 745 3548 essent.
781 3482 882 3550 Cous.
907 3485 1031 3552 Fronto
1055 3489 1092 3548 ad
1117 3488 1169 3548 Μ.
1193 3485 1278 3548 Cae-

233 3607 334 3648 sarem
375 3607 409 3667 p.
443 3585 496 3647 53.
529 3585 582 3649 82.
615 3585 665 3655 83.
700 3585 751 3651 99.
785 3590 857 3646 117.
891 3588 962 3649 111.
995 3588 1066 3658 115,
1096 3592 1168 3649 177.
1201 3590 1276 3652 181.

233 3688 306 3750 715.
332 3688 404 3756 718.

296 3790 396 3852 Extat
425 3789 518 3859 etiarn
541 3788 623 3854 liber
647 3790 828 3855 Frontonis
858 3790 899 3855 do
921 3792 1136 3857 orationibus
1159 3795 1197 3854 ad
1221 3796 1273 3855 M.

229 3890 426 3966 Antoninum
457 3894 648 3976 Augustum.
689 3890 788 3953 Conl.
821 3891 967 3980 Niebuhr
996 3917 1029 3983 p.
1063 3897 1137 3957 113.
1167 3894 1275 3960 Maius

228 4016 262 4076 p.
288 3995 466 4058 too-251
495 3997 546 4055 ed.
572 3993 667 4058 Rom.

397 4123 423 4180 1.
464 4122 627 4183 Gratiarum
650 4123 724 4177 aetio
743 4124 780 4178 ad
802 4125 981 4189 Antoninum
1001 4125 1092 4187 rium.
1146 4091 1149 4100 λ

250 4283 254 4290 .
290 4237 416 4298 Fronto
442 4237 481 4296 ad
504 4235 556 4296 M.
590 4233 763 4298 Gaesarem
791 4237 813 4300 1.
839 4237 870 4300 3.
895 4259 946 4318 ep.
976 4239 1008 4300 8.
1038 4243 1150 4320 pto.
1194 4244 1270 4306 Hau

227 4332 377 4413 imagine
400 4336 610 4396 multimodis
632 4337 684 4400 uti
708 4350 825 4418 protos.
855 4339 913 4402 ubi
928 4341 1028 4418 'patri
1044 4353 1110 4404 tuo
1132 4344 1269 4424 gratias
