2984 4842
1163 359 1223 422 tat

176 510 306 576 oratio.
334 509 435 574 Nihil
455 521 527 572 tam
549 521 704 572 tenerum
726 529 829 594 quam
849 511 944 576 illius
966 515 1222 596 comprehensio

173 614 374 686 verborum,
416 611 504 674 nihil
534 623 607 674 tam
634 613 819 703 flexibile,
864 614 951 677 nihil
982 616 1075 698 quod
1107 618 1221 700 magis

172 715 285 798 ipsius
307 713 465 777 arbitrio
477 713 700 796 fingeretur,
731 728 770 778 ut
791 717 919 780 nullius
941 719 1093 782 oratoris
1114 740 1220 803 aeque

173 818 209 880 in
228 828 401 898 potestate
413 815 557 905 fuerit;
584 839 672 900 quae
698 818 852 899 primum
877 819 929 882 ita
948 841 1041 902 pura
1061 833 1157 895 erat,
1182 832 1221 884 ut

173 920 261 981 nihil
286 918 470 1002 liquidius,
507 920 557 981 ita
585 920 689 982 libere
720 919 875 998 fluebat,
907 933 945 984 ut
967 941 1137 1004 nusquam
1157 922 1219 984 ad-

173 1024 404 1094 haeresceret,
436 1023 568 1084 nullum
601 1021 668 1084 nisi
692 1024 770 1084 loco
796 1022 952 1102 positum
979 1035 1013 1086 et
1043 1035 1220 1107 tamquam

173 1124 208 1186 in
228 1124 454 1185 sermimtoto
476 1125 689 1198 emblemate,
719 1135 758 1186 ut
778 1125 830 1186 ait
852 1125 1025 1198 Lucilius,
1048 1138 1219 1188 structum

173 1226 313 1287 verbum
342 1225 490 1299 videres3
518 1245 578 1288 nec
607 1247 686 1288 vero
715 1228 821 1288 ullum
850 1240 911 1290 aut
934 1229 1061 1290 durum
1082 1240 1143 1290 aut
1165 1228 1218 1290 in·

174 1329 288 1391 solens
303 1339 364 1388 aut
381 1327 509 1388 humile
531 1340 592 1390 aut
614 1328 753 1410 longius
776 1328 916 1392 ductum
937 1351 978 1393 ac
992 1351 1061 1393 non
1073 1331 1221 1413 propria

175 1429 278 1490 verba
301 1451 434 1505 rerum,
467 1430 529 1516 sed
547 1433 710 1512 pleraque
739 1435 927 1507 translata,
954 1433 1002 1495 sic
1024 1444 1156 1508 tamen,
1181 1445 1221 1496 ut

174 1551 216 1591 ea
237 1550 306 1591 non
339 1531 484 1594 irruisse
513 1531 548 1593 in
578 1533 728 1594 alienum
756 1537 888 1609 locum,
919 1536 978 1596 sed
998 1535 1219 1617 immigrasse

175 1631 210 1694 in
231 1654 334 1694 snum
356 1634 486 1696 diceres
494 1657 506 1706 ,·
535 1655 594 1695 nec
623 1656 702 1697 vero
724 1638 806 1697 haec
828 1639 943 1698 soluta
964 1657 1023 1698 nec
1046 1635 1220 1728 diffluen-

174 1735 242 1809 tia,
279 1736 340 1797 sed
369 1736 516 1798 astricta
550 1738 720 1811 numeris,
757 1758 826 1800 non
858 1751 976 1819 aperte
1010 1759 1069 1800 nec
1102 1739 1220 1801 eodem

79 1904 81 1910 ,
175 1838 277 1900 modo
298 1861 452 1920 semper,
477 1839 538 1901 sed
566 1840 659 1901 varie
689 1840 1013 1923 dissimulanterque
1034 1840 1217 1904 conclusis.

174 1944 287 2004 Erant
303 1953 419 2002 autem
434 1954 467 2003 et
482 1943 662 2004 verborum
684 1955 717 2004 et
739 1943 988 2005 sententiarum
1003 1942 1064 2003 illa
1078 1943 1219 2017 lumina,

175 2063 261 2126 quae
284 2056 405 2106 vocant
432 2044 550 2125 graeci
573 2040 744 2130 σχήματα,
771 2045 891 2126 quibus
913 2057 1090 2126 tamquam
1111 2043 1221 2124 insig-

175 2146 274 2207 nibus
303 2146 339 2206 in
369 2158 495 2208 ornatu
528 2147 805 2228 distinguebatur
834 2146 947 2207 omnis
971 2145 1097 2207 oratio.
1142 2149 1221 2226 Qua

175 2247 216 2310 de
239 2270 275 2308 re
297 2247 418 2328 agitur
439 2260 555 2310 autem
577 2249 678 2323 illud,
704 2249 796 2331 quod
818 2248 935 2308 muisis
958 2247 1041 2308 locis
1064 2246 1099 2308 in
1113 2246 1219 2308 iuris-

175 2350 410 2412 consultorum
426 2349 613 2410 includitur
623 2347 815 2438 formulis,
839 2349 876 2409 id
898 2348 955 2410 ubi
970 2360 1057 2409 esset
1073 2347 1219 2408 videbat.

176 2473 207 2512 a.
241 2452 294 2512 80.
330 2451 519 2514 Accedebat
559 2453 646 2513 ordo
684 2472 801 2512 rerum
831 2446 953 2531 plenus
986 2449 1094 2523 artis,
1129 2448 1221 2511 actio

175 2552 343 2626 liberalis,
362 2564 537 2636 totumque
560 2552 694 2615 dicendi
714 2553 887 2634 placidum
910 2566 942 2616 et
958 2573 1081 2614 sanum
1096 2569 1219 2632 genus.

176 2655 277 2736 Quod
292 2655 323 2716 si
344 2669 395 2718 est
417 2656 586 2736 optimum
608 2655 761 2716 suaviter
783 2655 910 2730 dicere,
937 2655 1022 2716 nihil
1042 2666 1105 2727 est,
1129 2651 1222 2735 quod

177 2757 298 2818 melius
330 2760 394 2820 hoc
424 2758 659 2839 quaerendum
694 2770 807 2839 putes.
858 2757 925 2821 Sed
954 2777 1031 2818 cum
1064 2777 1086 2816 a
1124 2753 1247 2818 nobis,

173 2862 280 2940 paulo
302 2872 381 2921 ante
404 2860 533 2920 dictum
555 2860 616 2931 sit,
646 2859 717 2922 tria
743 2860 852 2922 videri
875 2881 964 2933 esse,
989 2879 1076 2940 quae
1099 2868 1221 2919 orator

176 2959 325 3048 efficere
348 2962 500 3034 deberet,
527 2973 565 3022 nt
587 2963 739 3036 doceret,
765 2975 803 3024 ut
825 2962 1024 3034 delectaret,
1050 2970 1088 3024 ut
1111 2979 1222 3020 moue·

177 3076 246 3138 ret,
272 3064 341 3124 duo
362 3085 494 3124 summe
520 3064 647 3138 tenuit,
680 3075 719 3124 ut
744 3075 778 3125 et
806 3084 878 3124 rem
900 3062 1090 3126 illustraret
1112 3060 1221 3122 disse·

177 3167 284 3229 rendo
299 3179 331 3229 et
347 3167 482 3228 animos
505 3187 625 3228 eorum
647 3168 705 3249 qui
726 3165 887 3227 audirent
904 3163 1087 3226 devinciret
1102 3164 1221 3243 volup·

99 3306 100 3309 =
176 3279 259 3330 tate.
304 3271 433 3332 Aberat
456 3267 561 3330 tertia
582 3269 643 3331 illa
669 3271 765 3343 laus,
796 3287 865 3350 qua
883 3276 1098 3350 permoveret
1119 3276 1221 3346 atque

177 3370 337 3433 incitaret
367 3372 521 3444 animos,
554 3393 657 3455 quam
682 3371 873 3453 plurimum
900 3373 1030 3450 pollere
1053 3365 1221 3438 diximus,
1263 3358 1268 3366 ’

177 3492 237 3532 nec
259 3485 335 3534 erat
358 3477 429 3534 ulla
451 3475 501 3534 vis
523 3486 624 3556 atque
646 3473 836 3547 contentia,
861 3472 930 3535 sive
952 3464 1224 3556 constituendi

178 3594 252 3646 eos,
286 3595 433 3654 quorum
456 3575 562 3636 altior
590 3575 705 3636 oratio
732 3575 890 3656 actioque
919 3556 1008 3635 esset
1029 3568 1222 3640 ardentior,

167 3669 302 3758 furere
330 3685 364 3734 et
392 3675 551 3735 bacchari
583 3675 835 3750 arbitraretur,
871 3675 941 3736 sive
972 3671 1066 3754 quod
1095 3680 1225 3730 natura

179 3791 248 3834 non
270 3785 359 3834 esset
386 3775 437 3837 ita
447 3773 597 3862 factus,
621 3776 690 3838 sive
713 3776 806 3859 quod
827 3796 895 3839 non
917 3783 1128 3844 consuesset,
1154 3769 1224 3830 sios

179 3873 272 3957 quod
294 3892 361 3934 non
391 3887 519 3954 posset.
565 3879 639 3938 Hoc
661 3899 768 3938 unum
799 3878 868 3949 illi,
903 3877 934 3938 si
956 3873 1042 3934 nihil
1062 3867 1224 3932 utilitatis

179 3975 343 4046 habebat,
366 3975 484 4065 afuit,·
506 3976 538 4038 si
560 3998 646 4056 opus
669 3990 763 4050 erat,
786 3975 917 4065 defuit.

242 4075 390 4140 Velleius
423 4079 460 4152 2,
494 4076 547 4138 36.
591 4081 667 4140 Iam
688 4099 773 4158 pene
804 4090 1095 4158 supervacaneum
1115 4068 1227 4132 videri

178 4191 301 4260 potest,
319 4178 542 4243 eminentium
564 4177 784 4258 ingeniorum
806 4189 926 4240 notare
942 4185 1112 4252 tempora.
1140 4169 1228 4252 Quis

180 4282 271 4344 enim
305 4279 466 4362 ignorat,
503 4277 669 4340 diremtos
701 4277 870 4358 gradibus
902 4270 1027 4336 aetatis
1049 4273 1227 4365 floruisse
