2992 4840
297 386 358 446 178

332 547 460 593 Nouianae
482 545 667 603 Atellaniolae]
698 547 732 588 sie
758 546 864 588 correxit
887 544 966 587 Maius
990 547 1058 600 etque
1083 543 1235 592 Duebncrus.
1262 547 1341 602 Vulgo

365 637 451 696 legitur
477 631 606 680 Nouianae
634 639 657 678 rt
681 631 857 679 Atellaniolae.

362 734 485 798 Gellius
513 735 543 808 2,
565 734 617 796 20.
655 733 771 814 Scipio
794 732 947 794 omnium
969 731 1095 794 aetatis
1115 752 1199 796 snae
1222 732 1339 814 puris·

294 840 379 902 sime
401 841 535 900 loeutus
560 849 623 900 est.

493 1033 520 1088 1.
552 1031 670 1101 Oratio,
697 1035 848 1102 postquam
871 1045 909 1086 ex
931 1029 1028 1084 Africa
1047 1029 1141 1084 rediit.

359 1142 456 1208 Dicta
480 1155 528 1207 est
552 1163 582 1206 6.
604 1143 665 1204 608
686 1143 787 1220 (116).

356 1249 398 1311 Ρ.
426 1245 538 1328 Scipio
572 1245 698 1308 tertium
727 1244 843 1306 bellurn
872 1243 1027 1306 Punicum
1064 1243 1220 1318 confecit,
1257 1243 1339 1308 Car·

293 1349 454 1432 thagiuetn
486 1347 584 1411 diruit
615 1358 710 1432 atque
739 1345 887 1411 Africam
920 1345 952 1408 in
982 1345 1169 1427 provinciae
1201 1346 1338 1423 sormunt

293 1450 429 1534 redegit.
476 1451 652 1534 Postquam
677 1471 718 1511 ex
743 1447 858 1512 Africo
882 1447 996 1522 rediit,
1020 1448 1199 1512 orationem
1227 1452 1264 1512 (16
1288 1471 1339 1511 66-

294 1555 354 1616 bus
379 1551 443 1616 suis
471 1551 569 1634 gestis
594 1550 703 1614 hebuit
728 1563 759 1613 et
787 1549 1074 1632 splendidissimum
1101 1552 1139 1612 de
1166 1551 1285 1614 Poenis
1310 1563 1339 1613 et

297 1653 478 1717 Asdrubale
498 1651 693 1733 triumphum
714 1652 781 1736 egit
804 1675 833 1716 6.
854 1653 915 1714 608
931 1655 1032 1730 (tto).
1065 1652 1165 1717 Cani.
1186 1652 1338 1736 Sigonius

293 1756 326 1818 in
353 1755 438 1818 libro
466 1757 504 1816 de
531 1754 597 1818 vita
619 1764 650 1816 et
676 1757 772 1818 rebus
798 1755 895 1838 gestis
920 1756 961 1820 P.
981 1754 1143 1838 Scipionis
1167 1755 1338 1818 Aemiliani

294 1880 328 1940 p.
348 1859 410 1922 632
429 1857 507 1922 edit.
532 1860 691 1920 Arntzen.

359 1961 473 2024 Festus
500 1983 534 2042 p.
563 1959 636 2024 258.
690 1963 869 2042 Quatenus
902 1960 1062 2042 significat
1100 1961 1270 2045 qualine,
1305 1972 1338 2022 ut

295 2067 446 2128 hactenus
468 2065 529 2125 hac
553 2063 629 2125 fine.
686 2065 730 2124 At
753 2064 917 2146 quatinus
940 2062 1109 2148 quoniam3
1140 2065 1194 2125 sed
1217 2061 1338 2146 antiqui

295 2177 450 2250 quatenos
475 2165 645 2241 dicebant,
675 2176 713 2226 ut
736 2165 852 2246 Scipio
875 2163 1072 2251 Africanus
1102 2166 1137 2226 in
1163 2186 1204 2227 ea
1229 2164 1337 2226 orati·

295 2290 382 2343 one,
422 2289 526 2350 quam
558 2267 721 2349 scripsit,
757 2280 943 2350 postquam
977 2291 1024 2329 ex
1054 2265 1184 2353 Africa
1215 2267 1338 2328 rediit:

296 2371 355 2434 Uti
382 2369 562 2453 negotium
590 2381 710 2431 natum
739 2381 834 2444 erat,
865 2383 1033 2452 quatenos
1066 2381 1183 2432 castra
1217 2379 1338 2430 nostra

293 2473 345 2539 ito
371 2473 505 2536 munita
530 2483 655 2547 erant,
687 2484 726 2535 ut
754 2493 875 2554 posses
910 2484 1047 2554 partem
1078 2471 1253 2534 exercitus
1282 2471 1340 2532 ab·

294 2576 429 2639 ducere.

330 2681 427 2742 natutn]
446 2684 524 2728 Pleut.
541 2685 681 2730 Truculent.
698 2683 721 2738 5,
746 2681 787 2728 70.
818 2682 883 2742 Fiat,
906 2690 932 2727 ut
954 2697 1007 2726 rem
1030 2689 1115 2727 notum
1129 2683 1214 2736 uideo,
1233 2680 1338 2725 166666-

367 2770 509 2826 cipiendum
529 2777 579 2826 etl,
601 2771 666 2832 qnod
680 2771 764 2818 datur.

413 2963 444 3020 2.
473 2962 572 3021 Oratio
596 2981 648 3036 pro
669 2968 788 3035 rostris,
810 2983 873 3022 cum
894 2980 997 3021 ecusor
1017 2966 1130 3018 6666166
1151 2967 1222 3018 6661.

358 3095 403 3156 A.
425 3095 486 3156 612
509 3097 600 3174 (112)
624 3095 718 3159 dicta.

359 3196 400 3258 P.
429 3195 540 3278 Scipio
569 3199 743 3261 Africanus
770 3211 801 3261 61
826 3201 868 3260 L.
895 3198 1088 3272 Mummius,
1119 3219 1178 3260 nec
1205 3196 1337 3280 ingenio

294 3319 353 3362 neo
380 3297 521 3362 moribus
543 3301 782 3376 convenientes,
808 3321 876 3362 curn
908 3321 924 3360 a
949 3299 1072 3380 populo
1096 3319 1243 3362 censores
1266 3320 1337 3359 cre·

295 3399 338 3462 ati
361 3411 483 3478 essent,
509 3401 621 3482 Scipio
647 3404 824 3465 orationem
848 3401 1047 3483 prorostris
1070 3399 1198 3475 habuit,
1223 3399 1254 3460 in
1276 3421 1337 3482 qun

295 3501 433 3583 ingenue
459 3502 624 3583 professus
647 3516 711 3579 est,
735 3527 796 3588 qua
820 3504 943 3568 ratione
967 3525 1094 3566 munera
1115 3500 1260 3564 66666616
1285 3504 1339 3560 ad-

296 3603 529 3666 ministraturus
562 3617 660 3682 esset,
692 3621 723 3669 et
747 3607 840 3670 simul
862 3607 1049 3669 Mummium
1078 3605 1235 3686 collegam
1263 3624 1338 3683 pcr-

295 3701 441 3780 strinxit,
467 3705 617 3791 dictoque
639 3709 775 3786 notavit,

359 3807 510 3870 Valerius
536 3810 631 3872 Max.
657 3811 690 3884 6,
715 3815 750 3885 lt,
775 3813 806 3874 2.
855 3813 975 3876 Nihilo
1001 3809 1143 3892 segnior
1166 3805 1338 3888 Scipionis

296 3908 483 3972 Aemiliani
497 3922 559 3970 aut
575 3911 611 3971 in
633 3913 732 3976 curia
752 3925 814 3976 atet
840 3914 876 3976 in
901 3913 1063 3976 concione
1086 3909 1253 3993 gravitas,
1280 3905 1339 3988 qui

295 4031 374 4072 eum
402 4011 541 4074 liaberet
565 4027 760 4078 consortem
780 4037 946 4080 censurae
961 4014 1192 4086 Mummium,
1217 4021 1256 4071 ut
1275 4028 1337 4068 no-

296 4111 397 4174 bilem
422 4112 474 4175 ita
492 4115 626 4178 enervis
650 4118 752 4193 vitae,
773 4141 841 4200 pro
864 4119 992 4182 rostris
1010 4115 1119 4190 dixit,
1144 4135 1180 4176 se
1203 4133 1249 4174 ex
1265 4129 1337 4170 ma·

296 4211 419 4276 iestate
442 4215 527 4297 reip.
548 4218 666 4280 omnia
688 4233 886 4301 gesturum,
911 4221 943 4282 si
964 4219 1030 4284 sibi
1050 4217 1139 4280 eines
1158 4216 1209 4276 uel
1224 4210 1337 4274 dedis·

297 4325 371 4375 sent
394 4317 563 4397 collegam
581 4322 635 4381 vel
654 4341 723 4384 non
750 4323 934 4386 dedissent.
