2966 4842
1151 383 1212 445 533

229 540 280 600 Μ.
306 541 425 602 Seneca
448 539 559 602 rhetor
582 537 725 602 Passieni
748 537 847 619 patris
870 550 1006 614 tantum,
1039 557 1101 602 non
1134 539 1211 615 lilii,

167 639 319 718 meminit,
344 662 402 705 nec
423 639 521 704 filium
544 652 621 714 tum,
646 639 799 703 numiam
823 639 1003 724 eloquentia
1032 640 1099 704 eius
1127 641 1211 704 cele·

165 744 330 821 brabatnr,
342 743 469 807 novisse
478 753 605 825 poterat
618 765 625 805 ι
638 742 807 806 Passienus
823 741 995 805 enimfilius
1010 754 1074 804 tum
1088 745 1211 807 deinum
1224 775 1229 792 =

166 843 307 908 oratoris
329 867 442 908 nomen
466 845 590 920 meruit,
613 867 683 907 eum
693 847 745 913 M.
759 845 881 909 Seneca
902 843 1019 907 librum
1042 865 1131 906 suum
1149 845 1209 908 iam

166 931 368 1023 confecisset,
391 959 535 1011 nectam
560 947 612 1010 diu
635 947 766 1012 omnino
791 946 873 1009 vixit
894 947 1035 1021 Seneca,
1066 956 1099 1006 ut
1127 945 1211 1010 illius

163 1062 375 1131 cognosceret
405 1048 598 1112 facundiam.
655 1048 760 1112 Aliter
791 1048 884 1112 sentit
908 1047 1127 1130 Spaldingius,
1158 1048 1212 1132 qui

163 1152 202 1211 ad
226 1150 359 1231 Quintil.
385 1151 416 1224 6,
444 1155 471 1224 1,
496 1151 537 1214 50
559 1149 646 1226 dicit,
669 1150 795 1215 nonnisi
806 1150 991 1214 Passienum
1008 1149 1107 1214 filium
1123 1171 1138 1212 a
1154 1150 1211 1212 Se·

103 1327 108 1337 ,
164 1272 240 1313 neca
264 1261 355 1332 patre
379 1250 513 1313 laudari.
549 1251 778 1332 Quintilianum
805 1275 884 1316 vero
901 1275 1068 1338 numquam
1085 1251 1211 1316 Passie-

164 1374 235 1414 num
258 1363 381 1433 patrem
405 1373 657 1416 commemorare
680 1354 839 1429 arbitror,
876 1359 931 1417 sed
965 1354 1064 1416 filium
1096 1355 1135 1416 ab
1171 1375 1210 1418 eo

163 1454 320 1516 laudatum
344 1454 503 1517 existimo.
538 1454 688 1519 Ceterum
720 1454 901 1519 orationum
933 1455 1077 1518 Passieni
1112 1455 1212 1536 patris

163 1555 280 1618 nullum
304 1567 391 1619 extat
415 1558 517 1619 adhuc
540 1556 724 1638 vestigium,
749 1556 889 1620 actiones
913 1568 1014 1620 autem
1037 1556 1212 1638 filiiQnin·

162 1657 290 1721 tilianae
313 1658 401 1742 legit,
426 1671 458 1722 et
478 1658 531 1722 illa
555 1670 656 1723 aetate
679 1662 883 1722 vehementer
905 1660 1125 1722 laudabantur.

421 1826 522 1885 CXIV.
561 1827 707 1882 Passienus
728 1825 847 1898 Crispus,
868 1829 953 1898 filius.

225 1973 420 2038 Nominatus·
447 1995 464 2035 a
487 1972 680 2057 Spaldingio
711 1977 750 2036 ad
773 1974 908 2055 Quintil.
940 1977 977 2048 6,
1005 1979 1040 2052 1,
1070 1977 1120 2046 50.
1172 1979 1210 2041 C.

167 2077 289 2144 Vibius
311 2077 454 2158 Crispus
477 2076 662 2139 Passienus
683 2076 792 2139 nescio
816 2077 971 2160 quoiure.
991 2077 1040 2141 De
1056 2076 1211 2142 Passieno

165 2191 256 2260 patre
279 2189 368 2240 antea
392 2178 492 2242 locuti
514 2200 631 2246 sumus.
676 2177 846 2240 Passienus
868 2177 953 2240 filius
977 2178 1060 2240 diem
1083 2178 1165 2241 obiit
1180 2201 1210 2242 a.

166 2281 224 2344 791
249 2278 302 2362 (39
319 2302 353 2361 p.
371 2278 427 2358 C.)
442 2279 589 2362 Caligula
612 2279 797 2361 imperante,
821 2291 854 2342 ut
876 2279 977 2343 refert
994 2280 1212 2360 Hieronymus

165 2387 203 2446 ad
229 2381 363 2446 Eusebii
391 2382 518 2445 Chron.
551 2384 684 2462 Olymp.
714 2383 787 2444 204.
827 2381 993 2466 Caligulae
1017 2383 1049 2446 2.
1089 2383 1213 2446 Christi

162 2487 261 2550 39:
278 2487 335 2549 791
361 2507 393 2548 n.
417 2507 447 2546 c.
470 2484 655 2548 Passienus
675 2483 784 2560 filius
804 2483 947 2575 frande
969 2486 1105 2547 heredis
1126 2507 1210 2549 suae

161 2599 304 2651 necatur·
326 2586 363 2666 (i.
387 2609 417 2650 e.
448 2585 561 2650 fraude
585 2584 787 2670 Agrippinae
817 2586 946 2661 uxoris,
977 2600 1010 2649 ut
1032 2587 1210 2652 Scholiasta

162 2689 321 2754 Iuvenalis
345 2692 383 2751 ad
397 2691 464 2751 Sat.
490 2689 582 2754 181.
607 2692 713 2773 (quem
736 2687 842 2754 locum
867 2710 943 2753 mox
959 2691 1137 2770 afferemus)
1155 2694 1209 2754 de·

164 2795 343 2871 monstrat).
374 2793 438 2854 Sed
460 2811 569 2854 errare
590 2790 839 2871 Hieronymum,
863 2805 893 2855 et
916 2793 1030 2856 Schott
1049 2794 1098 2856 De
1117 2793 1211 2857 claris

161 2913 213 2976 ap.
236 2895 312 2956 Sen.
335 2893 519 2957 rhetoribus
543 2905 575 2956 et
597 2894 753 2976 Spalding
775 2898 814 2957 ad
829 2894 966 2976 Quintil.
992 2895 1022 2969 6,
1046 2897 1074 2970 1,
1090 2896 1143 2958 50.
1163 2895 1211 2957 iu-

164 2995 259 3071 dicat,
283 2995 338 3081 qui
360 2995 490 3072 scribit,
515 2995 699 3060 Passienum
723 3010 881 3059 mortuum
911 3000 968 3059 sub
992 2995 1129 3060 Claudio
1152 2997 1212 3057 im·

163 3111 327 3181 peratore,
352 3098 483 3184 eiusque
506 3097 553 3160 rei
577 3110 686 3160 testem
711 3121 779 3160 esse
797 3098 981 3161 Suetonium
997 3099 1212 3167 inNe'roneh.

166 3205 297 3266 Verum
318 3201 464 3265 Claudio
494 3201 676 3283 imperium
706 3202 850 3284 adepto,
876 3203 973 3265 Nero
1003 3220 1071 3264 non
1101 3201 1212 3262 solum

158 3316 324 3386 paternas
345 3325 427 3386 opes
450 3304 675 3387 recuperauit,
701 3303 763 3366 sed
787 3315 820 3367 et
841 3303 956 3386 Crispi
972 3302 1139 3376 Passieni,
1165 3303 1212 3364 ni-

161 3406 240 3469 triei
262 3407 329 3482 sui,
353 3406 541 3469 hereditate
564 3407 693 3469 ditatus
716 3417 777 3471 est.
824 3405 972 3488 Apparet
995 3404 1075 3469 euim
1093 3406 1211 3468 exhoc

163 3508 250 3585 loco,
275 3507 460 3572 Passienum
484 3510 587 3571 adhuc
610 3507 747 3583 vixisse,
773 3529 843 3570 cum
868 3505 1021 3570 Claudius
1043 3506 1209 3587 imperium

161 3609 256 3672 iniret
272 3631 300 3671 a.
320 3611 380 3672 794
403 3611 483 3688 (11).
521 3612 629 3690 Atque
645 3620 733 3669 extat
756 3608 847 3670 etiam
865 3609 1003 3668 Senecae
1026 3606 1210 3687 philosophi

161 3711 269 3783 loeus,
294 3730 334 3771 ex
357 3729 422 3794 quo
444 3718 547 3788 patet,
571 3707 754 3770 Passienum
785 3726 848 3768 non
879 3718 949 3768 ante
972 3704 1099 3769 Claudii
1121 3707 1209 3790 prin-

163 3809 301 3891 cipatum
324 3829 341 3871 e
365 3808 428 3870 vita
451 3807 643 3870 decessisse:
669 3807 719 3871 De
742 3805 913 3870 Beneficiis
938 3810 965 3883 1,
990 3809 1043 3872 15.
1067 3810 1210 3891 Crispas

164 3911 351 3977 Passienus
384 3910 514 3972 solebat
553 3911 683 3987 dicere,
722 3911 939 3994 quorundam
976 3931 1012 3973 se
1046 3909 1209 3970 indicium

167 4013 268 4076 malle
290 4033 393 4096 quam
415 4009 630 4088 beneficium,
655 4013 873 4095 quorundam
894 4010 1099 4088 beneficiam
1111 4013 1211 4074 malle

166 4137 270 4200 φιαιη
292 4113 469 4192 iudicium,
495 4126 527 4177 et
549 4113 747 4179 subiiciebant
769 4116 939 4196 exempla.
957 4114 1070 4187 Maia,
1087 4111 1209 4200 inquit,

165 4218 248 4283 Divi
283 4217 438 4302 Augusti
481 4215 667 4291 iudicium,
713 4221 824 4282 malo
868 4214 1044 4280 Glarsdii
1086 4216 1209 4278 bene-

151 4319 331 4410 sirium.
