2970 4836
1171 381 1212 444 53

161 546 236 596 tum
258 545 327 608 est,
356 535 495 598 aaronis
514 534 702 599 donaverat
728 537 877 612 milites,
904 536 986 622 quio
1008 541 1134 601 uallum
1153 563 1211 603 eu·

161 649 337 710 roborant,
363 649 425 701 ortt
448 638 530 720 quio
548 649 693 722 puteum
716 652 854 702 strenue
875 638 1059 725 foderant.

195 799 299 858 corona]
340 801 433 846 Gellius
455 803 478 846 in
502 806 588 848 eodem
613 805 666 847 loro
689 805 768 847 oinnia
791 817 879 862 genere
903 818 1048 848 coronarum
1070 807 1211 850 militer-ium

231 890 355 934 describit.
394 889 466 933 Coei.
489 891 598 935 Kreuzer
619 892 690 935 litim.
714 892 829 948 Antiquit,
852 890 876 949 §.
892 890 963 946 2⁶1„
984 894 1023 950 qui
1049 907 1152 938 coronas
1171 907 1213 938 au·

230 991 285 1021 reas
304 979 421 1022 militibus
445 993 491 1022 uuu
515 993 573 1024 raro
593 981 692 1024 donatas
711 993 764 1024 esse
784 981 851 1026 dicit.

227 1111 347 1177 Cicero
375 1115 550 1178 Tusculau.
579 1117 609 1191 l,
631 1117 662 1178 2.
692 1120 779 1179 Sero
803 1117 915 1200 igitur
936 1139 959 1180 a
980 1119 1112 1182 uostris
1129 1142 1212 1203 poe·

160 1229 217 1278 tae
243 1219 295 1278 vel
322 1201 454 1300 cogniti
482 1221 533 1280 uel
564 1219 704 1302 recepti.
750 1223 968 1303 Quamquam
996 1223 1106 1284 estin
1131 1223 1212 1286 Ori·

160 1319 319 1402 ginibus,
357 1321 479 1382 solitos
511 1343 584 1383 esse
615 1322 650 1382 in
683 1322 794 1402 epulis
825 1343 947 1384 canere
981 1324 1139 1386 convivas
1166 1325 1213 1384 ad

160 1422 335 1484 tibicinem
356 1424 396 1484 de
420 1425 595 1486 clarorum
619 1424 795 1486 hominum
820 1424 1024 1496 virtutibue3
1046 1427 1213 1488 honorem

161 1536 277 1586 tamen
301 1525 380 1588 buia
405 1526 526 1608 generi
549 1546 616 1588 nou
632 1523 771 1615 sitisse,
797 1525 950 1588 declarat
970 1527 1087 1589 oratio
1110 1530 1212 1592 Cato·

162 1626 237 1699 nie,
277 1628 312 1690 in
346 1649 415 1712 qua
449 1627 571 1690 obiecit
604 1638 641 1689 ut
672 1628 839 1701 probrum
869 1633 925 1692 M.
957 1629 1210 1704 Nobiliori,

161 1729 255 1812 quod
281 1731 312 1792 ie
346 1733 381 1792 in
409 1730 625 1812 provinciam
658 1743 782 1812 poetas
811 1731 984 1794 ditxieeet.
1046 1735 1212 1796 Duxerat

160 1843 277 1894 autem
303 1835 425 1894 consul
448 1833 505 1894 ille
531 1833 567 1894 in
595 1834 786 1910 Aetoliam,
815 1845 853 1896 ut
876 1833 1022 1908 scimus,
1048 1835 1211 1898 Ennium.

196 1993 234 2046 M.
253 1995 390 2055 Nobiliori]
420 1999 517 2042 Fulvius
537 2001 620 2044 consul
639 2013 663 2043 u.
679 1997 691 2042 5
698 1996 727 2044 65
744 2001 768 2042 in
786 1999 905 2042 Aetoliam
922 2012 1002 2044 seeum
1021 1998 1210 2053 duxitEnuiurm

232 2099 302 2142 quem
321 2099 350 2129 ex
370 2085 482 2130 Sardinia
506 2087 558 2141 ipse
581 2087 641 2130 Cato
660 2091 773 2144 quaestor
795 2101 857 2130 euno
883 2080 932 2132 550
951 2080 1027 2143 (204)
1047 2086 1149 2132 Romam
1171 2089 1211 2131 de·

233 2175 341 2217 duxerat.
391 2174 452 2218 Ceto
481 2176 573 2218 litteras
598 2179 621 2218 et
646 2188 756 2220 romanas
782 2179 805 2218 et
828 2187 928 2232 graecas
954 2174 1065 2228 emebat,
1090 2175 1130 2217 sed
1157 2187 1211 2217 curn

231 2267 374 2320 vereretur,
397 2275 424 2306 ne
447 2262 592 2306 iuventutem
612 2264 762 2315 emollirent,
784 2276 911 2320 moresque
930 2267 1088 2315 euerterent,
1112 2263 1206 2315 uoluit,

233 2353 258 2391 ut
278 2350 431 2407 magistratus
453 2351 491 2392 uel
513 2350 672 2404 imperatores
694 2351 718 2393 in
742 2349 836 2405 publiea
863 2351 911 2393 vita
935 2349 966 2393 iis
991 2349 1062 2394 nimis
1086 2350 1212 2406 indulgere

232 2437 379 2483 viderentur.
428 2437 507 2492 Quare
538 2437 709 2491 Scipionibus,
738 2437 881 2480 Flainiuiuis
908 2443 979 2492 elque
1004 2437 1089 2482 Fulvio
1118 2436 1211 2480 consuli

232 2523 329 2574 obiecit.
348 2525 410 2581 quod
429 2537 442 2566 e
463 2528 543 2568 velers
563 2523 717 2578 simplicitate
736 2529 760 2568 et
780 2523 884 2566 ruditate
904 2534 999 2566 tuorum
1015 2521 1210 2580 degenerassent.

233 2612 278 2654 Hie
311 2613 411 2656 Fulvius
438 2613 517 2656 studio
544 2615 681 2658 litterarum
713 2612 866 2656 vehementer
896 2611 989 2654 deditus
1021 2615 1074 2654 erat
1101 2605 1212 2669 (Cicero

232 2699 309 2744 Bruto
332 2694 374 2754 20,
397 2696 466 2754 79),
495 2705 566 2758 utque
588 2701 675 2744 Festos
697 2699 800 2756 scriptos
823 2699 930 2756 reliquit.
969 2696 1103 2753 (Macrob.
1118 2699 1169 2746 Sat,
1185 2695 1210 2751 l,

237 2785 277 2840 12,
301 2782 341 2831 13.
379 2787 505 2832 Charisius
525 2802 548 2842 p.
573 2782 615 2834 79.
653 2789 734 2831 Varro
753 2789 781 2830 de
801 2787 849 2844 ling
879 2788 921 2830 lat.
946 2800 970 2842 p.
983 2783 1043 2830 213.
1065 2787 1103 2830 ed.
1122 2786 1211 2844 Speng.

137 2871 140 2876 ’
233 2874 334 2919 loannes
354 2873 434 2926 Lydus
456 2878 484 2920 de
507 2875 616 2920 Ostentis
637 2889 661 2931 p.
686 2872 746 2920 2⁹2.
767 2876 806 2919 ed.
829 2871 949 2929 Bekker.)

228 3011 349 3077 Cicero
375 3016 414 3076 de
436 3014 577 3078 Oratore
598 3013 628 3088 2,
650 3012 703 3088 63,
723 3013 799 3074 256.
834 3012 980 3074 Alterum
1007 3031 1107 3096 genus
1133 3012 1213 3089 (am-

162 3114 267 3199 bigui)
283 3128 341 3193 eet,
364 3119 452 3200 quod
465 3119 563 3178 habet
577 3136 710 3197 parvam
727 3112 819 3176 verbi
838 3112 1102 3190 immutationem,
1121 3115 1211 3197 quod

162 3216 196 3280 in
221 3217 314 3280 litera
340 3219 479 3300 positum
503 3216 623 3282 Graeci
644 3229 759 3281 vocant
777 3218 1051 3306 παρονομασίαν,
1079 3227 1113 3278 ut
1137 3218 1213 3280 No·

163 3319 319 3386 biliorem
343 3321 556 3386 mobiliorem
582 3320 680 3386 Cato.

199 3482 366 3542 mobiliorem]
397 3487 415 3530 i.
438 3499 461 3530 e.
488 3485 612 3530 leviorem.

198 3625 369 3687 Nobiliorem]
400 3629 483 3686 quaeri
508 3633 604 3684 potest,
634 3629 673 3685 qui
697 3626 813 3674 Nobilior
837 3629 869 3672 sit
893 3627 1073 3688 intelligendus.
1111 3626 1212 3670 Constat

234 3719 313 3777 euim,
349 3721 434 3760 contu
456 3718 516 3760 duos
540 3717 638 3760 Fulvius
660 3715 799 3760 Nobiliores
821 3730 835 3758 e
856 3715 946 3760 Catone
969 3715 992 3758 iu
1014 3719 1098 3760 senatu
1120 3715 1209 3758 dietum

234 3815 308 3859 sese3
340 3811 389 3848 tum
414 3809 498 3849 contre
527 3804 562 3851 M.
589 3805 699 3848 Fulvium
725 3803 877 3850 Nobiliorem
905 3808 1014 3858 patrem,
1037 3806 1121 3846 contra
1141 3814 1211 3858 quem

233 3892 292 3936 duas
315 3894 439 3936 orationes
464 3905 518 3937 eum
543 3891 655 3937 habuisse
681 3893 833 3946 accepimus,
869 3896 919 3935 tum
941 3895 1023 3934 eontra
1052 3889 1082 3944 Q.
1102 3888 1211 3932 Fulvium

233 3977 386 4024 Nobiliorem
403 3981 439 4024 Μ.
459 3977 545 4032 filium,
568 3981 606 4036 qui
629 3979 652 4022 in
676 3993 746 4023 eausa
768 3980 859 4024 Galbae
878 3992 923 4034 pro
942 3991 970 4022 eo
990 3982 1073 4020 eontra
1092 3975 1209 4017 Catonem

233 4068 317 4127 stelit,
340 4072 364 4111 et
384 4081 455 4124 quem
477 4079 549 4122 saepe
571 4082 584 4110 a
603 4068 694 4112 Catone
714 4069 737 4113 iu
760 4072 843 4112 senatu
866 4066 996 4109 laceratum
1019 4060 1115 4104 tradidit
1129 4059 1212 4102 Liuius

233 4155 257 4197 iu
280 4154 346 4210 Epir.
368 4155 410 4198 ub.
430 4151 473 4201 lb.
