2958 4840
1174 349 1234 412 633
1257 411 1258 414 ,

187 507 375 592 rationem,
412 507 462 571 ita
491 527 680 571 reservasse
708 505 805 568 novis
831 525 953 586 parem
981 506 1132 588 gloriam
1162 528 1230 571 nan

185 610 363 692 putabam.
1171 663 1175 668 .

249 711 427 774 Arusianus
452 713 580 775 Messes
602 709 760 792 Exempla
779 708 912 772 Elocnt.
937 731 970 790 p.
988 709 1062 772 217.
1081 715 1130 774 ed.
1152 711 1232 778 Lin-

190 813 352 877 demannit
384 815 422 876 In
446 816 517 881 cod.
534 813 738 892 Guelferbyt.
763 811 899 892 legitur:
921 811 1029 874 arrisit
1050 812 1109 874 illi.
1132 817 1233 899 Sym·

188 919 328 978 machus
357 917 404 976 ad
426 916 658 978 Theodosium
685 917 947 997 imperatorem:
969 917 1131 988 Beatum,
1162 916 1233 979 iam

187 1021 371 1098 paruulum
394 1039 525 1090 meum,
549 1018 605 1080 cui
624 1017 749 1100 pium.
771 1061 808 1078 ..

223 1159 402 1221 Symmachus]
438 1163 476 1206 hic
502 1160 568 1206 iocus
587 1167 710 1217 suspectus
736 1164 829 1206 ridetur
847 1161 1027 1216 Lindemann,
1055 1164 1116 1219 quod
1135 1163 1235 1207 Arusia-

257 1264 301 1292 nus
321 1264 332 1294 e
352 1255 455 1306 quatuor
473 1254 563 1294 tantum
582 1251 740 1305 scriptoribus
755 1249 888 1307 Cicerone,
908 1251 1028 1304 Salustio,
1047 1247 1166 1310 Virgilio,
1185 1252 1232 1295 Te-

257 1338 335 1380 rentio
363 1339 471 1391 exerupla
497 1351 539 1382 sue
566 1340 707 1394 depromere
736 1340 820 1383 solen.
864 1339 910 1382 Sed
940 1337 1043 1382 tortasse
1068 1341 1130 1382 alins
1152 1351 1232 1397 grem-

256 1425 355 1468 maticns
374 1426 419 1470 hoc
437 1429 572 1481 exemplum
590 1439 619 1470 ex
638 1427 788 1471 orationibus
805 1427 940 1480 Symmachi
959 1425 1067 1485 adrian,
1088 1441 1130 1472 nec
1148 1425 1228 1472 nerum

261 1525 315 1557 esse
334 1512 452 1557 arbitror.

256 1630 434 1694 Arusianus
451 1633 579 1696 Messus
602 1655 635 1714 p.
657 1635 730 1698 itt.
773 1635 810 1697 In
833 1637 944 1698 eodem
969 1634 1137 1702 Guelferb.
1161 1639 1236 1698 cod.

187 1733 327 1817 legitur:
347 1733 471 1818 largior
490 1736 572 1797 hanc
591 1756 671 1799 rem.
689 1741 917 1820 Symmachus
934 1736 982 1800 ad
1000 1739 1232 1802 Theodosium

191 1837 293 1919 imp..·
317 1839 432 1902 Soiere
452 1837 627 1919 principes
648 1841 737 1906 hona
760 1841 861 1902 uerba
881 1841 1020 1924 largiri.

419 1977 464 2034 tn.
503 1976 601 2034 Oratio
623 1981 658 2035 de
679 1995 802 2035 censura
818 1981 1010 2049 repudianda.

254 2081 362 2142 Maius
391 2079 555 2162 inscripsit
586 2084 624 2142 de
647 2083 833 2164 abroganda
863 2103 994 2143 censura
1018 2103 1052 2162 p.
1082 2083 1234 2146 LVIIIl.
1268 2077 1273 2084 ⁸

192 2186 243 2246 cd.
268 2185 367 2246 Rom.
412 2183 516 2246 Fuere
540 2182 724 2266 aliquando,
755 2182 810 2268 qui
835 2183 1015 2246 censorium
1039 2206 1148 2246 munus
1174 2184 1235 2247 iarn

193 2288 307 2347 dudum
331 2283 482 2348 abolitum
511 2296 605 2370 atque
634 2285 806 2348 extinctum
831 2284 998 2348 restituere
1028 2297 1060 2350 et
1088 2289 1139 2349 vel
1168 2287 1236 2369 pri·

194 2399 269 2450 vato
292 2387 413 2450 homini
436 2389 487 2449 vel
510 2387 631 2450 senatui
655 2389 781 2451 deferre
805 2401 970 2470 cuperent.

259 2486 441 2552 Trebellius
458 2488 567 2553 Pollio
583 2503 693 2552 narrat
709 2491 741 2554 in
760 2491 823 2554 nita
847 2490 1012 2554 Valeriani
1035 2514 1065 2554 c.
1092 2495 1122 2554 1.
1140 2493 1183 2554 Τ.
1208 2493 1239 2554 2.
1284 2517 1286 2520 ·

194 2615 228 2675 p.
252 2593 345 2667 178„
371 2605 509 2654 senatum
533 2591 730 2675 imperatore
753 2593 857 2658 Decio
879 2593 1050 2668 censuisse,
1080 2606 1114 2655 nt
1142 2596 1242 2657 Vale-

196 2695 302 2757 rianus
326 2713 442 2757 censor
463 2695 567 2768 fieret;
595 2698 650 2758 scd
673 2718 743 2759 euni
764 2696 796 2758 id
818 2717 928 2758 munus
950 2695 1161 2772 recusavisse,
1194 2697 1242 2759 di·

197 2819 271 2860 cens
295 2797 416 2861 Decio:
461 2801 556 2861 Haec
578 2811 669 2874 sunt,
691 2812 838 2882 propter
854 2820 940 2882 quae
962 2801 1162 2882 Augustum
1182 2819 1242 2862 no·

198 2921 274 2961 men
296 2901 428 2974 tenetis,
447 2901 543 2980 apud
557 2921 616 2963 uos
629 2923 774 2964 censura
791 2902 932 2976 desedit,
956 2922 1024 2963 non
1044 2912 1159 2981 potest
1180 2904 1242 2964 hoc

167 3049 171 3058 t
194 3003 336 3083 implere
359 3003 528 3082 priuatus.
576 3003 720 3068 Veniam
743 3005 853 3086 igitur
879 3004 954 3065 eius
975 3004 1118 3065 honoris
1138 3016 1235 3084 peto,

195 3105 250 3166 cui
279 3105 349 3166 vita
369 3105 483 3184 impar
513 3117 563 3166 est
585 3105 814 3180 confidentia,
845 3105 902 3168 cui
929 3115 1087 3186 tempora
1114 3106 1162 3168 sic
1188 3129 1240 3168 re·

192 3218 369 3289 pugnant,
391 3219 429 3267 ut
451 3225 633 3269 censuram
649 3209 825 3270 hominum
847 3219 973 3268 natura
995 3228 1062 3269 non
1081 3219 1237 3291 quaerat.

196 3310 244 3370 Ea
268 3331 320 3370 res
344 3307 459 3371 accidit
486 3331 514 3370 a.
545 3312 627 3372 1004
655 3312 755 3387 (253).
803 3309 923 3373 Deinde
954 3310 1136 3389 Symmachi
1163 3321 1242 3373 tem·

195 3411 331 3492 poribus
354 3409 468 3474 iterum
505 3433 666 3475 censuram
697 3413 864 3476 restituere
893 3415 1104 3476 conabantur.
1150 3413 1243 3490 Sym-

197 3516 325 3576 machus
354 3513 422 3595 ipse
449 3513 481 3574 id
512 3515 676 3578 consilium
701 3515 898 3596 repudiavit,
928 3536 999 3575 cum
1031 3512 1242 3594 intelligeret,

198 3618 281 3676 hunc
311 3615 527 3702 magistratum
557 3615 682 3679 nominc
705 3628 841 3690 tantum,
871 3637 936 3678 non
966 3637 1001 3677 re
1030 3627 1123 3700 atque
1148 3621 1241 3696 pote-

198 3728 277 3780 state
306 3717 434 3781 restitni
461 3739 569 3799 posse.
628 3717 729 3782 Conf.
762 3720 909 3782 Krenzer
944 3717 1061 3780 Abriss
1099 3719 1129 3779 d.
1161 3723 1244 3782 riim.

197 3823 277 3881 Ant.
295 3843 329 3901 p.
346 3821 419 3882 147.
444 3821 525 3883 Fnss
544 3820 744 3906 antiquitates
764 3823 926 3885 Romanae
941 3841 972 3900 p.
998 3819 1071 3880 184.
1116 3818 1243 3880 Walter

199 3923 319 3985 Geseh.
345 3926 376 3984 d.
401 3928 483 3991 riim.
507 3926 626 3986 Rechts
649 3948 682 4005 p.
707 3924 778 3988 291.

263 4026 472 4104 Symmachus
496 4025 601 4106 Epist.
629 4026 651 4088 l.
675 4029 715 4102 4,
749 4027 801 4088 45.
826 4025 914 4088 Misi
943 4026 989 4086 ad
1016 4024 1243 4086 eruditionem

198 4139 294 4190 tuam
316 4127 404 4190 duas
427 4129 663 4191 oratiunculas
681 4141 834 4199 nostras,
860 4147 1006 4210 qnorum
1024 4147 1094 4187 una
1116 4127 1163 4187 ad
1180 4129 1243 4189 Po·

198 4231 285 4314 lybii
305 4229 428 4309 filium
454 4233 632 4314 pertinens
660 4255 706 4294 ex
736 4231 862 4294 recenti
896 4230 1035 4310 negotio
1067 4244 1150 4290 nara
1167 4241 1242 4304 est,

198 4336 310 4396 altera
332 4334 482 4410 dudum,
515 4357 593 4398 cum
621 4355 676 4398 res
705 4334 740 4396 in
769 4331 866 4396 curia
894 4332 1110 4414 agitaretur,
1142 4351 1166 4393 a
1193 4353 1245 4394 me
