2992 4840
1169 354 1228 418 ttt

227 500 351 564 Aliter
373 522 439 564 ram
463 514 573 564 narrat
600 503 749 566 Valerius
767 507 862 571 Mam
888 508 946 570 lib.
972 509 1007 582 3,
1035 511 1070 585 7,
1096 511 1148 586 6.,
1173 510 1228 594 qui

180 604 222 668 G.
248 603 431 667 Carbonem
454 603 575 669 Crasso
603 619 768 670 accusante
794 608 825 672 iu
852 609 982 672 exilium
1007 611 1135 675 missum
1159 633 1227 676 esse

180 706 306 770 scribit.
328 777 330 780 ,
354 706 455 771 Cous.
479 706 645 770 Perizonii
669 710 841 774 Auiruadr.
866 711 939 776 hist.
967 736 1002 795 p.
1023 714 1076 777 93.

388 995 496 1052 XXIX.
530 995 654 1054 Tiberius
675 994 850 1070 Sempronius
870 999 1017 1060 Gracchus.

244 1149 344 1208 Natus
370 1155 417 1208 cst
439 1167 468 1207 a.
496 1147 559 1208 590
580 1148 691 1227 (tottz
717 1171 787 1212 nam
813 1150 845 1213 iu
868 1151 1030 1224 tribunatu
1054 1175 1083 1216 a.
1108 1176 1140 1217 u.
1165 1156 1223 1216 sut

180 1250 272 1328 (133)
301 1248 490 1310 interfectus
520 1259 586 1324 est,
619 1273 689 1310 cum
719 1255 858 1314 nondum
888 1251 1086 1337 trigesimum
1113 1278 1225 1318 anuum

181 1350 350 1434 attigisset.
396 1351 483 1414 Plut.
508 1351 567 1414 vit.
596 1353 656 1415 Cai
678 1354 819 1415 Gracchi
842 1377 872 1416 c.
900 1361 930 1418 1.
975 1356 1056 1433 Sed,
1087 1357 1116 1419 si
1143 1380 1224 1422 anuo

180 1453 325 1536 legitimo
349 1465 547 1536 quaesturam
571 1453 697 1516 obierat
720 1477 802 1519 annu
830 1457 890 1518 617
912 1459 1020 1537 (137),
1043 1470 1133 1521 natus
1157 1481 1224 1524 csse

180 1555 307 1617 videtur
337 1576 365 1616 a.
396 1554 455 1616 586
482 1553 590 1638 (168):
626 1579 722 1626 auuus
754 1557 836 1620 euim
868 1581 945 1621 riuus
979 1573 1010 1622 et
1039 1561 1224 1645 trigesimus

181 1657 406 1740 quaestoribus
445 1656 516 1741 lege
550 1659 766 1742 praescriptus
804 1672 883 1724 erat.
945 1659 1044 1726 Cous.
1081 1665 1226 1758 Wester-

180 1781 272 1821 maun
302 1781 336 1840 p.
363 1761 415 1821 71.

245 1917 365 1984 Cicero
388 1920 491 1982 Bruto
515 1919 567 1983 27.
614 1921 753 1984 Utinam
775 1921 810 1984 in
830 1923 887 1986 Ti.
904 1926 1060 1988 Graccho
1075 1925 1225 2009 Gaioque

180 2022 336 2098 Carbone
355 2021 435 2084 talis
461 2009 555 2084 mens
578 2023 625 2083 ad
646 2024 910 2106 rempublicam
932 2027 1013 2088 bene
1036 2028 1225 2108 gerendam

166 2122 332 2214 fuisset,
368 2127 468 2208 quale
502 2125 679 2207 ingenium
695 2195 698 2202 y
715 2126 762 2188 ad
796 2128 877 2191 bene
916 2130 1097 2194 dicendum
1116 2129 1220 2221 fuit,

175 2223 342 2316 profecto
372 2248 472 2289 nemo
508 2229 563 2292 his
597 2229 680 2291 viris
712 2229 833 2311 gloria
864 2232 1110 2312 praestitisset.
1158 2235 1226 2298 Seri

180 2350 300 2390 eorum
331 2332 421 2392 alter
449 2343 595 2411 propter
624 2331 956 2394 turbulentissimum
990 2335 1223 2412 tribunatum,

180 2431 226 2491 ad
251 2453 349 2514 quem
372 2455 418 2493 ex
442 2431 577 2494 'inuidia
591 2429 760 2520 foederis
789 2435 997 2496 Numantini
1028 2437 1125 2498 bonis
1154 2437 1224 2498 ira-

180 2546 236 2596 tus
262 2546 468 2608 accesserat,
493 2536 535 2597 ab
560 2534 638 2616 ipsa
660 2557 697 2595 re
718 2534 856 2615 publica
877 2549 928 2597 est
949 2535 1224 2626 interfectum—
1261 2538 1262 2542 ’

180 2637 247 2700 Sed
268 2634 346 2724 fuit
373 2649 515 2719 uterque
542 2657 697 2698 summus
724 2648 858 2698 orator.
884 2649 986 2719 atque
1011 2639 1073 2700 hoc
1098 2660 1225 2703 memo*

180 2739 235 2800 ria
256 2749 400 2820 patrum
424 2749 508 2800 teste
529 2737 685 2800 dicimus.
710 2759 790 2800 nam
817 2749 850 2800 et
871 2739 1038 2802 Carbonis
1061 2752 1093 2802 et
1115 2743 1223 2804 Grac·

179 2840 234 2902 chi
260 2841 422 2903 habemus
447 2841 623 2903 orationes
645 2841 797 2904 nondum
820 2841 906 2903 satis
926 2843 1124 2924 splendidas
1150 2865 1223 2907 ver·

179 2944 249 3018 bis,
276 2943 338 3005 sed
358 2955 480 3005 acutas
495 2943 767 3026 prudentiaeque
791 2943 1020 3024 plenissimas.
1065 2945 1142 3007 Fuit
1165 2946 1222 3008 Ti.

178 3047 355 3108 Gracchus
385 3044 566 3128 diligentia
600 3045 775 3107 Gorneliae
804 3043 927 3106 matris
957 3066 979 3106 a
1005 3068 1116 3127 puero
1145 3047 1224 3111 ‹ioc-

178 3158 236 3209 tus
264 3159 297 3208 et
322 3150 456 3230 graecis
482 3147 605 3209 litteris
632 3147 801 3211 eruditus.
833 3168 914 3207 nam
942 3169 1077 3231 semper
1106 3150 1225 3213 habuit

178 3249 373 3331 exquisitos
391 3272 408 3311 c
428 3249 576 3313 Graecia
596 3249 799 3332 magistros,
818 3250 853 3311 in
871 3251 920 3312 eis
938 3251 1009 3313 iam
1027 3252 1224 3314 adolescens

178 3351 397 3433 Diophanem
418 3351 693 3437 Mytilenaeum,
722 3353 888 3416 Graeciae
913 3353 1124 3437 temporibus
1153 3353 1222 3416 illis

179 3451 459 3515 disertissimum.
517 3454 586 3517 sea
618 3455 649 3516 ei
685 3455 783 3517 breue
820 3468 955 3537 tempus
992 3455 1124 3537 ingenii
1161 3476 1223 3516 au-

180 3554 285 3635 gendi
305 3566 337 3616 et
360 3555 558 3618 declarandi
567 3555 665 3644 fait.
712 3580 742 3618 c.
768 3557 820 3619 25.
848 3560 903 3620 M.
922 3557 1109 3620 Aemilium
1125 3557 1226 3639 Lepi·

178 3655 261 3716 dum
292 3656 476 3719 Porcinam
515 3658 668 3720 studiose
703 3659 772 3720 duo
808 3658 1040 3721 adolescentes
1069 3657 1225 3741 ingenio·

177 3757 308 3820 sissimi
332 3770 365 3821 et
382 3781 494 3842 prope
516 3761 674 3844 aequales
699 3762 737 3823 G.
758 3759 870 3823 Carbo
892 3772 926 3823 et
949 3761 1025 3824 Tib.
1049 3762 1225 3824 Gracchus

177 3860 299 3924 audire
322 3861 417 3924 soliti
440 3873 532 3923 sunt.

243 4017 330 4081 luia.
351 4042 381 4082 c.
396 4020 455 4094 58,
477 4020 551 4081 911.
575 4019 737 4100 Legimus
753 4019 915 4100 epistolas
930 4017 1127 4090 Corneliae,
1152 4036 1224 4076 ma-

178 4118 244 4181 tris
269 4123 526 4186 Gracchorum:
548 4131 710 4202 apparet,
729 4121 833 4197 filios
851 4141 919 4184 non
939 4131 1010 4180 tam
1030 4118 1066 4180 in
1088 4117 1224 4200 gremio

179 4221 343 4287 educatos
369 4245 471 4306 quam
496 4223 532 4284 in
552 4241 709 4286 sermone
732 4221 865 4284 matris.
