2958 4840
1169 332 1230 394 ost

442 501 469 558 1.
491 501 591 558 Oratio
611 514 662 569 pro
682 495 829 552 Voluseno
849 493 960 550 Catulo.

242 579 375 660 Quintil,
403 581 451 653 10,
477 582 506 649 1,
537 577 589 637 21.
626 573 736 638 Nobis
758 571 877 652 pueris
899 569 1049 650 insignes
1070 589 1137 650 pro
1156 569 1226 632 Vo-

177 687 296 745 luseno
319 684 441 746 Catulo
471 677 616 742 Domitii
648 673 752 764 Afri,
786 671 901 752 Crispi
923 663 1108 742 Passieni,
1145 672 1227 732 De-

177 785 275 858 cimi
298 783 439 846 Laelii
463 781 687 844 orationes
705 773 936 866 ferebantur.

212 893 320 936 Domtut
332 889 402 950 Afri]
440 905 463 934 r.
480 903 534 947 pag.
557 883 616 933 566.

213 977 298 1038 Crispi
309 975 437 1034 Passieni]
475 991 498 1020 r.
515 977 637 1020 orationes
656 973 766 1018 Passieni
785 969 827 1014 filii
853 984 906 1028 pag.
930 965 988 1014 536.

480 1095 508 1152 2.
539 1095 638 1151 Oratio
662 1097 762 1148 contra
783 1091 927 1146 Aeoliam.

246 1205 329 1264 Acta
361 1213 407 1263 est
437 1220 530 1260 causo
557 1219 584 1260 a.
614 1198 675 1259 790
699 1195 778 1275 (87).
831 1193 937 1256 'sacia
962 1194 1077 1255 Annal.
1106 1192 1143 1266 6,
1176 1197 1228 1257 17.

181 1304 320 1366 Laelius
343 1303 469 1366 Balbus
492 1300 664 1371 Acutiam,
679 1302 717 1361 P.
738 1297 866 1362 Vitellii
882 1297 1053 1382 quondam
1069 1319 1228 1373 uxorem,

180 1405 371 1468 maiestatis
384 1407 639 1486 postulaverat,
665 1421 733 1484 qua
755 1401 920 1462 damnata
942 1421 1019 1460 cum
1037 1400 1232 1462 accusatori

177 1508 373 1592 praemium
396 1508 655 1578 decerneretur,
680 1504 801 1568 Iunius
824 1505 915 1567 Otho
944 1503 1102 1565 tribunus
1123 1503 1233 1583 plebei

181 1611 385 1674 intercessit.
410 1609 498 1671 unde
521 1609 589 1670 illis
612 1608 704 1680 odia,
732 1628 816 1668 mox
841 1607 969 1669 Othoni
990 1606 1167 1668 exsilium.

494 1747 654 1804 exxxnl.
692 1746 786 1804 Vilius
808 1745 927 1816 Crispus.

246 1885 348 1944 Natus
376 1879 537 1942 Vercellis
570 1899 652 1940 anno
695 1877 826 1940 circiter
862 1879 922 1938 770
957 1881 1010 1956 (17
1045 1899 1078 1958 p.
1106 1875 1230 1957 -Chr.):

182 1961 326 2048 mortuus
352 1982 433 2045 eninr
461 1995 508 2044 est
531 1983 784 2044 annosLXXX
805 1990 896 2040 natus
920 1979 1108 2043 Domitiano
1133 1979 1234 2062 irnpe-

181 2096 270 2148 rante
294 2084 381 2146 circa
408 2106 521 2145 annum
545 2084 606 2145 819
634 2084 715 2160 (96).
769 2081 929 2144 luvenalis
954 2085 1020 2144 Sat.
1047 2083 1076 2156 1,
1099 2083 1137 2144 81
1157 2107 1231 2168 sqq.

186 2189 222 2249 ln
249 2185 354 2249 Fastis
383 2183 615 2248 Consularibus
636 2183 758 2246 Baiteri
783 2188 821 2248 C.
849 2185 969 2248 Vibius
994 2187 1136 2267 Crispus
1155 2207 1233 2248 con·

184 2287 232 2351 sul
256 2289 405 2350 suffectus
424 2288 540 2382 dicitur
559 2310 588 2348 a.
609 2287 669 2349 791
685 2287 754 2363 (tr)
779 2285 914 2350 Claudio
939 2286 1127 2369 imperante.
1147 2291 1233 2352 Pro·

184 2390 294 2453 consul
319 2389 453 2452 Africae
476 2391 654 2470 appellatur
678 2411 693 2450 a
717 2387 826 2452 Plinio
856 2389 943 2453 Hist.
965 2393 987 2453 l.
1016 2391 1065 2464 19,
1091 2397 1120 2453 1.
1152 2392 1233 2454 Eius

182 2492 278 2554 vitatu
303 2492 503 2555 adumbravit
525 2493 581 2554 W.
604 2493 642 2558 E.
660 2493 784 2555 Weber
809 2495 847 2554 ad
869 2493 1028 2556 luvenalis
1046 2495 1112 2557 Sat.
1132 2496 1162 2569 1,
1177 2494 1231 2556 81.
1313 2521 1315 2524 ’

250 2594 382 2657 Tacitus
404 2595 539 2678 Dialog.
565 2597 603 2656 de
628 2596 722 2659 Orat.
747 2619 776 2658 c.
801 2597 833 2657 8.
871 2597 995 2658 Ausim
1017 2597 1231 2672 contendere,

120 2729 129 2745 ·
183 2701 393 2762 Marcellum
414 2700 503 2759 Ituna
525 2698 674 2779 Eprium
696 2711 729 2760 et
751 2699 948 2779 Crispum
975 2699 1151 2762 Vibium
1173 2700 1233 2781 (li-

183 2801 317 2863 beatius
339 2803 430 2862 enim
453 2801 549 2862 novis
564 2813 597 2862 et
619 2803 811 2863 recentibus
832 2823 936 2884 quam
959 2803 1101 2866 remotis
1124 2815 1157 2864 et
1174 2803 1233 2865 olr-

182 2903 345 2965 litteratis
368 2904 537 2984 exemplis
559 2906 654 2982 utor)
676 2925 745 2966 non
768 2905 881 2965 minus
903 2927 977 2967 esse
1007 2904 1042 2967 in
1065 2907 1231 2968 extremis

179 3005 339 3088 partibus
362 3017 537 3067 terrarum
560 3027 662 3088 quam
685 3010 823 3087 Capuae
844 3019 907 3068 aut
926 3007 1154 3083 Vercellis,
1177 3007 1235 3070 ubi

185 3109 259 3169 nati
281 3107 455 3169 dicuntur.
480 3129 540 3169 nec
562 3111 625 3169 hoc
647 3110 714 3170 illis
729 3110 874 3170 alterius
896 3122 949 3170 ter
970 3109 1092 3172 millies
1108 3124 1233 3172 sester-

183 3212 270 3273 tium
288 3222 466 3292 praestat,
493 3231 700 3294 quamquam
721 3213 768 3273 ad
787 3215 850 3274 has
872 3213 967 3295 ipsas
991 3235 1072 3296 opes
1088 3227 1237 3295 possunt

184 3313 292 3374 uideri
313 3313 526 3394 eloquentiae
548 3313 717 3390 beneficio
739 3314 886 3389 venisse,
919 3316 1017 3377 cuius
1046 3337 1170 3378 numen
1202 3329 1236 3380 et

183 3414 338 3477 coelestis
361 3415 410 3476 vis
439 3416 547 3476 multa
569 3416 705 3499 quidem
734 3419 891 3479 omnibus
921 3420 1044 3480 seculis
1073 3422 1235 3500 exempla

183 3518 287 3592 dedit,
312 3517 484 3600 adquam
507 3541 613 3602 usque
632 3517 826 3606 fortunam
849 3521 1003 3582 homines
1032 3522 1164 3602 ingenti
1188 3522 1235 3582 vi·

184 3620 279 3681 ribus
298 3621 515 3701 pervenerint
523 3643 535 3692 ,·
558 3621 619 3682 sed
639 3623 733 3695 haec,
759 3634 797 3684 ut
819 3643 927 3702 supra
949 3621 1044 3694 dixi,
1065 3624 1235 3702 proxima

186 3733 218 3783 et
242 3743 328 3804 quae
351 3743 419 3784 non
441 3714 835 3804 auditu'cognoscenda,
853 3725 914 3784 sed
928 3723 1036 3786 oculis
1048 3726 1235 3816 spectanda

184 3824 358 3886 habemus.
383 3845 463 3886 nam
486 3847 553 3908 quo
575 3825 752 3888 sordidius
780 3838 813 3888 et
842 3827 1007 3889 abiectius
1039 3827 1112 3889 nati
1140 3839 1233 3902 sunt,
1330 3868 1333 3873 -

183 3946 316 4008 quoque
338 3927 525 3990 notabilior
555 3940 746 4010 paupertas
777 3941 811 3992 et
841 3929 1024 4012 angustiae
1052 3940 1236 4010 parentum

184 4039 361 4090 nascentes
383 4051 442 4091 eos
465 4030 773 4107 circumsteterunt,
798 4056 839 4094 eo
861 4031 1013 4094 clariora
1041 4044 1073 4094 et
1101 4032 1148 4092 ad
1179 4033 1236 4094 de·

185 4123 448 4193 monstrandam
483 4133 660 4195 oratoriae
694 4134 905 4218 eloquentiae
941 4135 1125 4198 utilitatem
1157 4135 1236 4197 ittu-

185 4223 316 4310 striora
338 4239 499 4317 exempla
520 4248 616 4308 sunt,
647 4237 740 4318 quod
761 4239 834 4300 sine
856 4237 1150 4302 commendatione
1173 4257 1235 4298 na-

70 4389 74 4402 ,
184 4334 318 4410 talium,
355 4337 428 4399 sine
451 4339 646 4400 substantia
667 4335 899 4423 facultatum,
932 4353 1052 4403 neuter
1081 4340 1237 4404 moribus
