2970 4836
277 553 304 612 6.
329 551 439 623 Oratio,
463 569 499 609 οε
518 551 671 623 imperium
693 551 730 606 sit
748 550 849 620 veteri,
871 551 919 606 ubi
940 563 1030 606 novus
1051 549 1171 606 venerit.

265 703 384 769 Oratio
408 723 492 768 anuo
520 703 582 766 560
605 701 695 779 (494)
721 699 804 762 dicta
826 699 960 764 videtur.

264 808 500 889 Argumentum
525 805 588 868 tale
616 815 674 866 est.
714 801 795 866 Cum
828 801 911 866 Cato
936 802 1049 866 consul
1071 801 1104 866 in
1131 800 1250 884 Hispa·

200 909 253 972 nia
267 909 385 972 bellum
403 906 564 991 gessisset,
582 918 612 969 ct
629 905 740 987 Scipio
759 902 860 968 rrraior
876 903 905 966 ei
920 907 1093 968 succedere
1110 904 1204 968 vellet
1216 904 1249 968 in

147 1034 149 1038 ·
201 1009 382 1094 provincia,
403 1011 487 1074 Cato
508 1031 571 1071 uon
594 1020 656 1070 tam
680 1007 748 1070 cito
772 1029 789 1070 e
813 1006 981 1087 provincia
1001 1005 1136 1072 decessit
1155 1029 1250 1092 quatu

202 1112 326 1194 Scipio,
350 1111 405 1195 qui
426 1134 496 1174 eum
516 1115 638 1186 oderat,
664 1109 822 1191 cupiebat,
844 1112 924 1172 unde
944 1108 1102 1172 insensu
1122 1108 1161 1173 lis
1177 1121 1249 1174 orta

201 1227 290 1290 erat,
323 1225 355 1278 et
381 1214 463 1278 Cato
489 1226 564 1295 post
594 1212 729 1276 reditum
758 1215 796 1274 de
826 1215 933 1274 eadem
961 1234 995 1275 re
1022 1213 1128 1294 egisse
1158 1224 1189 1276 et
1217 1211 1251 1274 in

203 1315 349 1381 oratione
371 1338 426 1378 sua
447 1316 480 1379 id
499 1315 699 1398 potissimum
720 1312 907 1376 tractavisse
928 1313 1064 1389 videtur,
1086 1317 1251 1400 quomodo

202 1441 236 1482 se
263 1421 389 1493 habeat,
414 1422 501 1503 quod
527 1416 649 1480 inimici
673 1415 851 1498 postulant,
875 1437 914 1478 ne
938 1415 1105 1496 imperium
1131 1416 1172 1479 sit
1198 1439 1251 1480 ve-

202 1522 264 1584 teri
285 1520 495 1606 tnagistratui‚
517 1519 572 1584 ubi
594 1540 697 1583 novus
720 1517 922 1601 magistratus
945 1519 1080 1582 venerit.

267 1622 439 1688 Cornelius
451 1625 563 1705 Nepos
577 1645 608 1685 v.
624 1622 698 1689 cat.
714 1644 744 1684 c.
759 1623 791 1685 2.
815 1625 902 1686 Cata
913 1625 1132 1685 consulatum
1142 1621 1251 1705 gessit

201 1747 280 1788 cum
298 1729 340 1788 L.
364 1726 506 1791 Valerio
524 1729 658 1799 Flacco,
682 1737 775 1788 sorte
795 1725 1009 1806 provinciam
1029 1743 1152 1788 nactus
1169 1725 1252 1788 His·

200 1829 344 1910 puniam
373 1829 583 1904 citeriorem,
608 1850 720 1911 exque
746 1847 788 1890 ea
808 1827 1022 1910 triumphum
1044 1828 1249 1910 deportavit.

201 1931 255 1995 lbi
276 1951 353 1994 cum
374 1930 506 1994 diutius
525 1941 733 2004 moraretur,
756 1933 794 1994 P.
816 1930 931 2012 Scipio
952 1929 1152 2020 Africanus
1170 1952 1252 1993 con·

201 2037 258 2096 sul
279 2034 425 2109 iterum,
454 2033 553 2096 citius
575 2033 610 2097 iu
627 2033 750 2115 priore
772 2036 956 2098 consulatu
979 2045 1143 2116 quaestor
1158 2032 1252 2123 sue·

202 2148 280 2210 rat,
315 2135 423 2198 uoluit
453 2157 531 2199 eum
563 2137 604 2198 tle
630 2135 810 2218 provincia
840 2136 1026 2216 depellere,
1058 2147 1091 2199 et
1120 2135 1196 2218 ipae
1219 2136 1252 2198 ei

201 2238 404 2313 succedere,
437 2258 545 2321 neque
575 2241 637 2300 hoc
661 2261 726 2320 per
759 2251 918 2300 senatum
949 2237 1087 2325 efficere
1117 2239 1249 2321 potuit,

201 2362 280 2402 cum
304 2339 442 2424 quidem
461 2340 576 2424 Scipio
598 2341 634 2404 in
655 2339 790 2403 ciuitate
810 2341 1047 2424 principatum
1070 2341 1248 2428 obticeret,

201 2443 295 2527 quod
308 2455 383 2505 tum
397 2463 466 2505 non
484 2443 652 2526 potentia,
681 2443 743 2505 sed
766 2441 841 2504 iure
866 2444 1057 2524 respublica
1082 2443 1249 2506 adminis-

201 2546 374 2608 trabatur.
409 2549 560 2627 Quaere
586 2568 623 2608 re
649 2545 774 2619 iratus,
807 2547 990 2606 consulatu
1009 2556 1153 2625 peracto
1175 2545 1252 2627 pri·

202 2660 302 2710 uatus
324 2647 360 2710 iu
382 2649 466 2710 urbe
493 2649 632 2712 mansit.

267 2749 354 2814 Plut.
384 2747 468 2814 Cato
492 2773 523 2814 ο.
551 2754 603 2814 11.
659 2749 707 2816 έτι
729 2743 761 2815 δ’
779 2741 882 2814 αὐτοῦ
904 2743 1105 2829 (Κάτωνος)
1126 2751 1252 2838 διατρί-

202 2855 323 2938 βοντος
343 2854 376 2918 ἐν
392 2848 528 2944 Ἰβηρίᾳ
544 2854 704 2934 Σκηπίων
721 2847 739 2918 ὁ
760 2855 872 2938 μέγας,
893 2849 1019 2939 ἐχθρὸς
1038 2848 1081 2918 ῶν
1098 2858 1154 2918 καὶ
1172 2855 1253 2938 βου-

203 2949 341 3040 λόμενος
371 2956 524 3036 ἐνστῆναι
551 2957 783 3045 κατορθοῦντι
811 2959 867 3019 καί
896 2952 955 3032 τάς
972 2950 1144 3044 Ἰβηρικὰς
1168 2951 1254 3046 πρά-

203 3052 268 3136 ξεις
287 3051 477 3141 ὑπολαβεῖν,
498 3053 696 3147 διεπράξατο
714 3058 773 3138 τῆς
786 3055 944 3144 ἐπαρχίας
963 3058 1082 3138 ἐκείνης
1102 3053 1253 3146 ἀποδειχ-

203 3161 314 3240 θῆναι
336 3155 502 3246 διάδοχος,
527 3156 673 3239 σπεύσας
699 3157 731 3226 δ’
749 3155 792 3237 ῶς
810 3161 883 3240 ένῆν
903 3155 1046 3247 τάχιστα
1067 3165 1253 3228 κατέπαυσε

204 3258 263 3342 τὴν
284 3257 390 3351 ἀρχὴν
413 3263 473 3328 τοῦ
496 3258 666 3341 Κάτωνος.
699 3257 738 3329 ‘0
763 3265 799 3328 δὲ
819 3259 931 3347 λαβὼν
953 3265 1089 3353 σπείρας
1111 3259 1254 3330 ὁπλιτῶν

203 3368 297 3430 πέντε
325 3370 380 3431 καλ
408 3367 642 3443 πεντακοσίους
673 3369 779 3443 ἱππεῖς
807 3361 1024 3455 προπομποὺς
1049 3370 1253 3458 κατεστρέψ-

204 3489 266 3531 ατο
285 3473 346 3552 μέν
367 3464 406 3533 τὸ
423 3469 625 3534 Λακετανῶν
643 3467 756 3549 ἔθνος,
775 3468 964 3548 ἑξακοσίους
980 3469 1015 3533 δὲ
1033 3468 1096 3534 τῶν
1110 3463 1254 3554 ἠυτομο-

204 3564 351 3649 ληκότων
380 3570 600 3656 κομισάμενος
624 3566 817 3638 άπέκτεινεν.
859 3566 932 3660 Ἐφ’
951 3562 1001 3647 οἷς
1020 3565 1253 3657 σχετλιάζοντα

204 3664 1254 3763 τὸνΣκηπίῶνακατειρωνευόμενοςοὕτωςέφητὴνῬῶμηνἔσεσ·

204 3775 275 3838 θαι
291 3773 458 3859 μεγίστην,
479 3775 545 3841 τῶν
560 3781 621 3861 μὲν
639 3771 776 3856 ἐνδόξων
793 3779 853 3861 μαὶ
872 3769 1023 3860 μεγάλων
1040 3771 1083 3840 τά
1101 3776 1159 3857 τῆς
1177 3771 1254 3865 aipe-

206 3876 263 3955 τῆς
285 3881 430 3965 πρωτεῖα
453 3873 499 3962 μὴ
520 3879 705 3963 μεθιέντων
727 3882 797 3954 τοῖς
817 3872 1045 3966 ἀσημοτέροις,
1068 3879 1131 3944 τῶν
1153 3870 1254 3944 δ’ῶσ-

204 4001 264 4066 περ
288 3971 390 4056 αὐτός
409 3981 480 4045 έστι
505 3979 690 4064 δημοτικῶν
711 3973 943 4065 ἁμιλλωμένων
964 3974 1062 4071 άρετῇ
1078 3975 1161 4067 πρὸς
1176 3977 1255 4066 τοὺς

205 4177 393 4268 συγκλήτου
425 4189 666 4276 ψηφισαμένης
701 4187 803 4270 μηδὲν
840 4177 1014 4248 ἀλλάττειν
1041 4183 1124 4266 μηδέ
1157 4189 1255 4248 κινεῖν

206 4283 270 4351 τῶν
291 4287 498 4376 διῳκημένων
517 4281 582 4353 ὑπὸ
601 4286 662 4352 τοῦ
679 4280 848 4364 Κάτωνος,
871 4279 891 4364 ἡ
914 4289 974 4368 μὲν
995 4277 1080 4371 άρχὴ
1101 4285 1146 4376 τῷ
1161 4283 1255 4362 Σκη-
