2992 4844
1155 353 1215 416 tis

214 506 353 575 acilius
377 507 407 584 1,
430 508 463 570 6.
507 509 672 574 Metellus
688 507 893 575 Numidicus
913 507 1034 594 grauis
1048 528 1090 572 ac
1104 507 1216 572 diser-

163 624 223 676 tus
244 611 311 674 vir.

231 712 355 776 Gellius
372 714 423 788 17,
449 713 481 775 2.
526 715 569 794 Q.
586 715 751 778 Metellus
766 713 975 794 Numidicas
997 728 1090 779 caste
1109 737 1215 800 pare·
1277 699 1285 710 „

165 838 232 902 que
253 818 375 898 lingna
397 837 481 878 usas
503 815 613 878 latina
634 815 783 880 videtur.

231 920 356 982 Fronto
380 917 487 1000 Epist.
512 939 546 999 p.
573 919 624 980 15.
649 916 703 980 ubi
725 921 852 1002 gaudet,
877 921 930 982 M.
948 920 1115 983 Aurelium
1140 942 1215 984 ora·

165 1021 284 1086 tinnern
307 1042 394 1082 suam
416 1018 554 1102 propria
578 1041 668 1083 uranu
693 1020 913 1104 descripsisse.
937 1023 1031 1104 Quid
1052 1026 1139 1096 tale,
1160 1022 1215 1100 ait,

167 1127 222 1188 M.
247 1123 371 1188 Porcio
393 1133 454 1184 ortt
477 1125 520 1204 Q.
549 1123 664 1186 Ennio
693 1136 755 1186 aut
785 1128 823 1188 C.
853 1127 1009 1189 Graccbo
1030 1138 1093 1188 aut
1116 1125 1215 1190 Ticio

163 1238 304 1310 poetae,
322 1225 406 1308 quid
426 1225 579 1305 Scipioni
602 1237 664 1287 arsi
679 1227 934 1302 Numidico,
958 1228 1042 1310 qaid
1057 1231 1112 1291 M.
1130 1230 1215 1290 Tal-

165 1329 213 1392 tio
235 1330 304 1390 tale
327 1349 394 1389 usu
416 1328 532 1388 venit?
561 1331 720 1409 Quorum
742 1329 823 1390 libri
842 1329 1067 1410 pretiosiores
1089 1331 1214 1391 baben-

164 1443 223 1493 tnr
239 1441 272 1492 et
286 1451 457 1491 summam
478 1430 629 1512 gloriam
652 1429 810 1505 retinent,
834 1432 866 1494 si
882 1443 962 1493 sunt
978 1432 1214 1512 Lampadione

163 1545 225 1596 ant
247 1532 407 1596 Staberio
432 1543 592 1594 aut....
623 1543 685 1594 aut
713 1534 888 1597 Aelio...
918 1547 979 1596 aut
1009 1535 1126 1598 Attico
1152 1545 1214 1596 aut
1258 1547 1260 1554 “

166 1636 316 1717 Nepote.
372 1637 458 1698 Mea
491 1634 608 1698 oratio
644 1635 780 1700 extabit
817 1639 873 1700 M.
912 1636 1074 1701 Caesaris
1109 1656 1216 1699 mann

164 1737 309 1820 scripta.

198 1880 325 1941 Scipioni]
362 1883 467 1937 Scipioni
481 1883 594 1927 Africano
613 1885 711 1938 uulneri,
731 1883 799 1928 cuius
817 1896 889 1938 supra
904 1885 1026 1928 orationes
1039 1885 1213 1933 recensuimus.

197 1967 382 2038 Lampadione]
418 1971 566 2029 Larnpsdns,
602 1972 735 2025 stabulos,
761 1972 844 2016 delius
873 1971 1028 2016 Grammatiei
1049 1971 1212 2024 celeberrimi,

233 2059 326 2104 Atticus
345 2063 368 2104 et
387 2057 515 2104 Cornelius
534 2058 614 2116 Nepos
634 2060 728 2104 librarii
745 2059 819 2104 luisse
840 2061 974 2104 traduntur.

412 2289 439 2346 l.
480 2289 579 2345 Oratio
601 2305 653 2362 pro
676 2305 708 2344 se
728 2290 765 2345 de
787 2289 967 2361 repetundis.

229 2419 332 2484 Causa
356 2432 422 2481 acta
449 2419 574 2482 videtur
604 2442 633 2481 a.
664 2421 725 2481 cll
749 2422 849 2498 (110).
895 2418 1048 2481 Metellus
1071 2417 1213 2480 Siciliam

163 2520 365 2606 prouinciam
379 2521 553 2585 obtinuisse
569 2521 682 2596 fertur,
707 2524 787 2584 unde
803 2542 951 2583 reversus
967 2521 1212 2600 repetundarum

163 2625 341 2708 postulatus
357 2637 388 2686 et
404 2625 566 2687 absolutus
590 2637 648 2686 est.
697 2622 769 2687 Cic.
794 2622 825 2685 in
841 2624 943 2684 Verr.
967 2621 999 2695 3,
1025 2620 1077 2682 90.
1103 2619 1212 2701 Epist.

164 2730 203 2789 ad
226 2726 328 2790 Arrio.
355 2732 388 2801 1,
415 2728 470 2802 10,
495 2727 526 2790 2.
550 2750 584 2808 p.
609 2725 704 2788 Ball).
730 2727 762 2788 5.
799 2723 951 2787 Valerius
975 2724 1070 2786 Max.
1096 2723 1132 2796 2,
1159 2723 1212 2784 10.

164 2829 330 2892 Drurnann
352 2843 375 2894 t.
398 2830 430 2892 2.
476 2851 510 2911 p.
535 2831 588 2893 37.
634 2829 762 2892 Ellendt
784 2850 818 2910 p.
841 2827 979 2928 nvlll.

180 3099 211 3158 0.
251 3099 350 3156 Oratio
369 3100 406 3156 ad
427 3100 564 3170 populum
584 3099 724 3155 adversus
744 3095 798 3152 Cn.
824 3094 966 3153 Manlium
985 3094 1130 3151 tribunum
1149 3095 1190 3166 pl.

226 3233 274 3294 ua
299 3207 474 3294 11111111.
499 3251 528 3292 a.
553 3231 613 3291 cn
638 3229 739 3310 (107).

226 3334 344 3398 Oratio
376 3332 506 3396 Metelli
539 3331 645 3394 habita
682 3342 730 3393 est
757 3332 910 3419 adversus
950 3326 1014 3390 Cn.
1052 3327 1210 3391 Manlium

162 3434 349 3498 Mancinum
373 3435 533 3497 tribunum
561 3435 607 3518 pl.
640 3455 668 3496 a.
704 3435 763 3495 017
795 3435 902 3511 (107),
927 3429 983 3515 qui
1007 3441 1078 3492 ante
1102 3451 1211 3494 onmes

163 3551 276 3600 auctor
300 3550 330 3601 et
353 3560 465 3600 suasor
488 3538 601 3611 fuerat,
618 3536 784 3598 Metellum
809 3556 849 3596 ex
865 3532 1014 3595 Numidia
1039 3529 1211 3593 revocandi

162 3650 194 3703 et
210 3640 321 3703 Mario
339 3641 455 3702 bellum
470 3637 692 3722 Iugurthinum
713 3631 941 3696 committendi.
989 3631 1119 3694 Sallust.
1137 3634 1211 3715 Ing.

163 3741 217 3803 73.
263 3741 344 3805 Cum
373 3753 475 3804 autem
508 3741 674 3803 Metellum
705 3736 736 3798 in
766 3733 976 3798 concionibus
1005 3755 1098 3813 saepe
1128 3733 1212 3795 lace-

162 3856 264 3905 rasset
293 3857 323 3906 et
346 3842 575 3919 lacessivisset‚
607 3839 758 3904 Metellus
781 3837 867 3919 ipse,
897 3847 1065 3918 postquam
1094 3834 1211 3895 invitus
1275 3828 1278 3835 ¹

162 3956 193 4006 et
217 3944 335 4008 invidia
357 3947 462 4028 plebis
486 3955 616 4008 coactus
639 3939 841 4022 provinciam
865 3936 1052 4019 reliquerat,
1075 3937 1210 3996 Romam

161 4070 309 4110 reversus
333 4051 513 4112 orationem
536 4047 684 4107 acerbam
709 4054 820 4105 contra
844 4061 914 4102 euru
936 4037 1053 4097 dixisse
1070 4033 1209 4097 videtur.

161 4149 312 4238 Celerum
345 4155 384 4212 de
412 4159 601 4234 argumento
629 4142 786 4206 orationis
814 4153 846 4205 et
875 4143 913 4200 de
941 4135 1068 4199 nomine
1090 4134 1210 4198 tribuni

158 4253 206 4335 pl.
236 4253 425 4316 dissentiunt
455 4248 572 4334 reliqui
598 4245 801 4326 interpretes.
846 4237 986 4318 Pighius
1019 4235 1101 4297 eninr
1133 4247 1155 4300 t.
1179 4239 1210 4301 8.

208 4396 283 4437 num
293 4396 349 4436 our
357 4395 416 4434 11111.
426 4393 506 4444 111...
521 4391 553 4431 a
562 4388 582 4431 2.
971 4377 1010 4438 18
