2984 4842
1173 366 1233 427 429

180 525 312 646 τραχύς.
347 521 479 611 (λύμην
503 519 588 590 ἀλλά
613 531 669 590 καί
690 521 787 611 χάρις
810 520 939 622 ἀγωγός
963 518 1076 642 ἀκοῆς
1089 526 1234 610 ἐπέτρεχε

179 657 218 726 τη
203 624 417 721 βραχύτητι
434 629 497 696 τών
522 623 695 713 νοημάτων
719 633 775 693 καὶ
799 624 836 692 τό
858 627 950 708 ι’γθος
972 621 1076 692 αὐτοῦ
1091 650 1234 712 καταμι·

178 731 336 820 γνύμενον
360 725 480 812 ἡδονήν
507 755 581 796 τινα
613 736 668 795 καὶ
696 732 853 817 μειδίαμα
878 730 924 820 τῷ
953 729 1059 819 σεμνῷ
1082 735 1234 819 παρεῖχεν

181 833 239 904 οὐκ
265 830 507 924 ἀπάνθρωπον.
538 828 590 897 H
619 835 653 898 δὲ
687 829 783 924 φωνὴ
811 799 948 918 μεγέθει
971 826 1235 920 μένάποχρώσα

180 945 237 1006 καὶ
253 933 441 1059 διαρκὴς’
416 962 462 1013 εις
485 937 644 1001 τοσοῦτον
672 936 843 1016 ἐξικέσθαι
864 929 1022 1020 δῆμον,
1007 930 1100 1020 ισχύν
1123 937 1236 1003 δὲκαὶ

181 1037 278 1108 τόνον
297 1038 462 1130 άρρηκτον
483 1029 545 1125 εἶχε
563 1043 619 1104 καὶ
636 1034 789 1127 ἄτρυτον.
811 1033 936 1127 ἡμέραν
957 1032 1021 1124 γάρ
1039 1028 1170 1117 όλην
1139 1036 1237 1106 ειπών

181 1139 340 1219 πολλάκις
359 1137 419 1208 ούκ
439 1135 654 1230 ἀπηγόρευσε.

245 1247 366 1310 Multas
389 1244 536 1308 habuisse
568 1243 731 1307 orationes
766 1256 891 1308 constat
922 1243 1095 1321 Catonem,
1124 1268 1233 1309 verum

184 1371 242 1413 una
267 1349 470 1412 solummodo
496 1348 668 1412 memoriae
694 1347 836 1429 prodita,
864 1359 943 1412 teste
967 1351 1158 1413 Plutarcho.

548 1523 648 1580 Oratio
668 1527 705 1580 de
726 1525 860 1582 Catilina.

249 1639 296 1698 Ea
313 1651 359 1700 est
380 1637 487 1700 habita
513 1659 539 1703 a.
565 1637 623 1700 691
652 1635 731 1722 (63).
757 1638 910 1700 Salustius
934 1638 1112 1702 orationem
1129 1638 1231 1704 Cato·

185 1739 233 1802 nis
249 1740 489 1804 celeberrimam
515 1740 607 1822 operi
633 1761 690 1803 suo
719 1743 756 1803 de
784 1739 921 1803 Catilina
949 1742 991 1824 (c.
1020 1743 1073 1819 52)
1090 1741 1233 1818 inseruit,

185 1843 227 1906 ita
244 1856 347 1906 tamen
365 1855 398 1905 ut
415 1854 633 1928 argumentum
654 1842 719 1906 eius
743 1854 836 1927 atque
853 1843 1020 1906 consilium
1038 1843 1234 1927 exprimeret

184 1950 412 2030 redderetque,
445 1967 553 2008 verum
588 1968 673 2008 suam
706 1945 804 2027 ipsius
835 1945 1006 2010 dictionem
1036 1946 1155 2012 Catoni
1176 1949 1233 2010 tri·

185 2052 309 2112 bueret.
335 2047 434 2111 Cous.
460 2048 552 2111 Orat.
576 2046 726 2110 Caesaris
748 2069 782 2130 p.
808 2049 882 2110 414.
906 2050 1072 2112 Drumann
1089 2060 1112 2112 t.
1138 2052 1169 2113 3.
1197 2072 1231 2132 p.

188 2155 260 2214 174.
288 2163 313 2212 t.
342 2153 373 2213 5.
401 2173 433 2233 p.
459 2151 532 2212 528.

249 2256 337 2318 Plut.
372 2251 453 2316 Cato
487 2253 540 2315 23.
582 2247 626 2318 ‘0
653 2247 772 2317 Κάτων
798 2249 947 2330 ἀναστὰς
971 2249 1077 2331 εὐθύς
1100 2249 1168 2320 ἵετο
1188 2257 1234 2347 τῷ

188 2351 274 2447 λόγῳ
298 2350 370 2441 μετ’
398 2351 498 2440 ὀργῆς
527 2361 582 2421 καὶ
613 2349 753 2430 πάθους
781 2349 837 2420 τόν
864 2379 897 2420 τε
923 2352 1074 2421 Σιλανὸν
1098 2358 1236 2437 κακίζων

177 2459 249 2538 τῆς
260 2459 446 2544 μεταβολῆς
466 2463 520 2524 καὶ
534 2452 795 2542 καθαπτόμενος
813 2457 871 2520 τού
888 2456 1077 2544 Καίσαρος,
1097 2451 1139 2535 ώς
1158 2453 1235 2546 σχή-

188 2585 271 2648 ματι
291 2561 456 2652 δημοτικῷ
471 2567 527 2626 καὶ
546 2558 633 2651 λόγῳ
657 2551 890 2650 φιλανθρώπῳ
912 2554 970 2638 τὴν
986 2552 1083 2652 πόλιν
1099 2554 1236 2645 ἀνατρέ-

188 2688 309 2741 ποντος
334 2669 391 2729 καὶ
413 2666 642 2751 δεδιττομένου
664 2658 723 2742 τὴν
742 2656 874 2746 βουλίην.
894 2656 950 2750 ἐφ’
981 2654 1029 2738 οἷς
1052 2657 1155 2728 αὐτὸν
1173 2662 1237 2729 ἔδει

189 2769 328 2832 δεδιέναι
344 2772 400 2831 καὶ
414 2762 559 2857 ἀγαπᾷν,
581 2761 612 2830 εἰ
633 2764 694 2830 τών
713 2757 893 2848 γεγονότων
909 2759 1027 2854 ἀθῷος
1046 2759 1235 2845 ἀπαλλάξαι

189 2875 244 2936 καὶ
260 2863 448 2946 ἀνύποπτος
469 2860 572 2945 οίίτως
590 2866 779 2959 περιφανῶς
802 2870 857 2930 καί
873 2861 995 2950 ἰταμῶς
1016 2863 1092 2942 τοὺς
1107 2865 1237 2946 κοινούς

189 2966 376 3060 ἐξαρπάζων
394 2971 569 3057 πολεμίους
591 2975 647 3034 καὶ
665 2966 724 3050 τὴν
749 2963 831 3058 παρ’
849 2963 944 3033 οὐδὲν
965 2968 1136 3035 ἐλθοῦσαν
1154 2965 1236 3035 ἀπο-

189 3077 315 3140 λέσθαι
328 3074 472 3163 πατρίδα
483 3066 640 3152 τοιαύτην
651 3077 707 3136 καὶ
719 3066 882 3150 τοσαύτην
896 3065 1064 3156 ὁμολογῶν
1075 3067 1120 3156 μίγ
1130 3073 1236 3152 ἐλεεῖν,

190 3173 266 3242 ἀλλ’
285 3171 343 3254 olle
358 3176 422 3242 ἔδει
434 3171 480 3260 μὴ
502 3177 664 3260 γενέσθαι
687 3176 769 3259 μηδέ
790 3173 893 3264 φῦναι
909 3169 1058 3263 δακρύων
1078 3179 1134 3239 καὶ
1156 3171 1237 3240 ἀνα-

189 3273 399 3365 κλαιόμενος,
423 3273 453 3342 εἰ
469 3272 580 3361 φόνων
594 3281 650 3342 καὶ
667 3270 817 3363 μεγάλων
832 3275 987 3343 κινδύνων
1008 3271 1237 3357 ἀπαλλάξουσι

189 3379 247 3463 τὴν
272 3377 369 3448 πόλιν
392 3373 635 3456 ἀποθανόντες.
679 3379 841 3445 Τοῦτον
861 3374 990 3464 μόνον
1014 3369 1063 3445 ὧν
1090 3374 1238 3446 Κάτων

190 3475 576 3562 είπεδιασώζεσθαί
592 3504 699 3574 φασι
718 3478 786 3547 τὸν
811 3476 957 3567 loyor,
977 3484 1162 3572 Κικέρωνος
1177 3506 1235 3547 του

190 3581 319 3651 ὑπάτου
347 3583 424 3660 τοὺς
448 3565 671 3675 διαφέροντας
696 3579 825 3664 ὀξύτητι
851 3583 914 3650 τών
938 3588 1093 3677 γραφέων
1119 3585 1238 3670 σημεῖα

191 3681 501 3770 προδιδάξαντος’
486 3708 519 3750 εν
550 3690 680 3770 μικροῖς
712 3690 767 3750 καὶ
797 3686 935 3774 βραχέσι
965 3682 1080 3764 τύποις
1110 3687 1252 3781 πολλῶν·

191 3779 395 3874 γραμμάτων
421 3787 537 3872 ἔχοντα
563 3782 718 3872 δύναμιν,
750 3776 823 3851 εἶττ
858 3785 960 3855 ἀλλον
989 3785 1153 3877 ἀλλαχόσε
1179 3786 1241 3853 τοῦ

191 3886 429 3972 βουλευτηρίου
449 3882 618 3974 σποράδην
637 3884 911 4006 έμβαλόντοςμ-
924 3883 1108 3976 Ἐκράτησε
1130 3881 1162 3952 δ
1180 3871 1239 3950 ούν

192 4013 211 4053 ο
200 3981 351 4053 “Κάτων
366 3992 420 4052 καὶ
434 3989 608 4073 μετέστησε
631 3986 691 4065 τάς
708 3982 850 4074 γνώμας,
866 3979 948 4054 tlon
963 3985 1118 4056 θάνατον
1134 4011 1236 4054 κατα-

191 4089 423 4183 ψηφίσασθαι
446 4087 509 4151 τών
531 4083 667 4174 ἀνδρῶν.

256 4190 397 4274 Appian.
425 4189 506 4257 Bell
539 4188 615 4254 civ.
640 4192 676 4265 2,
699 4193 730 4252 6.
791 4190 995 4257 Δικαίουὲ
960 4192 995 4255 δὲ
1025 4193 1083 4270 τῆς
1112 4187 1242 4276 γνώμης

192 4293 371 4377 (Caesaris)
399 4290 557 4387 φανείσης
589 4293 643 4357 καί
672 4287 913 4377 δεχθείσης,’
894 4291 1044 4378 ακρατιῖις
1073 4293 1103 4354 ol
1125 4292 1242 4356 πολλοί
