<?xml version="1.0" encoding="UTF-8"?>
<!DOCTYPE html PUBLIC "-//W3C//DTD XHTML 1.0 Transitional//EN"
    "http://www.w3.org/TR/xhtml1/DTD/xhtml1-transitional.dtd">
<html xmlns="http://www.w3.org/1999/xhtml" xml:lang="en" lang="en">
 <head>
  <title>
</title>
<meta http-equiv="Content-Type" content="text/html;charset=utf-8" />
  <meta name='ocr-system' content='tesseract 3.04.00' />
  <meta name='ocr-capabilities' content='ocr_page ocr_carea ocr_par ocr_line ocrx_word'/>
</head>
<body>
  <div class='ocr_page' id='page_1' title='image "./oratorumromanor02meyegoog_0329.png"; bbox 0 0 2992 4844; ppageno 0'>
   <div class='ocr_carea' id='block_1_1' title="bbox 1194 390 1255 452">
    <p class='ocr_par' dir='ltr' id='par_1_1' title="bbox 1194 390 1255 452">
     <span class='ocr_line' id='line_1_1' title="bbox 1194 390 1255 452; baseline 0 -1"><span class='ocrx_word' id='word_1_1' title='bbox 1194 390 1255 452; x_wconf 81' lang='lat'><em>309</em></span> 
     </span>
    </p>
   </div>
   <div class='ocr_carea' id='block_1_2' title="bbox 208 534 1254 1040">
    <p class='ocr_par' dir='ltr' id='par_1_2' title="bbox 208 534 1254 1040">
     <span class='ocr_line' id='line_1_2' title="bbox 273 534 1253 634; baseline 0.008 -29"><span class='ocrx_word' id='word_1_2' title='bbox 273 539 363 605; x_wconf 84' lang='lat' dir='ltr'><strong>Plut.</strong></span> <span class='ocrx_word' id='word_1_3' title='bbox 394 539 573 620; x_wconf 84' lang='lat' dir='ltr'><strong>Praecepta</strong></span> <span class='ocrx_word' id='word_1_4' title='bbox 600 534 741 601; x_wconf 82' lang='lat' dir='ltr'><strong>Politica</strong></span> <span class='ocrx_word' id='word_1_5' title='bbox 767 548 792 604; x_wconf 84' lang='lat' dir='ltr'><em>t..</em></span> <span class='ocrx_word' id='word_1_6' title='bbox 823 539 879 615; x_wconf 77' lang='grc'><strong>12,</strong></span> <span class='ocrx_word' id='word_1_7' title='bbox 909 561 943 622; x_wconf 92' lang='lat' dir='ltr'><em>p.</em></span> <span class='ocrx_word' id='word_1_8' title='bbox 975 543 1047 605; x_wconf 82' lang='grc'><strong>167.</strong></span> <span class='ocrx_word' id='word_1_9' title='bbox 1092 541 1253 634; x_wconf 80' lang='grc' dir='ltr'><em>Κράσσος</em></span> 
     </span>
     <span class='ocr_line' id='line_1_3' title="bbox 209 635 1254 732; baseline 0.006 -24"><span class='ocrx_word' id='word_1_10' title='bbox 209 636 353 730; x_wconf 79' lang='grc' dir='ltr'><em>ὁρητωρ</em></span> <span class='ocrx_word' id='word_1_11' title='bbox 369 640 527 725; x_wconf 81' lang='grc' dir='ltr'><em>Δομιτίου</em></span> <span class='ocrx_word' id='word_1_12' title='bbox 552 636 635 729; x_wconf 87' lang='grc' dir='ltr'><em>πρὸς</em></span> <span class='ocrx_word' id='word_1_13' title='bbox 656 635 759 706; x_wconf 84' lang='grc' dir='ltr'><em>αὐτὸν</em></span> <span class='ocrx_word' id='word_1_14' title='bbox 780 637 937 719; x_wconf 77' lang='grc' dir='ltr'><em>εἰπόντος·</em></span> <span class='ocrx_word' id='word_1_15' title='bbox 964 639 1068 708; x_wconf 89' lang='lat'><em>06</em></span> <span class='ocrx_word' id='word_1_16' title='bbox 1033 668 1073 710; x_wconf 93' lang='grc' dir='ltr'><em>συ</em></span> <span class='ocrx_word' id='word_1_17' title='bbox 1094 649 1254 732; x_wconf 88' lang='grc' dir='ltr'><em>μυραίνης</em></span> 
     </span>
     <span class='ocr_line' id='line_1_4' title="bbox 208 733 1254 864; baseline 0.009 -55"><span class='ocrx_word' id='word_1_18' title='bbox 208 746 241 810; x_wconf 80' lang='grc' dir='ltr'><em>ἐν</em></span> <span class='ocrx_word' id='word_1_19' title='bbox 251 739 479 864; x_wconf 75' lang='grc' dir='ltr'><em>κολυμβήθρᾳ</em></span> <span class='ocrx_word' id='word_1_20' title='bbox 495 766 549 808; x_wconf 92' lang='grc' dir='ltr'><em>σοι</em></span> <span class='ocrx_word' id='word_1_21' title='bbox 564 746 774 834; x_wconf 74' lang='grc' dir='ltr'><strong><em>τρεφομένης,</em></strong></span> <span class='ocrx_word' id='word_1_22' title='bbox 797 733 844 809; x_wconf 84' lang='grc' dir='ltr'><em>εἶτ</em></span> <span class='ocrx_word' id='word_1_23' title='bbox 848 739 1145 829; x_wconf 79' lang='grc' dir='ltr'><em>ἀποθανούσης’</em></span> <span class='ocrx_word' id='word_1_24' title='bbox 1137 746 1254 818; x_wconf 87' lang='grc' dir='ltr'><em>ε’κλαυ-</em></span> 
     </span>
     <span class='ocr_line' id='line_1_5' title="bbox 208 841 1254 946; baseline 0.006 -32"><span class='ocrx_word' id='word_1_25' title='bbox 208 872 289 929; x_wconf 83' lang='grc' dir='ltr'><em>σας,·</em></span> <span class='ocrx_word' id='word_1_26' title='bbox 318 841 552 935; x_wconf 85' lang='grc' dir='ltr'><em>ἀντηρώτησεν·</em></span> <span class='ocrx_word' id='word_1_27' title='bbox 590 842 628 911; x_wconf 83' lang='grc' dir='ltr'><em>οὐ</em></span> <span class='ocrx_word' id='word_1_28' title='bbox 666 842 706 912; x_wconf 82' lang='grc' dir='ltr'><em>σὺ</em></span> <span class='ocrx_word' id='word_1_29' title='bbox 737 850 822 935; x_wconf 82' lang='grc' dir='ltr'><em>τρεῖς</em></span> <span class='ocrx_word' id='word_1_30' title='bbox 849 852 1007 932; x_wconf 77' lang='grc' dir='ltr'><em>γυναῖκας</em></span> <span class='ocrx_word' id='word_1_31' title='bbox 1039 845 1167 946; x_wconf 76' lang='grc' dir='ltr'><em>θοίιμας</em></span> <span class='ocrx_word' id='word_1_32' title='bbox 1196 850 1254 920; x_wconf 83' lang='grc' dir='ltr'><em>οὐκ</em></span> 
     </span>
     <span class='ocr_line' id='line_1_6' title="bbox 208 946 412 1040; baseline -0.005 -24"><span class='ocrx_word' id='word_1_33' title='bbox 208 946 412 1040; x_wconf 78' lang='grc' dir='ltr'><em>ἐδάκρυσας,·</em></span> 
     </span>
    </p>
   </div>
   <div class='ocr_carea' id='block_1_3' title="bbox 107 1067 1254 2804">
    <p class='ocr_par' dir='ltr' id='par_1_3' title="bbox 107 1067 1252 1886">
     <span class='ocr_line' id='line_1_7' title="bbox 271 1067 1249 1154; baseline 0.008 -18"><span class='ocrx_word' id='word_1_34' title='bbox 271 1073 360 1136; x_wconf 88' lang='lat' dir='ltr'><strong>Plut.</strong></span> <span class='ocrx_word' id='word_1_35' title='bbox 396 1071 448 1134; x_wconf 88' lang='lat' dir='ltr'><em>De</em></span> <span class='ocrx_word' id='word_1_36' title='bbox 485 1067 622 1133; x_wconf 85' lang='lat' dir='ltr'><strong>Sotertia</strong></span> <span class='ocrx_word' id='word_1_37' title='bbox 670 1068 848 1133; x_wconf 85' lang='lat' dir='ltr'><strong>animalium</strong></span> <span class='ocrx_word' id='word_1_38' title='bbox 890 1092 961 1154; x_wconf 84' lang='lat' dir='ltr'><strong>cap.</strong></span> <span class='ocrx_word' id='word_1_39' title='bbox 1004 1075 1057 1139; x_wconf 74' lang='lat'><em>23.</em></span> <span class='ocrx_word' id='word_1_40' title='bbox 1110 1079 1152 1140; x_wconf 92' lang='lat' dir='ltr'><em>T.</em></span> <span class='ocrx_word' id='word_1_41' title='bbox 1200 1081 1249 1145; x_wconf 78' lang='lat'><em>13.</em></span> 
     </span>
     <span class='ocr_line' id='line_1_8' title="bbox 206 1163 1250 1296; baseline 0.011 -59"><span class='ocrx_word' id='word_1_42' title='bbox 206 1199 240 1258; x_wconf 89' lang='lat' dir='ltr'><em>p.</em></span> <span class='ocrx_word' id='word_1_43' title='bbox 273 1175 345 1238; x_wconf 88' lang='grc'><strong>180.</strong></span> <span class='ocrx_word' id='word_1_44' title='bbox 384 1168 403 1253; x_wconf 80' lang='grc' dir='ltr'><em>ἡ</em></span> <span class='ocrx_word' id='word_1_45' title='bbox 436 1171 500 1296; x_wconf 75' lang='grc' dir='ltr'><em>μάρ</em></span> <span class='ocrx_word' id='word_1_46' title='bbox 535 1167 636 1265; x_wconf 74' lang='grc' dir='ltr'><em>φύσις</em></span> <span class='ocrx_word' id='word_1_47' title='bbox 670 1163 748 1238; x_wconf 76' lang='grc' dir='ltr'><em>ὅσον</em></span> <span class='ocrx_word' id='word_1_48' title='bbox 781 1173 949 1254; x_wconf 76' lang='grc' dir='ltr'><em>ἐξικνεῖται</em></span> <span class='ocrx_word' id='word_1_49' title='bbox 982 1173 1167 1263; x_wconf 74' lang='grc' dir='ltr'><em>μαθήσεως</em></span> <span class='ocrx_word' id='word_1_50' title='bbox 1195 1179 1250 1248; x_wconf 79' lang='grc' dir='ltr'><em>ἐπ’</em></span> 
     </span>
     <span class='ocr_line' id='line_1_9' title="bbox 207 1273 1254 1371; baseline 0.008 -28"><span class='ocrx_word' id='word_1_51' title='bbox 207 1273 327 1358; x_wconf 77' lang='grc' dir='ltr'><em>αὐτὴν,</em></span> <span class='ocrx_word' id='word_1_52' title='bbox 346 1277 513 1393; x_wconf 70' lang='grc' dir='ltr'><em>’ρδεχοιίνη</em></span> <span class='ocrx_word' id='word_1_53' title='bbox 548 1300 603 1341; x_wconf 88' lang='grc' dir='ltr'><em>και</em></span> <span class='ocrx_word' id='word_1_54' title='bbox 637 1278 817 1360; x_wconf 78' lang='grc' dir='ltr'><em>στέγουσα,</em></span> <span class='ocrx_word' id='word_1_55' title='bbox 854 1281 987 1365; x_wconf 80' lang='grc' dir='ltr'><em>παρέχει</em></span> <span class='ocrx_word' id='word_1_56' title='bbox 1017 1325 1060 1336; x_wconf 88' lang='lat'><em>-</em></span> <span class='ocrx_word' id='word_1_57' title='bbox 1086 1287 1254 1371; x_wconf 82' lang='grc' dir='ltr'><em>πολλαχοῦ</em></span> 
     </span>
     <span class='ocr_line' id='line_1_10' title="bbox 207 1371 1252 1478; baseline 0.008 -31"><span class='ocrx_word' id='word_1_58' title='bbox 207 1378 310 1469; x_wconf 78' lang='grc' dir='ltr'><em>ἰχθῦς</em></span> <span class='ocrx_word' id='word_1_59' title='bbox 323 1374 553 1456; x_wconf 80' lang='grc' dir='ltr'><em>ὑπακούοντας</em></span> <span class='ocrx_word' id='word_1_60' title='bbox 567 1373 674 1444; x_wconf 82' lang='grc' dir='ltr'><em>αὐτῶν</em></span> <span class='ocrx_word' id='word_1_61' title='bbox 690 1374 860 1464; x_wconf 87' lang='grc' dir='ltr'><em>ὀνόμασιν·</em></span> <span class='ocrx_word' id='word_1_62' title='bbox 883 1371 990 1466; x_wconf 78' lang='grc' dir='ltr'><em>ὥσπερ</em></span> <span class='ocrx_word' id='word_1_63' title='bbox 1014 1379 1072 1464; x_wconf 75' lang='grc' dir='ltr'><em>τὴν</em></span> <span class='ocrx_word' id='word_1_64' title='bbox 1088 1381 1252 1478; x_wconf 83' lang='grc' dir='ltr'><em>Κράσσου</em></span> 
     </span>
     <span class='ocr_line' id='line_1_11' title="bbox 205 1472 1252 1602; baseline 0.007 -52"><span class='ocrx_word' id='word_1_65' title='bbox 205 1481 371 1576; x_wconf 79' lang='grc' dir='ltr'><em>μύραιναν</em></span> <span class='ocrx_word' id='word_1_66' title='bbox 386 1484 585 1571; x_wconf 79' lang='grc' dir='ltr'><em>ἱστοροῦσιν,</em></span> <span class='ocrx_word' id='word_1_67' title='bbox 603 1472 641 1562; x_wconf 82' lang='grc' dir='ltr'><em>ἧς</em></span> <span class='ocrx_word' id='word_1_68' title='bbox 663 1477 906 1602; x_wconf 74' lang='grc' dir='ltr'><em>ἀποθανούσης</em></span> <span class='ocrx_word' id='word_1_69' title='bbox 928 1479 1118 1552; x_wconf 74' lang='grc' dir='ltr'><em>ἔκλαυσεν</em></span> <span class='ocrx_word' id='word_1_70' title='bbox 1102 1512 1119 1552; x_wconf 94' lang='grc' dir='ltr'><em>ο</em></span> <span class='ocrx_word' id='word_1_71' title='bbox 1137 1486 1252 1576; x_wconf 84' lang='grc' dir='ltr'><em>Κροίσ-</em></span> 
     </span>
     <span class='ocr_line' id='line_1_12' title="bbox 207 1581 1251 1672; baseline 0.007 -19"><span class='ocrx_word' id='word_1_72' title='bbox 207 1604 274 1664; x_wconf 90' lang='grc' dir='ltr'><em>σος·</em></span> <span class='ocrx_word' id='word_1_73' title='bbox 304 1587 438 1653; x_wconf 86' lang='grc' dir='ltr'><em>καίτεοτε</em></span> <span class='ocrx_word' id='word_1_74' title='bbox 480 1585 638 1672; x_wconf 79' lang='grc' dir='ltr'><em>Δομιτίου</em></span> <span class='ocrx_word' id='word_1_75' title='bbox 677 1583 761 1672; x_wconf 89' lang='grc' dir='ltr'><em>πρὸς</em></span> <span class='ocrx_word' id='word_1_76' title='bbox 790 1581 892 1652; x_wconf 83' lang='grc' dir='ltr'><em>αυτὸν</em></span> <span class='ocrx_word' id='word_1_77' title='bbox 920 1582 1078 1666; x_wconf 88' lang='grc' dir='ltr'><em>ειπόντος·</em></span> <span class='ocrx_word' id='word_1_78' title='bbox 1129 1588 1175 1657; x_wconf 83' lang='lat'><em>06</em></span> <span class='ocrx_word' id='word_1_79' title='bbox 1212 1591 1251 1660; x_wconf 80' lang='grc' dir='ltr'><strong>σύ</strong></span> 
     </span>
     <span class='ocr_line' id='line_1_13' title="bbox 205 1682 1251 1780; baseline 0.006 -24"><span class='ocrx_word' id='word_1_80' title='bbox 205 1691 365 1780; x_wconf 80' lang='grc' dir='ltr'><em>μυραίνης</em></span> <span class='ocrx_word' id='word_1_81' title='bbox 401 1682 645 1768; x_wconf 73' lang='grc' dir='ltr'><em>ἀποθανούσης</em></span> <span class='ocrx_word' id='word_1_82' title='bbox 682 1683 863 1770; x_wconf 74' lang='grc' dir='ltr'><em>’ἑαλαυσαςς</em></span> <span class='ocrx_word' id='word_1_83' title='bbox 897 1684 1097 1772; x_wconf 78' lang='grc' dir='ltr'><em>ἀπήντησεν’</em></span> <span class='ocrx_word' id='word_1_84' title='bbox 1142 1692 1180 1760; x_wconf 90' lang='lat'><em>06</em></span> <span class='ocrx_word' id='word_1_85' title='bbox 1212 1694 1251 1762; x_wconf 86' lang='grc' dir='ltr'><strong>σύ</strong></span> 
     </span>
     <span class='ocr_line' id='line_1_14' title="bbox 107 1785 930 1886; baseline -0.004 -27"><span class='ocrx_word' id='word_1_86' title='bbox 107 1793 110 1799; x_wconf 77' lang='grc'><strong>’</strong></span> <span class='ocrx_word' id='word_1_87' title='bbox 207 1799 293 1882; x_wconf 83' lang='grc' dir='ltr'><em>τρεῖς</em></span> <span class='ocrx_word' id='word_1_88' title='bbox 314 1788 443 1886; x_wconf 73' lang='grc' dir='ltr'><em>θάψας</em></span> <span class='ocrx_word' id='word_1_89' title='bbox 465 1796 624 1878; x_wconf 76' lang='grc' dir='ltr'><em>γυναῖκας</em></span> <span class='ocrx_word' id='word_1_90' title='bbox 646 1785 705 1856; x_wconf 81' lang='grc' dir='ltr'><em>οὐκ</em></span> <span class='ocrx_word' id='word_1_91' title='bbox 727 1786 930 1881; x_wconf 78' lang='grc' dir='ltr'><em>ε’ὁείιιρυσας,·</em></span> 
     </span>
    </p>

    <p class='ocr_par' dir='ltr' id='par_1_4' title="bbox 206 1913 1252 2318">
     <span class='ocr_line' id='line_1_15' title="bbox 269 1913 1249 1987; baseline 0.009 -9"><span class='ocrx_word' id='word_1_92' title='bbox 269 1914 424 1978; x_wconf 84' lang='lat' dir='ltr'><strong>Aelianus</strong></span> <span class='ocrx_word' id='word_1_93' title='bbox 446 1913 534 1978; x_wconf 93' lang='lat' dir='ltr'><strong>Hist.</strong></span> <span class='ocrx_word' id='word_1_94' title='bbox 553 1913 694 1979; x_wconf 85' lang='lat' dir='ltr'><strong>Animal.</strong></span> <span class='ocrx_word' id='word_1_95' title='bbox 718 1914 817 1977; x_wconf 86' lang='lat' dir='ltr'><strong>VIII.</strong></span> <span class='ocrx_word' id='word_1_96' title='bbox 843 1915 875 1977; x_wconf 95' lang='grc'><em>1.</em></span> <span class='ocrx_word' id='word_1_97' title='bbox 900 1914 982 1980; x_wconf 86' lang='lat' dir='ltr'><strong>idem</strong></span> <span class='ocrx_word' id='word_1_98' title='bbox 1007 1917 1249 1987; x_wconf 82' lang='lat' dir='ltr'><strong>dietumaffert.</strong></span> 
     </span>
     <span class='ocr_line' id='line_1_16' title="bbox 207 2006 1251 2146; baseline 0.007 -61"><span class='ocrx_word' id='word_1_99' title='bbox 207 2019 277 2085; x_wconf 88' lang='grc' dir='ltr'><em>Καί</em></span> <span class='ocrx_word' id='word_1_100' title='bbox 292 2043 370 2084; x_wconf 91' lang='grc' dir='ltr'><em>ποτε</em></span> <span class='ocrx_word' id='word_1_101' title='bbox 389 2018 545 2103; x_wconf 80' lang='grc' dir='ltr'><em>Δομιτίου</em></span> <span class='ocrx_word' id='word_1_102' title='bbox 559 2014 642 2106; x_wconf 86' lang='grc' dir='ltr'><em>πρὸς</em></span> <span class='ocrx_word' id='word_1_103' title='bbox 665 2011 767 2082; x_wconf 78' lang='grc' dir='ltr'><em>αὐτὸν</em></span> <span class='ocrx_word' id='word_1_104' title='bbox 789 2012 947 2098; x_wconf 79' lang='grc' dir='ltr'><em>εἰπόντος,</em></span> <span class='ocrx_word' id='word_1_105' title='bbox 973 2006 997 2085; x_wconf 88' lang='lat'><em>6</em></span> <span class='ocrx_word' id='word_1_106' title='bbox 1016 2031 1116 2144; x_wconf 69' lang='grc' dir='ltr'><em>ματρί,</em></span> <span class='ocrx_word' id='word_1_107' title='bbox 1130 2021 1251 2146; x_wconf 83' lang='grc' dir='ltr'><em>μύραι-</em></span> 
     </span>
     <span class='ocr_line' id='line_1_17' title="bbox 206 2110 1252 2239; baseline 0.006 -51"><span class='ocrx_word' id='word_1_108' title='bbox 206 2147 267 2188; x_wconf 90' lang='grc' dir='ltr'><em>ναν</em></span> <span class='ocrx_word' id='word_1_109' title='bbox 295 2117 461 2196; x_wconf 76' lang='grc' dir='ltr'><em>’ἔκλαυσας</em></span> <span class='ocrx_word' id='word_1_110' title='bbox 490 2121 698 2198; x_wconf 78' lang='grc' dir='ltr'><em>τεθνεῶσαν,</em></span> <span class='ocrx_word' id='word_1_111' title='bbox 709 2110 779 2188; x_wconf 79' lang='grc' dir='ltr'><em>ὅδε</em></span> <span class='ocrx_word' id='word_1_112' title='bbox 807 2115 1041 2239; x_wconf 73' lang='grc' dir='ltr'><em>ὑπολαβρίν,</em></span> <span class='ocrx_word' id='word_1_113' title='bbox 1025 2121 1086 2208; x_wconf 70' lang='grc' dir='ltr'><em>εγὼ</em></span> <span class='ocrx_word' id='word_1_114' title='bbox 1112 2129 1252 2218; x_wconf 88' lang='grc' dir='ltr'><em>θηρίον,</em></span> 
     </span>
     <span class='ocr_line' id='line_1_18' title="bbox 207 2217 1175 2318; baseline 0.002 -27"><span class='ocrx_word' id='word_1_115' title='bbox 207 2223 332 2318; x_wconf 68' lang='grc' dir='ltr'><em>ἒςτατο,</em></span> <span class='ocrx_word' id='word_1_116' title='bbox 358 2219 398 2289; x_wconf 85' lang='grc' dir='ltr'><strong>σύ</strong></span> <span class='ocrx_word' id='word_1_117' title='bbox 426 2225 460 2288; x_wconf 62' lang='lat' dir='ltr'><em>oe</em></span> <span class='ocrx_word' id='word_1_118' title='bbox 484 2225 603 2312; x_wconf 69' lang='grc' dir='ltr'><em>τρεῖςη</em></span> <span class='ocrx_word' id='word_1_119' title='bbox 591 2226 749 2307; x_wconf 66' lang='grc' dir='ltr'><em>γυναῖκας</em></span> <span class='ocrx_word' id='word_1_120' title='bbox 771 2217 898 2311; x_wconf 81' lang='grc' dir='ltr'><em>θάψας</em></span> <span class='ocrx_word' id='word_1_121' title='bbox 921 2219 980 2290; x_wconf 82' lang='grc' dir='ltr'><em>οὐκ</em></span> <span class='ocrx_word' id='word_1_122' title='bbox 1001 2221 1175 2306; x_wconf 82' lang='grc' dir='ltr'><em>εκλαυσας.</em></span> 
     </span>
    </p>

    <p class='ocr_par' dir='ltr' id='par_1_5' title="bbox 208 2319 1253 2804">
     <span class='ocr_line' id='line_1_19' title="bbox 269 2319 1253 2450; baseline 0.008 -59"><span class='ocrx_word' id='word_1_123' title='bbox 269 2325 475 2408; x_wconf 81' lang='lat' dir='ltr'><strong>Porphyrius</strong></span> <span class='ocrx_word' id='word_1_124' title='bbox 499 2327 548 2390; x_wconf 89' lang='lat' dir='ltr'><em>De</em></span> <span class='ocrx_word' id='word_1_125' title='bbox 571 2323 774 2387; x_wconf 88' lang='lat' dir='ltr'><strong>Abstinentia</strong></span> <span class='ocrx_word' id='word_1_126' title='bbox 798 2325 867 2401; x_wconf 90' lang='lat'><strong>111,</strong></span> <span class='ocrx_word' id='word_1_127' title='bbox 892 2319 966 2388; x_wconf 85' lang='lat'><em>5.‘</em></span> <span class='ocrx_word' id='word_1_128' title='bbox 948 2353 967 2406; x_wconf 90' lang='grc' dir='ltr'><em>η</em></span> <span class='ocrx_word' id='word_1_129' title='bbox 990 2329 1071 2412; x_wconf 73' lang='grc' dir='ltr'><em>γοῦν</em></span> <span class='ocrx_word' id='word_1_130' title='bbox 1088 2326 1253 2450; x_wconf 80' lang='grc' dir='ltr'><em>Κροίσσου</em></span> 
     </span>
     <span class='ocr_line' id='line_1_20' title="bbox 210 2422 1251 2546; baseline 0.004 -51"><span class='ocrx_word' id='word_1_131' title='bbox 210 2431 268 2495; x_wconf 85' lang='grc' dir='ltr'><em>τοῦ</em></span> <span class='ocrx_word' id='word_1_132' title='bbox 280 2424 360 2514; x_wconf 83' lang='grc' dir='ltr'><em>Ροη</em></span> <span class='ocrx_word' id='word_1_133' title='bbox 361 2429 470 2494; x_wconf 79' lang='grc' dir='ltr'><em>ιαϊκοῦ</em></span> <span class='ocrx_word' id='word_1_134' title='bbox 490 2424 638 2546; x_wconf 81' lang='grc' dir='ltr'><em>μύραινα</em></span> <span class='ocrx_word' id='word_1_135' title='bbox 667 2422 827 2512; x_wconf 86' lang='grc' dir='ltr'><em>ὀνομαστι</em></span> <span class='ocrx_word' id='word_1_136' title='bbox 849 2431 1033 2514; x_wconf 78' lang='grc' dir='ltr'><em>καλουμένη</em></span> <span class='ocrx_word' id='word_1_137' title='bbox 1050 2455 1152 2524; x_wconf 82' lang='grc' dir='ltr'><em>προςι</em></span> <span class='ocrx_word' id='word_1_138' title='bbox 1143 2457 1181 2512; x_wconf 91' lang='grc' dir='ltr'><em>ει</em></span> <span class='ocrx_word' id='word_1_139' title='bbox 1208 2459 1251 2499; x_wconf 87' lang='grc' dir='ltr'><em>τοι</em></span> 
     </span>
     <span class='ocr_line' id='line_1_21' title="bbox 208 2457 1252 2624; baseline 0.004 -27"><span class='ocrx_word' id='word_1_140' title='bbox 208 2457 400 2624; x_wconf 66' lang='grc' dir='ltr'><em>Κροίσορί,ε</em></span> <span class='ocrx_word' id='word_1_141' title='bbox 381 2556 418 2598; x_wconf 94' lang='grc' dir='ltr'><em>ον</em></span> <span class='ocrx_word' id='word_1_142' title='bbox 444 2557 501 2597; x_wconf 88' lang='grc' dir='ltr'><em>και</em></span> <span class='ocrx_word' id='word_1_143' title='bbox 522 2522 627 2607; x_wconf 76' lang='grc' dir='ltr'><em>οὕτως</em></span> <span class='ocrx_word' id='word_1_144' title='bbox 651 2531 823 2609; x_wconf 76' lang='grc' dir='ltr'><em>διέθηκεν,</em></span> <span class='ocrx_word' id='word_1_145' title='bbox 851 2523 894 2606; x_wconf 86' lang='grc' dir='ltr'><em>ὡς</em></span> <span class='ocrx_word' id='word_1_146' title='bbox 919 2533 1090 2612; x_wconf 79' lang='grc' dir='ltr'><em>πενθῆσαι</em></span> <span class='ocrx_word' id='word_1_147' title='bbox 1113 2528 1252 2601; x_wconf 86' lang='grc' dir='ltr'><em>ἀποθα-</em></span> 
     </span>
     <span class='ocr_line' id='line_1_22' title="bbox 208 2627 1253 2726; baseline 0.001 -24"><span class='ocrx_word' id='word_1_148' title='bbox 208 2637 341 2712; x_wconf 83' lang='grc' dir='ltr'><em>νοῦσαν,</em></span> <span class='ocrx_word' id='word_1_149' title='bbox 357 2635 456 2726; x_wconf 78' lang='grc' dir='ltr'><em>τριῶν</em></span> <span class='ocrx_word' id='word_1_150' title='bbox 480 2637 599 2699; x_wconf 74' lang='grc' dir='ltr'><em>τέκνων</em></span> <span class='ocrx_word' id='word_1_151' title='bbox 625 2627 796 2717; x_wconf 77' lang='grc' dir='ltr'><em>ἀποβολὴν</em></span> <span class='ocrx_word' id='word_1_152' title='bbox 767 2627 985 2722; x_wconf 79' lang='grc' dir='ltr'><em>ηπρὸτερον</em></span> <span class='ocrx_word' id='word_1_153' title='bbox 1004 2634 1142 2723; x_wconf 82' lang='grc' dir='ltr'><em>μετρίως</em></span> <span class='ocrx_word' id='word_1_154' title='bbox 1169 2639 1253 2724; x_wconf 76' lang='grc' dir='ltr'><em>ἐνεμ-</em></span> 
     </span>
     <span class='ocr_line' id='line_1_23' title="bbox 208 2764 321 2804; baseline 0.009 -1"><span class='ocrx_word' id='word_1_155' title='bbox 208 2764 321 2804; x_wconf 84' lang='grc' dir='ltr'><em>κοντα.</em></span> 
     </span>
    </p>
   </div>
   <div class='ocr_carea' id='block_1_4' title="bbox 339 2935 1119 3007">
    <p class='ocr_par' dir='ltr' id='par_1_6' title="bbox 339 2935 1119 3007">
     <span class='ocr_line' id='line_1_24' title="bbox 339 2935 1119 3007; baseline 0 -13"><span class='ocrx_word' id='word_1_156' title='bbox 339 2939 368 2996; x_wconf 86' lang='grc'><strong>9.</strong></span> <span class='ocrx_word' id='word_1_157' title='bbox 408 2936 504 2993; x_wconf 87' lang='lat' dir='ltr'><strong>Oratio</strong></span> <span class='ocrx_word' id='word_1_158' title='bbox 524 2953 575 3007; x_wconf 91' lang='lat' dir='ltr'><em>pro</em></span> <span class='ocrx_word' id='word_1_159' title='bbox 597 2937 650 2993; x_wconf 87' lang='lat' dir='ltr'><em>Cu.</em></span> <span class='ocrx_word' id='word_1_160' title='bbox 673 2935 790 2992; x_wconf 83' lang='lat' dir='ltr'><strong>Plancio</strong></span> <span class='ocrx_word' id='word_1_161' title='bbox 810 2939 908 2993; x_wconf 84' lang='lat' dir='ltr'><strong>eontra</strong></span> <span class='ocrx_word' id='word_1_162' title='bbox 929 2935 968 2994; x_wconf 89' lang='lat' dir='ltr'><em>M.</em></span> <span class='ocrx_word' id='word_1_163' title='bbox 990 2936 1119 2994; x_wconf 77' lang='lat' dir='ltr'><strong>Brutum.</strong></span> 
     </span>
    </p>
   </div>
   <div class='ocr_carea' id='block_1_5' title="bbox 170 3068 1257 4380">
    <p class='ocr_par' dir='ltr' id='par_1_7' title="bbox 170 3068 1257 4380">
     <span class='ocr_line' id='line_1_25' title="bbox 271 3068 1253 3146; baseline 0.002 -14"><span class='ocrx_word' id='word_1_164' title='bbox 271 3071 351 3132; x_wconf 90' lang='lat' dir='ltr'><em>Eam</em></span> <span class='ocrx_word' id='word_1_165' title='bbox 369 3068 547 3133; x_wconf 84' lang='lat' dir='ltr'><strong>orationem</strong></span> <span class='ocrx_word' id='word_1_166' title='bbox 569 3090 598 3131; x_wconf 90' lang='lat' dir='ltr'><em>a.</em></span> <span class='ocrx_word' id='word_1_167' title='bbox 624 3068 685 3130; x_wconf 78' lang='lat'><em>663</em></span> <span class='ocrx_word' id='word_1_168' title='bbox 709 3068 791 3146; x_wconf 83' lang='lat'><strong>(91),</strong></span> <span class='ocrx_word' id='word_1_169' title='bbox 816 3089 880 3131; x_wconf 91' lang='lat' dir='ltr'><em>nou</em></span> <span class='ocrx_word' id='word_1_170' title='bbox 903 3070 1002 3134; x_wconf 92' lang='lat' dir='ltr'><strong>multo</strong></span> <span class='ocrx_word' id='word_1_171' title='bbox 1026 3081 1096 3132; x_wconf 86' lang='lat' dir='ltr'><strong>ante</strong></span> <span class='ocrx_word' id='word_1_172' title='bbox 1121 3082 1253 3135; x_wconf 90' lang='lat' dir='ltr'><strong>mortem</strong></span> 
     </span>
     <span class='ocr_line' id='line_1_26' title="bbox 208 3169 1254 3256; baseline 0.002 -21"><span class='ocrx_word' id='word_1_173' title='bbox 208 3176 250 3236; x_wconf 91' lang='lat' dir='ltr'><em>L.</em></span> <span class='ocrx_word' id='word_1_174' title='bbox 285 3172 412 3246; x_wconf 79' lang='lat' dir='ltr'><strong>Crassi,</strong></span> <span class='ocrx_word' id='word_1_175' title='bbox 444 3169 582 3232; x_wconf 80' lang='lat' dir='ltr'>habitam</span> <span class='ocrx_word' id='word_1_176' title='bbox 617 3169 733 3234; x_wconf 78' lang='lat' dir='ltr'><strong>scribit</strong></span> <span class='ocrx_word' id='word_1_177' title='bbox 769 3171 970 3234; x_wconf 82' lang='lat' dir='ltr'><strong>Drurnannus</strong></span> <span class='ocrx_word' id='word_1_178' title='bbox 1004 3184 1027 3235; x_wconf 91' lang='lat' dir='ltr'><em>t.</em></span> <span class='ocrx_word' id='word_1_179' title='bbox 1064 3173 1096 3235; x_wconf 87' lang='grc'><em>1.</em></span> <span class='ocrx_word' id='word_1_180' title='bbox 1134 3195 1167 3256; x_wconf 87' lang='lat' dir='ltr'><em>p.</em></span> <span class='ocrx_word' id='word_1_181' title='bbox 1203 3177 1254 3245; x_wconf 75' lang='lat'><em>66.</em></span> 
     </span>
     <span class='ocr_line' id='line_1_27' title="bbox 208 3273 1256 3360; baseline 0.003 -22"><span class='ocrx_word' id='word_1_182' title='bbox 208 3275 313 3340; x_wconf 84' lang='lat' dir='ltr'><strong>Causa</strong></span> <span class='ocrx_word' id='word_1_183' title='bbox 336 3296 471 3357; x_wconf 90' lang='lat' dir='ltr'><strong>prorsus</strong></span> <span class='ocrx_word' id='word_1_184' title='bbox 493 3273 633 3350; x_wconf 87' lang='lat' dir='ltr'><strong>incerta;</strong></span> <span class='ocrx_word' id='word_1_185' title='bbox 663 3297 733 3336; x_wconf 89' lang='lat' dir='ltr'><em>nam</em></span> <span class='ocrx_word' id='word_1_186' title='bbox 760 3296 801 3337; x_wconf 87' lang='lat' dir='ltr'><em>cx</em></span> <span class='ocrx_word' id='word_1_187' title='bbox 828 3275 1017 3357; x_wconf 78' lang='lat' dir='ltr'><strong>fragmentis</strong></span> <span class='ocrx_word' id='word_1_188' title='bbox 1040 3298 1121 3360; x_wconf 85' lang='lat' dir='ltr'><strong>quae</strong></span> <span class='ocrx_word' id='word_1_189' title='bbox 1144 3299 1256 3358; x_wconf 88' lang='lat' dir='ltr'><strong>super-</strong></span> 
     </span>
     <span class='ocr_line' id='line_1_28' title="bbox 207 3375 1256 3462; baseline 0.002 -22"><span class='ocrx_word' id='word_1_190' title='bbox 207 3389 278 3440; x_wconf 82' lang='lat' dir='ltr'><strong>sunt</strong></span> <span class='ocrx_word' id='word_1_191' title='bbox 315 3375 444 3441; x_wconf 90' lang='lat' dir='ltr'><strong>nounisi</strong></span> <span class='ocrx_word' id='word_1_192' title='bbox 477 3375 644 3440; x_wconf 87' lang='lat' dir='ltr'><strong>ridiculum</strong></span> <span class='ocrx_word' id='word_1_193' title='bbox 687 3376 845 3441; x_wconf 86' lang='lat' dir='ltr'><strong>orationis</strong></span> <span class='ocrx_word' id='word_1_194' title='bbox 878 3400 996 3458; x_wconf 84' lang='lat' dir='ltr'><strong>genus,</strong></span> <span class='ocrx_word' id='word_1_195' title='bbox 1037 3401 1101 3462; x_wconf 81' lang='lat' dir='ltr'><em>qno</em></span> <span class='ocrx_word' id='word_1_196' title='bbox 1134 3378 1165 3442; x_wconf 88' lang='lat' dir='ltr'><em>in</em></span> <span class='ocrx_word' id='word_1_197' title='bbox 1195 3382 1256 3442; x_wconf 90' lang='lat' dir='ltr'><em>hae</em></span> 
     </span>
     <span class='ocr_line' id='line_1_29' title="bbox 209 3480 1255 3560; baseline 0.003 -19"><span class='ocrx_word' id='word_1_198' title='bbox 209 3501 300 3542; x_wconf 87' lang='lat' dir='ltr'><strong>cansa</strong></span> <span class='ocrx_word' id='word_1_199' title='bbox 327 3482 444 3542; x_wconf 89' lang='lat' dir='ltr'><strong>Brutus</strong></span> <span class='ocrx_word' id='word_1_200' title='bbox 468 3491 636 3544; x_wconf 82' lang='lat' dir='ltr'><strong>accusator</strong></span> <span class='ocrx_word' id='word_1_201' title='bbox 664 3491 695 3542; x_wconf 91' lang='lat' dir='ltr'><em>et</em></span> <span class='ocrx_word' id='word_1_202' title='bbox 720 3480 855 3543; x_wconf 82' lang='lat' dir='ltr'><strong>Crassus</strong></span> <span class='ocrx_word' id='word_1_203' title='bbox 877 3490 1032 3560; x_wconf 84' lang='lat' dir='ltr'><strong>patronus</strong></span> <span class='ocrx_word' id='word_1_204' title='bbox 1055 3481 1182 3544; x_wconf 86' lang='lat' dir='ltr'><strong>Plaueii</strong></span> <span class='ocrx_word' id='word_1_205' title='bbox 1206 3483 1255 3544; x_wconf 92' lang='lat' dir='ltr'><strong>usi</strong></span> 
     </span>
     <span class='ocr_line' id='line_1_30' title="bbox 208 3573 1254 3666; baseline 0.003 -23"><span class='ocrx_word' id='word_1_206' title='bbox 208 3593 296 3657; x_wconf 89' lang='lat' dir='ltr'><strong>sunt,</strong></span> <span class='ocrx_word' id='word_1_207' title='bbox 326 3582 564 3666; x_wconf 84' lang='lat' dir='ltr'><strong>cognoscimus.</strong></span> <span class='ocrx_word' id='word_1_208' title='bbox 598 3573 722 3644; x_wconf 63' lang='lat' dir='ltr'><strong>Brutus&#39;</strong></span> <span class='ocrx_word' id='word_1_209' title='bbox 746 3583 911 3645; x_wconf 87' lang='lat' dir='ltr'><strong>obiecerat</strong></span> <span class='ocrx_word' id='word_1_210' title='bbox 941 3581 1062 3646; x_wconf 83' lang='lat' dir='ltr'><strong>Crasso</strong></span> <span class='ocrx_word' id='word_1_211' title='bbox 1095 3583 1254 3646; x_wconf 84' lang='lat' dir='ltr'><strong>levitatem</strong></span> 
     </span>
     <span class='ocr_line' id='line_1_31' title="bbox 170 3683 1256 3769; baseline 0.002 -23"><span class='ocrx_word' id='word_1_212' title='bbox 170 3689 174 3697; x_wconf 88' lang='lat'>&#39;</span> <span class='ocrx_word' id='word_1_213' title='bbox 209 3697 239 3746; x_wconf 87' lang='lat' dir='ltr'><em>et</em></span> <span class='ocrx_word' id='word_1_214' title='bbox 254 3683 513 3759; x_wconf 84' lang='lat' dir='ltr'><strong>inconstantiam,</strong></span> <span class='ocrx_word' id='word_1_215' title='bbox 530 3697 564 3747; x_wconf 91' lang='lat' dir='ltr'><em>ut</em></span> <span class='ocrx_word' id='word_1_216' title='bbox 586 3685 641 3769; x_wconf 91' lang='lat' dir='ltr'><em>qui</em></span> <span class='ocrx_word' id='word_1_217' title='bbox 665 3687 762 3749; x_wconf 89' lang='lat' dir='ltr'><strong>modo</strong></span> <span class='ocrx_word' id='word_1_218' title='bbox 785 3683 1005 3766; x_wconf 86' lang='lat' dir='ltr'><strong>optimatium,</strong></span> <span class='ocrx_word' id='word_1_219' title='bbox 1031 3689 1127 3749; x_wconf 88' lang='lat' dir='ltr'><strong>modo</strong></span> <span class='ocrx_word' id='word_1_220' title='bbox 1144 3687 1256 3768; x_wconf 90' lang='lat' dir='ltr'><strong>populi</strong></span> 
     </span>
     <span class='ocr_line' id='line_1_32' title="bbox 209 3785 1256 3869; baseline 0.005 -24"><span class='ocrx_word' id='word_1_221' title='bbox 209 3797 333 3848; x_wconf 88' lang='lat' dir='ltr'><strong>secutus</strong></span> <span class='ocrx_word' id='word_1_222' title='bbox 357 3788 398 3850; x_wconf 90' lang='lat' dir='ltr'><strong>sit</strong></span> <span class='ocrx_word' id='word_1_223' title='bbox 419 3802 545 3869; x_wconf 83' lang='lat' dir='ltr'><strong>partes:</strong></span> <span class='ocrx_word' id='word_1_224' title='bbox 583 3787 614 3850; x_wconf 90' lang='lat' dir='ltr'><em>id</em></span> <span class='ocrx_word' id='word_1_225' title='bbox 637 3785 720 3851; x_wconf 89' lang='lat' dir='ltr'><strong>enim</strong></span> <span class='ocrx_word' id='word_1_226' title='bbox 750 3808 906 3868; x_wconf 90' lang='lat' dir='ltr'><strong>apparere</strong></span> <span class='ocrx_word' id='word_1_227' title='bbox 930 3809 971 3849; x_wconf 89' lang='lat' dir='ltr'><em>cx</em></span> <span class='ocrx_word' id='word_1_228' title='bbox 994 3788 1194 3850; x_wconf 85' lang='lat' dir='ltr'><strong>orationibus</strong></span> <span class='ocrx_word' id='word_1_229' title='bbox 1217 3792 1256 3850; x_wconf 90' lang='lat' dir='ltr'><em>de</em></span> 
     </span>
     <span class='ocr_line' id='line_1_33' title="bbox 209 3887 1256 3972; baseline 0.003 -25"><span class='ocrx_word' id='word_1_230' title='bbox 209 3887 280 3972; x_wconf 86' lang='lat' dir='ltr'><strong>lege</strong></span> <span class='ocrx_word' id='word_1_231' title='bbox 303 3888 438 3952; x_wconf 87' lang='lat' dir='ltr'><strong>Servilia</strong></span> <span class='ocrx_word' id='word_1_232' title='bbox 471 3902 501 3952; x_wconf 88' lang='lat' dir='ltr'><em>et</em></span> <span class='ocrx_word' id='word_1_233' title='bbox 534 3894 572 3952; x_wconf 89' lang='lat' dir='ltr'><em>de</em></span> <span class='ocrx_word' id='word_1_234' title='bbox 595 3888 723 3952; x_wconf 86' lang='lat' dir='ltr'><strong>colonia</strong></span> <span class='ocrx_word' id='word_1_235' title='bbox 760 3889 983 3966; x_wconf 85' lang='lat' dir='ltr'><strong>Narbonensi,</strong></span> <span class='ocrx_word' id='word_1_236' title='bbox 1009 3888 1132 3951; x_wconf 91' lang='lat' dir='ltr'><strong>cumin</strong></span> <span class='ocrx_word' id='word_1_237' title='bbox 1157 3888 1256 3950; x_wconf 89' lang='lat' dir='ltr'><strong>altera</strong></span> 
     </span>
     <span class='ocr_line' id='line_1_34' title="bbox 208 3988 1256 4074; baseline 0.001 -22"><span class='ocrx_word' id='word_1_238' title='bbox 208 4012 270 4071; x_wconf 88' lang='lat' dir='ltr'><em>pro</em></span> <span class='ocrx_word' id='word_1_239' title='bbox 287 3991 503 4074; x_wconf 84' lang='lat' dir='ltr'><strong>optimatibus,</strong></span> <span class='ocrx_word' id='word_1_240' title='bbox 529 3992 560 4052; x_wconf 93' lang='lat' dir='ltr'><em>in</em></span> <span class='ocrx_word' id='word_1_241' title='bbox 584 3990 682 4052; x_wconf 84' lang='lat' dir='ltr'><strong>altera</strong></span> <span class='ocrx_word' id='word_1_242' title='bbox 706 4005 817 4055; x_wconf 90' lang='lat' dir='ltr'><strong>contra</strong></span> <span class='ocrx_word' id='word_1_243' title='bbox 841 4012 896 4053; x_wconf 89' lang='lat' dir='ltr'><strong>eos</strong></span> <span class='ocrx_word' id='word_1_244' title='bbox 912 4001 1095 4072; x_wconf 85' lang='lat' dir='ltr'><strong>pugnasset.</strong></span> <span class='ocrx_word' id='word_1_245' title='bbox 1120 3988 1256 4053; x_wconf 87' lang='lat' dir='ltr'><strong>Crassus</strong></span> 
     </span>
     <span class='ocr_line' id='line_1_35' title="bbox 207 4087 1255 4157; baseline -0.002 -3"><span class='ocrx_word' id='word_1_246' title='bbox 207 4091 321 4157; x_wconf 88' lang='lat' dir='ltr'><strong>deiude</strong></span> <span class='ocrx_word' id='word_1_247' title='bbox 345 4093 438 4157; x_wconf 88' lang='lat' dir='ltr'><strong>simili</strong></span> <span class='ocrx_word' id='word_1_248' title='bbox 474 4105 563 4154; x_wconf 88' lang='lat' dir='ltr'><strong>utens</strong></span> <span class='ocrx_word' id='word_1_249' title='bbox 594 4091 717 4154; x_wconf 83' lang='lat' dir='ltr'><strong>ratione</strong></span> <span class='ocrx_word' id='word_1_250' title='bbox 756 4093 896 4155; x_wconf 89' lang='lat' dir='ltr'><strong>omnium</strong></span> <span class='ocrx_word' id='word_1_251' title='bbox 932 4087 1255 4153; x_wconf 87' lang='lat' dir='ltr'><strong>inconstantissimum</strong></span> 
     </span>
     <span class='ocr_line' id='line_1_36' title="bbox 208 4189 1257 4276; baseline -0.001 -18"><span class='ocrx_word' id='word_1_252' title='bbox 208 4197 344 4259; x_wconf 92' lang='lat' dir='ltr'><strong>Brutum</strong></span> <span class='ocrx_word' id='word_1_253' title='bbox 360 4217 429 4258; x_wconf 87' lang='lat' dir='ltr'><strong>esse</strong></span> <span class='ocrx_word' id='word_1_254' title='bbox 453 4193 624 4276; x_wconf 88' lang='lat' dir='ltr'><strong>probavit,</strong></span> <span class='ocrx_word' id='word_1_255' title='bbox 648 4192 767 4276; x_wconf 86' lang='lat' dir='ltr'><strong>quiex</strong></span> <span class='ocrx_word' id='word_1_256' title='bbox 791 4194 921 4257; x_wconf 87' lang='lat' dir='ltr'><strong>homine</strong></span> <span class='ocrx_word' id='word_1_257' title='bbox 945 4189 1042 4252; x_wconf 86' lang='lat' dir='ltr'><strong>divite</strong></span> <span class='ocrx_word' id='word_1_258' title='bbox 1068 4202 1099 4251; x_wconf 91' lang='lat' dir='ltr'><em>et</em></span> <span class='ocrx_word' id='word_1_259' title='bbox 1120 4191 1257 4257; x_wconf 89' lang='lat' dir='ltr'><strong>honesto</strong></span> 
     </span>
     <span class='ocr_line' id='line_1_37' title="bbox 205 4293 917 4380; baseline -0.001 -22"><span class='ocrx_word' id='word_1_260' title='bbox 205 4296 238 4359; x_wconf 94' lang='lat' dir='ltr'><em>in</em></span> <span class='ocrx_word' id='word_1_261' title='bbox 263 4307 484 4380; x_wconf 86' lang='lat' dir='ltr'><strong>paupertatem</strong></span> <span class='ocrx_word' id='word_1_262' title='bbox 508 4309 538 4358; x_wconf 86' lang='lat' dir='ltr'><em>et</em></span> <span class='ocrx_word' id='word_1_263' title='bbox 559 4293 720 4358; x_wconf 86' lang='lat' dir='ltr'><strong>infamiam</strong></span> <span class='ocrx_word' id='word_1_264' title='bbox 742 4295 917 4360; x_wconf 90' lang='lat' dir='ltr'><strong>incidisset.</strong></span> 
     </span>
    </p>
   </div>
   <div class='ocr_carea' id='block_1_6' title="bbox 0 0 1500 4844">
    <p class='ocr_par' dir='ltr' id='par_1_8' title="bbox 0 0 1500 4844">
     <span class='ocr_line' id='line_1_38' title="bbox 0 0 1500 4844; baseline 0 0"><span class='ocrx_word' id='word_1_265' title='bbox 0 0 1500 4844; x_wconf 95' lang='lat' dir='ltr'><em> </em></span> 
     </span>
    </p>
   </div>
  </div>
 </body>
</html>
