2984 4842
400 591 572 650 LXXXVll.
614 589 718 664 Appius
740 591 871 648 Claudius
891 591 1017 646 Pulcher.

247 727 349 788 Natus
370 747 451 788 anno
473 724 604 787 circiter
625 746 653 785 a.
679 725 738 785 557
762 725 843 803 (97).
873 724 1012 786 Praetor
1028 744 1056 783 a.
1075 724 1134 786 097
1152 726 1232 800 (57),

183 829 292 892 consul
329 849 357 890 a.
393 830 454 890 700
486 827 575 904 (54);
612 827 788 908 proconsul
824 825 960 890 Ciliciae
996 847 1024 890 a.
1063 827 1122 888 701
1159 828 1238 902 (53),

184 952 299 1000 censor
315 952 345 992 a.
371 933 432 992 700
457 928 532 1012 (50).
558 931 709 994 Mortuus
737 928 837 992 estin
861 928 997 992 Graecia
1023 950 1052 991 a.
1075 931 1135 992 705
1154 932 1234 1009 (09).

184 1032 283 1098 Cous.
303 1035 469 1098 Drumann
490 1045 516 1096 t.
543 1033 573 1102 2.
600 1056 634 1114 p.
661 1033 735 1096 186.

247 1137 321 1202 Cic.
339 1138 432 1200 Brut.
461 1139 513 1198 77.
559 1136 691 1218 Appius
708 1136 875 1200 Claudius
895 1149 928 1198 et
951 1137 1037 1200 solis
1058 1135 1237 1200 studiosus

183 1252 216 1301 cc
241 1240 337 1301 ualde
366 1261 443 1301 cum
467 1240 589 1302 doctus
620 1250 694 1300 lum
730 1239 834 1302 eliam
863 1239 1076 1302 exercitatus
1102 1251 1235 1314 orator,

184 1353 217 1404 et
247 1363 323 1404 cum
351 1343 536 1424 auguralis
562 1353 636 1403 tum
664 1343 776 1404 omnis
811 1343 940 1425 publici
973 1342 1058 1404 iuris
1087 1342 1237 1426 antiqui·

184 1443 334 1527 latisque
357 1456 498 1508 nostras
521 1446 602 1506 bene
623 1445 759 1526 peritus
769 1443 870 1536 fuit.

250 1545 325 1611 Cic.
362 1550 401 1610 ad
437 1546 539 1610 famil.
570 1549 604 1621 3,
639 1552 696 1623 ll,
733 1549 765 1610 3.
821 1550 1018 1630 Au-gurolcs
1052 1547 1158 1609 libros
1191 1549 1238 1610 ad

184 1672 362 1712 commune
384 1651 564 1734 utriusque
586 1663 746 1715 nostrum
767 1651 877 1714 olium
901 1671 1020 1712 serua:
1042 1671 1108 1732 ego
1130 1652 1234 1726 enim,

183 1775 206 1814 a
227 1765 261 1815 tc
289 1775 366 1815 cum
397 1766 459 1815 tua
485 1755 659 1836 promisso
681 1776 746 1836 per
769 1754 889 1816 literas
909 1753 1153 1842 flagitabam,
1189 1754 1237 1816 acl

185 1857 303 1918 urbem
322 1867 354 1918 lc
373 1856 621 1919 otiosissimum
644 1879 717 1920 csse
738 1856 949 1918 arbitrabar.
988 1857 1091 1920 Nunc
1106 1866 1233 1932 lamen,

185 1970 223 2021 ut
242 1958 315 2040 ipsc
333 1959 520 2039 polliceris,
546 1981 611 2038 pro
632 1959 861 2042 auguralibus
885 1958 981 2021 libris
1006 1958 1237 2022 orationes

185 2071 282 2122 tuos
309 2058 487 2146 confectos
513 2083 631 2124 omncs
655 2062 875 2144 exspectabo.

222 2206 361 2266 augurales
385 2204 476 2266 libros]
519 2221 603 2252 corum
632 2207 751 2252 librorum
771 2207 918 2252 rnsnlionsm
941 2207 1000 2252 facil
1022 2207 1109 2250 Festus
1129 2219 1153 2261 p.
1175 2203 1235 2252 298.

257 2293 355 2352 Appius
373 2293 482 2338 Pulclcsr
504 2296 529 2340 in
552 2295 689 2355 auguralis
707 2294 860 2351 disciplinae
877 2294 943 2338 libro
958 2295 1044 2352 primo
1063 2299 1109 2338 etc.

224 2383 351 2426 orationes
370 2380 439 2441 luas]
475 2398 517 2429 eac
547 2389 648 2428 aetatem
678 2397 724 2426 non
749 2386 871 2443 tuleram,
898 2396 941 2428 aec
964 2385 1026 2427 ullus
1044 2384 1149 2438 scriptor
1173 2383 1237 2442 frag-

256 2476 361 2514 meulucn
380 2473 499 2528 quoddam
518 2473 631 2516 servaris.

254 2646 281 2703 1.
322 2645 421 2704 Oralio
442 2652 542 2704 contra
562 2647 729 2704 Terentium
749 2647 909 2703 Varronem
930 2645 1165 2717 repetundarum.

230 2777 312 2840 Acta
324 2790 371 2840 est
383 2801 476 2842 causa
489 2800 519 2842 a.
534 2779 594 2843 079
607 2780 687 2858 (75).
698 2777 795 2842 Conf.
805 2777 984 2842 Hortensii
992 2780 1107 2842 Oratt.
1120 2799 1153 2859 p.
1163 2777 1237 2847 358.

188 2880 315 2962 Appius
337 2880 490 2946 Claudius
516 2882 700 2946 adolescens
725 2903 813 2944 reum
837 2880 917 2944 fecit
942 2878 1129 2944 Terentium
1150 2881 1238 2944 Var-

188 3005 311 3060 ronem,
327 2997 498 3070 postquam
523 3007 565 3047 ex
587 2983 666 3048 Asia
690 2982 859 3066 provincia
886 3005 1033 3046 reversus
1059 2993 1119 3060 est,
1144 3002 1237 3063 repe·

188 3090 366 3150 landarum.
402 3089 484 3150 Eum
508 3085 648 3150 defendit
673 3084 880 3150 Hortensius.
909 3087 1062 3150 Pseudo·
1077 3084 1237 3148 Asconius

189 3187 221 3250 in
244 3177 388 3255 Divinat.
413 3190 445 3254 in
472 3191 611 3254 Verrem
633 3211 667 3272 p.
694 3188 766 3252 109.
811 3187 947 3270 Appius
972 3189 1137 3254 Claudius
1152 3189 1237 3251 ado-

188 3293 316 3356 lescens
337 3296 478 3370 nobilis,
509 3316 587 3358 cum
613 3305 793 3356 accusaret
816 3291 1017 3354 Terentium
1043 3296 1237 3358 Varronem

187 3398 458 3476 repetundorum
486 3422 533 3463 car
557 3399 660 3472 Asia,
689 3397 797 3460 victus
822 3396 866 3458 ob
895 3396 1084 3458 Hortensio
1110 3406 1178 3458 est:
1202 3393 1239 3456 in

187 3517 255 3578 quo
291 3499 420 3563 iudicio
459 3501 685 3566 discoloribus
722 3499 810 3562 ceris
848 3497 953 3580 signa
989 3497 1238 3561 sententiarum

189 3601 412 3663 notabantur.

281 3773 311 3829 2.
352 3775 452 3832 Oratio
472 3794 523 3849 pro
545 3793 577 3834 sc
597 3781 698 3836 contra
718 3777 749 3833 P.
773 3777 938 3836 Cornelium
957 3776 1149 3834 Dolabellam.

255 3902 382 3983 Appius
413 3926 429 3964 a
458 3907 499 3968 P.
534 3907 703 3970 Dolabella
728 3908 830 3971 laesae
863 3906 1036 3970 maiestatis
1059 3901 1241 3985 postulatur

191 4025 220 4066 a.
243 4005 303 4066 700
321 4006 409 4082 (50)ι
431 4010 487 4068 sed
509 4007 673 4071 absolutus
696 4020 756 4072 est.
778 4007 972 4072 Hortensius
989 4010 1024 4085 (v
1040 4026 1088 4084 .p.
1105 3998 1193 4083 377.)
1210 4012 1255 4084 εἰ,

191 4107 243 4169 Μ.
272 4108 391 4169 Brutus
410 4127 481 4168 eum
498 4107 718 4172 defenderunt.
743 4108 874 4173 Coelius
896 4111 936 4169 ad
964 4106 1155 4170 Ciceronem
1183 4100 1241 4165 lib.

190 4209 223 4286 8,
241 4211 272 4272 6.
296 4210 378 4275 Non
401 4209 521 4273 dubito
543 4209 625 4292 quin
644 4214 817 4293 perlatum
838 4210 885 4273 ud
907 4219 940 4270 te
959 4207 1026 4282 sil,
1052 4202 1205 4287 Appium
1219 4224 1243 4266 a

190 4313 370 4377 Dolabella
391 4331 491 4374 reum
500 4308 661 4402 sactum.
