2992 4844
273 339 334 402 tot

271 499 427 572 laudent,
456 512 488 562 et
515 511 657 580 uterque
690 498 724 560 in
757 497 873 560 multis
899 497 1013 561 causis
1046 511 1204 562 uersatus
1229 515 1319 566 erat.

271 604 312 665 In
330 601 535 684 quibusdam
556 600 724 662 laudandi
749 600 837 674 oiri,
868 600 1004 663 etiamsi
1028 601 1175 664 maximi
1188 602 1321 684 ingenii

271 723 339 766 non
360 715 487 776 essent,
511 704 706 784 probabiles
730 715 844 764 tamen
866 703 1052 766 industria.
1098 708 1319 790 Quamquam

271 807 324 867 his
356 806 492 890 quidem
528 827 595 869 non
634 807 774 871 omnino
800 806 994 888 ingenium,
1029 808 1089 868 secl
1125 809 1319 872 oratorium

271 909 449 990 ingenium
474 907 602 1000 deficit.
637 932 667 970 c.
696 910 749 972 30.
804 910 955 974 Rutilius
988 909 1023 970 in
1046 913 1197 993 quodam
1224 913 1320 974 tristi

271 1023 303 1074 ct
328 1032 447 1074 seuero
472 1034 598 1094 genere
625 1013 762 1075 dicentii
791 1024 948 1075 versatus
974 1023 1037 1073 est.
1088 1016 1194 1076 Sunt
1225 1013 1320 1076 eius

272 1114 503 1177 orationes
525 1095 707 1188 ieiunae,
736 1118 843 1177 multa
865 1118 1047 1196 praeclara
1071 1115 1213 1189 deiure,
1239 1116 1318 1180 ‹loe-

271 1217 393 1278 tusoir
415 1229 446 1279 et
476 1219 611 1300 graecis
635 1219 745 1280 literis
774 1218 949 1291 eruditus,
979 1219 1135 1280 Panaetii
1160 1218 1315 1293 auditor,

268 1341 378 1401 prope
410 1318 593 1406 perfectus
626 1321 659 1382 in
690 1320 833 1392 Stoicis,
874 1341 1021 1402 qttorum
1050 1334 1254 1402 peracutum
1288 1333 1321 1383 et

270 1423 360 1484 artis
379 1426 520 1506 plenum
549 1423 720 1486 orationis
746 1444 856 1505 genus
888 1422 956 1485 scis
979 1435 1094 1484 tamen
1117 1443 1188 1485 esso
1214 1424 1318 1497 exile,

271 1545 331 1586 nee
369 1526 455 1586 satis
493 1526 657 1607 populari
695 1526 888 1588 assensioni
930 1526 1241 1588 accommodatum.
1280 1561 1320 1570 —

271 1628 447 1690 Habemus
462 1628 573 1709 igitur
587 1628 622 1690 in
648 1628 773 1692 Stoicis
796 1629 993 1691 oratoribus
1011 1629 1195 1700 Rutilium,
1214 1632 1321 1692 Scau·

273 1751 350 1791 rum
366 1730 400 1790 in
416 1730 568 1815 antiquis
574 1753 586 1800 ,·
608 1745 791 1813 utrumque
818 1743 932 1796 tamen
951 1732 1143 1804 laudemus,
1159 1729 1323 1814 quoniam

270 1853 335 1912 per
356 1832 490 1893 illosne
515 1834 597 1894 haec
624 1834 761 1915 quidem
786 1834 820 1895 in
842 1831 978 1896 ciuitate
1005 1855 1134 1916 genera
1155 1836 1218 1895 hae
1240 1855 1321 1897 ora·
1355 1823 1359 1830 ⁵

274 1933 368 1996 toria
392 1935 493 1996 laucle
514 1949 714 2000 caruerunt.

359 2185 386 2243 1.
427 2186 524 2244 Oratio
544 2187 682 2244 advorsus
701 2187 741 2245 M.
763 2189 918 2244 Aemilium
939 2189 1077 2244 Scaurum
1099 2189 1233 2245 ambitus.

339 2321 386 2380 Ea
410 2330 456 2380 est
479 2319 586 2381 habita
610 2341 639 2385 a.
664 2322 722 2382 ln'tl
747 2319 849 2404 (107).
895 2320 976 2382 Vid.
1001 2319 1106 2384 oratio
1130 2322 1267 2386 Scauri.

339 2439 478 2504 Rutilius
507 2452 538 2502 et
575 2444 713 2504 Scaurus
755 2465 785 2503 a.
824 2444 883 2504 ott
912 2443 1002 2520 (107)
1038 2465 1097 2504 una
1127 2443 1323 2506 consulatum

274 2547 439 2624 petebant:
485 2545 623 2606 Scaurus
668 2544 819 2608 obtinuit.
888 2544 1026 2608 Rutilius
1079 2545 1323 2630 competitorem

276 2646 411 2709 ambitus
432 2659 569 2722 accusat,
596 2650 651 2709 scd
673 2649 853 2710 absolvitur
875 2671 962 2712 reus.

340 2766 459 2830 Cicero
494 2770 597 2831 Bruto
630 2769 683 2831 30.
741 2771 892 2833 Rutilius
926 2771 962 2832 in
995 2771 1144 2853 quodam
1173 2769 1266 2832 tristi
1291 2779 1326 2830 et

276 2891 395 2934 severo
419 2891 543 2951 genere
566 2872 700 2934 (licentii
723 2885 879 2934 versatus
903 2885 965 2945 est,
993 2885 1026 2934 et
1048 2883 1188 2954 uterque
1211 2872 1325 2946 (Scau-

277 2993 331 3033 rus
358 2984 389 3034 ct
420 2971 574 3056 Rutilius)
607 2985 736 3037 natura
772 2978 947 3038 veliemens
980 2989 1012 3036 et
1048 2996 1139 3036 acer.
1203 2975 1325 3056 Itaque

277 3096 354 3135 cum
379 3097 450 3136 una
475 3079 692 3141 consulatum
712 3078 923 3160 petivissent,
951 3101 1019 3142 non.
1045 3080 1101 3140 itte.
1117 3079 1240 3151 solum,
1266 3076 1326 3158 qui

234 3184 236 3187 ’
278 3181 449 3258 repulsam
465 3182 602 3256 tulerat,
622 3182 796 3243 accusauit
820 3183 969 3243 ambitus
992 3181 1210 3261 designatum
1234 3201 1325 3240 eom-

275 3281 477 3362 petitorem,
518 3283 575 3344 sed
606 3287 757 3346 Scaurus
798 3284 903 3346 etiam
946 3285 1124 3347 absolutus
1158 3282 1327 3346 Rutilium

278 3385 313 3445 in
336 3384 501 3446 iudicium
522 3387 666 3450 vocavit.

423 3629 452 3684 2.
494 3628 595 3685 Oratio
615 3646 667 3700 pro
687 3647 718 3686 se
739 3634 839 3686 contra
860 3629 899 3687 tt.
923 3629 1005 3684 Aem.
1028 3628 1178 3684 Scaurum.

344 3769 392 3830 Ea
413 3780 460 3830 est
483 3768 566 3832 dicta
588 3792 618 3831 a.
647 3771 706 3830 ott
732 3773 835 3848 (107).

345 3891 482 3951 Scaurus
506 3889 660 3952 Rutilium
700 3891 942 3970 competitorem
980 3889 1163 3950 consulatus
1193 3885 1328 3949 ambitus

280 4013 369 4054 reum
400 3991 489 4054 fecit.
542 3991 582 4055 C.
622 3990 740 4055 Canius
771 3991 894 4055 Rutilio
923 3991 954 4054 in
989 3993 1049 4054 hac
1087 4011 1180 4053 carisa
1207 3993 1326 4050 aderat.
1363 4010 1370 4022 ·

281 4092 356 4156 Cic.
381 4095 419 4156 de
447 4095 541 4157 Orat.
571 4094 601 4170 2,
631 4095 683 4156 00.

344 4197 578 4278 Argumentum
591 4218 632 4258 ex
641 4196 845 4277 praecedenti
856 4195 1003 4260 oratioue
1021 4207 1116 4280 atque
1130 4194 1329 4258 exoratione

281 4297 406 4357 Scauri
431 4300 613 4376 petendum.
1356 4299 1360 4304 ⁵
