2992 4844
282 386 343 450 338

280 544 411 607 tribuno
445 544 514 644 pl.,
543 563 683 627 quocum
713 552 804 605 antea
833 540 968 604 maxime
998 542 1103 604 fuerat
1127 541 1327 606 coniunctus.

281 646 361 709 Vid.
388 647 550 709 Drumann
574 656 598 707 t.
624 647 653 715 ll.
677 667 711 726 p.
737 645 811 707 311.

527 821 554 877 1.
595 820 749 878 Orationes
768 837 823 892 pro
843 836 875 877 se
894 822 960 891 lege
980 821 1078 877 Varia.

349 935 416 996 Eae
439 931 601 997 orationes
632 955 715 997 anno
750 935 812 996 666
844 934 912 1013 (90)
940 932 1068 995 habitae
1099 932 1264 996 videntur:
1290 955 1329 997 eo

282 1034 364 1098 enim
393 1057 476 1098 anno
504 1033 621 1098 iudicia
651 1038 886 1098 exercebantur
916 1035 988 1118 lege
1018 1033 1134 1098 Varia.
1169 1034 1330 1098 Asconius

282 1139 315 1200 in
338 1136 541 1201 Scaurianam
565 1161 600 1220 p.
624 1140 678 1200 22.
724 1138 805 1203 Cum
833 1137 916 1200 enim
940 1137 1107 1218 optimates
1126 1160 1148 1222 *a
1172 1136 1330 1200 Marianis
1372 1204 1384 1222 Ι

283 1239 370 1303 velut
399 1250 545 1303 auctores
574 1240 650 1303 belli
678 1239 806 1304 socialis
834 1239 1004 1322 rogatione
1028 1241 1069 1320 Q.
1093 1239 1187 1304 Varii
1210 1239 1329 1302 tribuni

220 1369 222 1380 =
285 1343 331 1425 pl.
348 1353 584 1417 accusarentur,
602 1343 646 1422 Q.
670 1364 799 1426 quoque
818 1342 993 1424 Pompeius
1014 1341 1047 1404 io
1069 1341 1217 1405 iudicium
1234 1363 1330 1406 voca-

285 1459 334 1508 tus
358 1457 417 1520 est,
441 1455 471 1506 et
494 1445 657 1508 orationes
679 1444 820 1529 reliquit,
844 1467 923 1528 quas
945 1466 1008 1524 ope
1022 1445 1064 1514 L.
1081 1443 1180 1518 Aelii,
1205 1448 1243 1508 dc
1266 1465 1331 1528 qino

282 1567 378 1632 supra
401 1545 538 1609 diximus
561 1569 594 1628 p.
619 1547 703 1621 336„
727 1547 911 1628 scripserat.

348 1649 420 1713 Cic.
445 1650 539 1712 Brut.
571 1649 622 1714 89.
667 1653 756 1714 Erat
783 1648 991 1714 Hortensius
1019 1649 1053 1708 in
1088 1649 1191 1721 bello,
1214 1649 1331 1728 primo

282 1772 375 1814 anno
398 1752 506 1824 mileo,
535 1755 646 1814 altero
672 1752 831 1813 tribunus
859 1750 1017 1822 militum,
1046 1748 1329 1830 Sulpiciuslega·

282 1866 338 1916 tus
366 1855 504 1928 aberat,
536 1853 641 1915 etiam
672 1855 727 1916 M.
759 1851 946 1914 Antonius.
987 1850 1228 1914 Exercebatur
1261 1871 1332 1912 ana

282 1958 356 2038 lege
386 1954 552 2017 iudicium
584 1954 711 2026 Varia,
744 1953 866 2014 ceteris
894 1963 1039 2033 propter
1069 1952 1193 2014 bellum
1224 1953 1331 2018 inter-

286 2058 411 2120 missis.
436 2058 500 2122 cot
510 2054 689 2146 frequens
712 2055 872 2128 aderam,
897 2073 1105 2136 quamquam
1124 2075 1192 2134 pro
1214 2075 1247 2116 se
1263 2055 1331 2136 ipsi

283 2160 438 2222 dicebaut
453 2169 631 2230 oratores,
653 2177 720 2218 non
737 2155 787 2218 illi
801 2156 938 2238 quidem
952 2156 1137 2238 principes,
1156 2160 1198 2218 L.
1216 2161 1329 2221 Mem·

284 2263 373 2326 mius
394 2272 428 2323 et
449 2264 492 2343 Q.
516 2259 718 2342 Pompeiae,
740 2259 803 2322 sed
824 2252 983 2322 oratores
1004 2271 1132 2322 tamen.

317 2408 343 2450 in
364 2406 437 2463 bello]
475 2405 568 2448 sociali.

315 2495 401 2552 primo
418 2489 495 2551 anna]
532 2505 555 2535 ι.
577 2487 625 2534 664
645 2486 707 2542 (90).

348 2610 431 2675 lbid.
456 2633 487 2673 c.
512 2609 563 2672 56.
621 2614 661 2672 L.
692 2609 813 2673 Aelius
835 2607 1003 2674 scribebat
1027 2593 1216 2686 orationes,
1246 2633 1330 2695 quas

283 2713 345 2776 alii
376 2712 546 2787 dicerent,
580 2723 618 2773 at
646 2715 689 2794 Q.
719 2713 883 2794 Pompeio
907 2712 1025 2803 Rnfo;
1059 2736 1266 2797 quamquam
1300 2713 1330 2774 is

283 2815 388 2877 etlam
411 2815 483 2896 ipse
505 2815 644 2896 scripsit
673 2836 748 2890 eas,
777 2816 900 2898 quibus
920 2838 987 2899 pro
1012 2839 1049 2879 se
1074 2829 1125 2879 est
1151 2837 1247 2890 uerus,
1272 2815 1332 2877 sed

285 2938 351 2980 non
376 2917 448 2979 sine
474 2917 587 2980 Aelio.

351 3017 482 3091 Nescio,
499 3029 603 3079 utrum
625 3017 837 3101 fragmentum
862 3019 1043 3084 orationum
1060 3019 1208 3101 Pompeii
1231 3031 1329 3093 extet,

288 3139 326 3182 an
349 3119 440 3182 alteri
457 3120 629 3201 Pompeio,
653 3120 741 3184 cuius
765 3144 859 3204 supra
883 3123 967 3186 facta
991 3134 1038 3186 est
1061 3120 1188 3198 mentio,
1206 3145 1239 3202 p.
1261 3121 1330 3186 199.

282 3221 323 3284 sit
347 3221 581 3284 vindicandum.
1196 3280 1198 3284 ,

349 3323 508 3386 Priscian.
526 3335 551 3385 t.
571 3329 600 3386 1.
618 3347 652 3406 p.
671 3325 745 3388 371.
791 3329 833 3409 Q.
851 3325 1054 3406 Pompeius:
1076 3325 1138 3388 Me
1154 3325 1333 3400 miserum,
1405 3367 1411 3370 -

282 3447 381 3509 quem
403 3425 483 3488 illae
494 3423 662 3516 feminae
688 3428 860 3511 despicari
884 3447 992 3489 ausae
1018 3430 1118 3489 sunt!

599 3594 685 3650 LVll.
728 3593 756 3650 0.
777 3593 905 3650 Aurelius
926 3560 1014 3651 Cotta.

346 3705 499 3767 Natura.
528 3706 590 3766 630
620 3707 719 3787 (1211).
750 3704 837 3784 (Cic.
864 3707 956 3770 Brut.
980 3705 1048 3784 88.)
1077 3707 1205 3788 petebat
1226 3703 1331 3768 tribu·

283 3817 388 3869 natum
413 3827 443 3868 a.
468 3807 529 3868 664
551 3808 633 3887 (90).
665 3811 728 3869 Sed
757 3809 868 3869 eodem
897 3829 978 3871 anno
1000 3809 1072 3891 lege
1095 3809 1196 3872 Varia
1219 3822 1330 3895 postu·

282 3909 382 3982 latus,
418 3907 588 3990 depellitur
619 3907 779 3970 tribunatu
812 3921 843 3971 et
875 3921 990 3992 sponte
1019 3909 1052 3972 in
1082 3910 1210 3972 exilium
1239 3909 1330 3985 abiit,

283 4013 365 4072 unde
388 4031 457 4071 cum
482 4009 569 4072 Sulla
597 4009 693 4072 rediit
715 4031 744 4072 a.
776 4011 836 4073 672
866 4013 947 4093 (87).
980 4011 1188 4076 Consulatum
1219 4035 1236 4074 a
1268 4011 1329 4074 679

282 4112 351 4188 (75)
379 4114 512 4193 adeptus
545 4124 603 4174 est.
637 4112 761 4176 Deinde
795 4114 930 4178 Galliam
961 4115 1162 4196 provinciam
1186 4113 1330 4186 sortitus,

284 4231 314 4272 a.
356 4213 416 4274 681
457 4213 527 4292 (75)
569 4215 733 4296 repentina
781 4227 884 4281 morte
926 4215 1085 4280 extinctus
1122 4228 1182 4280 cst.
1229 4213 1330 4280 Conl.

283 4309 414 4374 Ellendt
435 4334 469 4394 p.
494 4313 607 4379 XCV.
