2992 4840
426 547 455 601 b.
484 543 585 602 Oratio
609 544 747 602 adversus
771 543 803 602 P.
826 543 963 602 Rutilium
986 545 1100 601 butum.

309 697 355 760 Es
383 693 463 757 dieta
488 706 535 757 est
558 715 587 756 a.
610 694 672 770 ‚bnt
697 694 799 773 (107).
846 695 985 756 Scaurus
1010 691 1164 756 Rutilium
1190 692 1290 756 embi-

243 809 294 860 tvs
323 795 514 878 postulavit:
540 795 680 859 defendit
704 817 790 859 reum
815 794 856 860 C.
882 794 1021 858 Canius:
1050 794 1213 858 absolutus
1228 806 1288 858 est.

309 898 428 963 Cicero
455 901 557 962 Bruto
587 900 639 961 30.
684 899 836 964 Rutilius
865 910 898 960 et
926 902 1079 960 Scaurus
1108 919 1186 958 cum
1220 919 1291 960 una

242 1005 460 1067 consulatum
478 1002 697 1082 petivissent,
723 1022 790 1064 non
808 1002 864 1063 ille
884 1002 1015 1071 solum,
1039 998 1099 1082 qui
1115 1002 1289 1080 repulsam

243 1109 391 1178 tulerat,
415 1104 588 1166 accusavit
608 1104 756 1166 ambitus
778 1103 996 1185 designatum
1017 1102 1287 1183 competitorem,

244 1208 306 1270 sed
326 1213 478 1270 Scaurus
510 1206 614 1268 etiam
648 1207 826 1270 absolutus
853 1203 1020 1268 Rutilium
1053 1203 1088 1265 in
1123 1203 1289 1266 iudicium

243 1310 384 1374 vocavit.

308 1419 428 1484 Cicero
454 1424 492 1483 de
512 1422 653 1484 Oratore
678 1421 712 1495 9,
737 1420 789 1483 69.
821 1423 963 1484 Movent
980 1418 1039 1482 illa
1055 1418 1178 1492 etiam,
1202 1440 1290 1502 quae

243 1522 441 1587 coniectura
462 1526 697 1605 explanantur
718 1526 819 1606 longe
841 1523 943 1584 aliter
970 1534 1072 1607 atque
1100 1534 1199 1595 sunt,
1231 1519 1291 1582 sed

243 1638 343 1688 acute
366 1639 469 1709 atque
493 1625 672 1700 concinne,
697 1636 735 1686 ut
757 1646 835 1686 cum
850 1627 1003 1688 Scaurus
1025 1635 1202 1685 accusaret
1221 1627 1288 1686 Ru-

245 1729 357 1791 tilium
386 1727 557 1800 ambitus,
593 1748 671 1787 cum
699 1727 772 1808 ipse
796 1730 916 1788 consul
946 1738 1034 1788 esset
1049 1723 1199 1814 sactus,
1231 1726 1285 1786 ille

247 1833 421 1914 repulsam
447 1829 598 1902 tulisset,
624 1839 655 1889 et
680 1828 715 1890 in
743 1829 816 1890 eius
845 1829 971 1890 tabulis
996 1829 1189 1890 ostenderet
1215 1828 1289 1888 lite·

247 1955 306 1996 ras
334 1935 378 1996 A.
400 1936 436 1994 F.
458 1935 496 1995 P.
519 1934 562 1995 R.
593 1930 694 2014 idque
722 1930 850 1992 diceret
875 1951 973 1994 esse:
1005 1933 1129 1994 Actum
1152 1929 1228 2006 fule
1250 1931 1288 1992 P.

245 2035 391 2100 Rutilii:
414 2033 565 2098 Rutilius
597 2045 712 2094 autem
744 2030 1001 2124 antefactum,
1022 2044 1102 2115 post
1125 2036 1290 2094 relatum:

244 2141 283 2202 C.
307 2135 452 2211 Canius,
484 2158 587 2219 eques
612 2157 795 2211 romanus,
823 2158 901 2197 cum
927 2132 1027 2226 Ruso
1050 2135 1202 2209 adesset,
1227 2158 1289 2196 ex-

244 2241 389 2315 clamat,
423 2250 584 2300 neutrum
607 2237 675 2300 illis
701 2238 810 2301 literis
833 2238 1017 2300 declarari.
1062 2237 1155 2319 Quid
1178 2237 1290 2318 ergo?

244 2341 354 2426 inquit
377 2343 541 2406 Scaurus.
586 2339 755 2405 Aemilius
764 2339 880 2431 fecit,
901 2339 1066 2423 plectitur
1094 2339 1258 2404 Rutilius.

307 2595 336 2653 5.
377 2595 475 2654 Oratio
495 2610 547 2666 pro
566 2610 598 2652 se
619 2599 720 2652 contra
742 2591 796 2652 Cn.
817 2595 972 2652 Domitium
990 2595 1226 2652 Ahenobarbum.

308 2745 357 2805 Ea
380 2743 486 2805 habita
513 2765 542 2806 a.
568 2745 629 2805 650
657 2745 757 2823 (tot).
802 2745 889 2808 Reus
916 2753 985 2808 erat
1011 2742 1194 2807 maiestatis.
1241 2743 1290 2806 De

245 2845 309 2910 Cn.
332 2845 478 2909 Domitio
508 2847 728 2909 Ahenobarbo
754 2868 785 2908 v.
809 2845 974 2910 Drumnnn
995 2859 1019 2909 t.
1038 2848 1069 2909 3.
1094 2869 1128 2928 p.
1151 2849 1202 2909 tt.

310 2956 471 3021 Asconius
497 2955 529 3019 in
554 2955 757 3019 Sonus-ianam
779 2980 810 3039 p.
828 2960 880 3019 tt.
898 2960 947 3020 ed.
966 2958 1070 3022 Orell.
1098 2958 1287 3031 Domitius,

244 3059 303 3144 qui
325 3063 445 3122 consul
459 3057 545 3149 suit
566 3082 643 3122 cum
665 3060 803 3134 Cassio,
827 3082 904 3121 cum
928 3072 1014 3122 esset
1038 3061 1196 3122 tribunus
1216 3063 1289 3141 ple-

244 3162 314 3235 bis,
339 3162 451 3224 iratus
467 3165 618 3236 Scaeuo,
644 3163 736 3244 qttvd
754 3185 831 3224 eum
851 3163 886 3226 in
909 3184 1086 3246 augurum
1106 3165 1289 3244 collegium

243 3284 312 3326 non
341 3276 583 3345 coaptaverat,
620 3264 709 3326 diem
738 3265 769 3327 ei
804 3265 896 3326 dixit
927 3265 1022 3346 apud
1052 3267 1219 3347 populum
1256 3278 1289 3327 et

247 3368 391 3427 metitum
416 3367 604 3448 irrogavit,
634 3366 727 3449 quod
751 3369 825 3428 eius
850 3388 957 3448 opera
982 3387 1083 3429 sacra
1107 3369 1215 3427 mttlta
1228 3388 1290 3446 po-

193 3519 200 3522 .
241 3467 319 3550 puli
344 3467 480 3529 romani
510 3467 687 3529 deminuta
715 3491 788 3530 esse
819 3469 958 3531 diceret.
1004 3469 1148 3533 Crimini
1175 3469 1289 3542 dabat,

244 3589 346 3631 sacra
371 3571 510 3651 publica
533 3570 655 3652 populi
684 3571 820 3633 romani
847 3573 948 3633 deum
978 3571 1177 3645 Penatium,
1202 3592 1290 3653 quae

244 3671 381 3736 Lauinii
408 3672 567 3749 sterent,
606 3693 713 3754 opera
748 3674 822 3736 eius
857 3675 971 3736 minus
1008 3685 1097 3735 recte
1132 3687 1289 3755 casteque

237 3775 340 3854 steri.
385 3781 462 3858 Quo
489 3776 631 3838 crimine
658 3777 834 3838 absolutus
867 3788 917 3837 est
946 3781 1100 3840 Scaurus
1129 3776 1286 3859 attidem,

244 3878 394 3952 sedita,
420 3889 457 3938 ut
484 3877 639 3939 utribus
662 3878 815 3938 tribubus
843 3876 1086 3953 damnaretur,
1111 3899 1134 3938 a
1150 3880 1293 3941 XXXII

244 3979 498 4053 absolveretur,
522 3991 554 4041 et
576 3979 611 4040 in
635 3981 683 4040 eis
701 3999 817 4059 pauca
838 3967 1288 4060 prunetainte1·damnatio·

244 4100 321 4142 nem
344 4092 377 4143 et
400 4081 650 4143 absolutionem
668 4079 884 4145 interessent.

281 4238 345 4282 quae
364 4223 465 4268 Lauinii
483 4221 596 4286 fierent]
633 4230 743 4278 constat,
772 4229 870 4271 deortnn
899 4227 1025 4274 Pennlium
1053 4229 1166 4284 templum
1194 4227 1289 4272 Lavinit

313 4309 405 4366 fnium
425 4311 603 4367 institutumque
618 4317 669 4356 eret
682 4325 749 4359 inore
762 4318 897 4370 rusiorum,
918 4321 942 4360 ut
959 4319 1085 4370 eonsules,
1107 4319 1233 4370 praetores
1247 4327 1289 4359 sev
