2984 4842
1197 329 1258 393 361

210 491 268 576 τὴν
290 493 382 573 δίκην
408 490 527 570 ἐκείνην
552 487 755 580 φιλονεικίας
779 489 968 572 γενομένης,
994 478 1075 554 ὥστε
1100 493 1155 553 καὶ
1180 513 1261 574 τρω-

210 597 318 677 θῆναί
338 618 431 672 τινας
452 597 506 658 καὶ
532 596 649 671 πεσεῖν,
673 587 841 682 ἀπέφυγεν
864 583 882 654 ὁ
908 590 1116 680 Σερουίλιος.

276 699 405 762 Pseudo
428 733 441 744 -
467 693 629 758 Asconius
660 691 811 758 memorie
846 691 945 756 falsus
974 703 1042 769 est,
1092 696 1180 778 quod
1221 695 1264 756 L.

213 800 342 865 Cottam
369 803 444 879 (pro
475 795 629 874 Servilio)
658 819 674 858 6
708 793 851 857 Lucullis
882 807 1062 858 accusatum
1090 795 1201 858 scribit
1229 797 1262 859 in

213 909 291 973 Act.
319 905 348 963 1.
370 901 401 962 66
433 901 571 964 Verrem
595 921 628 980 p.
662 900 741 960 150:
781 902 821 960 L.
848 901 1011 961 Lucullus
1046 899 1182 960 etitem
1205 903 1260 966 M.

213 1006 394 1077 Lucullus,
417 1003 517 1064 ambo
544 1004 760 1076 consulares,
794 1003 941 1066 Marcus
965 1024 1045 1064 nero
1076 1013 1108 1064 et
1138 1002 1261 1064 trium·

211 1106 322 1188 phalis
333 1102 431 1195 fuit.
470 1104 532 1178 Hi,
557 1125 634 1166 cum
656 1115 860 1166 accusarent
885 1108 925 1166 L.
944 1107 1102 1178 Cottam,
1124 1125 1192 1168 non
1211 1105 1266 1168 usi

214 1220 294 1272 sunt
323 1208 480 1272 oratione
508 1217 698 1288 perpetuo,
733 1206 794 1268 sed
822 1205 1094 1289 interrogatione
1124 1208 1263 1270 testium

215 1332 356 1374 causam
367 1321 590 1392 peregerunt.
626 1306 721 1371 Conl.
746 1307 899 1390 Madwlg
921 1310 958 1369 66
983 1307 1127 1371 Α666666
1150 1331 1182 1390 p.
1202 1311 1263 1370 110

216 1425 245 1474 et
270 1415 389 1494 Zumpt
412 1415 450 1474 66
475 1410 609 1474 Verrio.
638 1415 666 1472 1.
690 1432 720 1472 6.
752 1411 807 1484 18,
832 1411 884 1473 55.

563 1587 648 1644 LXV.
691 1586 725 1654 Q.
748 1585 924 1643 Hortensiae.

282 1722 382 1783 Natus
405 1740 487 1782 6666
518 1719 580 1780 sto
604 1719 705 1797 (111).
759 1717 920 1796 Quaestor
943 1737 1026 1780 anno
1050 1717 1180 1782 circiter
1207 1721 1269 1783 671

217 1823 302 1902 (80),
326 1820 435 1884 aedilis
467 1843 496 1882 6.
523 1822 584 1885 679
613 1821 699 1898 (75),
732 1830 866 1902 praetor
898 1841 925 1886 6.
958 1821 1018 1882 682
1042 1822 1130 1896 (72),
1159 1824 1269 1885 consul

219 1947 249 1988 6.
280 1925 340 1987 685
370 1924 452 2004 (69).
506 1925 659 1986 Mortuus
688 1934 736 1985 est
768 1944 799 1984 6.
836 1923 896 1984 701
923 1924 1004 2002 (50).
1059 1925 1138 1986 Eius
1173 1922 1268 1988 vitam

219 2027 388 2110 descripsit
414 2028 579 2090 Drumenn
605 2028 644 2087 T.
670 2025 701 2087 3.
728 2048 761 2107 p.
789 2025 830 2086 81
853 2039 883 2088 et
899 2027 1024 2088 'Luzac
1043 2029 1098 2090 De
1120 2031 1163 2108 Q.
1179 2033 1271 2092 Hor·

219 2131 330 2194 tensio
352 2141 510 2204 oratore,
544 2127 720 2193 Ciceronis
749 2131 886 2191 aemulo
915 2131 1030 2210 Lugd.
1059 2132 1137 2192 But.
1175 2132 1269 2194 1810.
1361 2147 1362 2152 ’

223 2231 373 2294 Visconti
388 2231 419 2294 in
435 2230 665 2312 Iconografia
690 2241 882 2292 romanat.
905 2231 937 2292 2.
963 2253 997 2311 p.
1020 2231 1094 2294 307.
1123 2233 1269 2295 Wester·

223 2355 314 2396 mann
333 2357 367 2414 p.
391 2335 463 2396 220.

288 2433 423 2517 Scripsit
451 2436 629 2510 orationes,
661 2435 806 2508 annales,
836 2446 1002 2516 poemata,
1035 2435 1150 2499 librum
1178 2461 1270 2502 com·
1371 2489 1372 2494 1

224 2537 379 2600 munium
413 2540 578 2601 locorum.
641 2536 834 2602 Hortensius
868 2559 1006 2600 summus
1044 2552 1157 2603 orator
1188 2553 1266 2619 erat,

222 2638 438 2724 plurimasque
461 2639 529 2721 egit
553 2639 739 2716 construite
764 2649 798 2700 ut
820 2637 942 2703 Cicero
965 2642 1051 2704 solus
1073 2641 1139 2706 eius
1154 2642 1269 2708 sarnam

225 2743 425 2827 gloriamque
452 2755 603 2826 aequaret
627 2756 720 2826 atque
748 2745 828 2806 6666
857 2756 1034 2822 superaret.
1088 2746 1271 2830 longando

224 2867 333 2926 pares,
363 2845 396 2910 in
428 2845 598 2908 scribendo
632 2857 733 2908 autem
758 2843 953 2908 Hortensius
984 2845 1137 2923 inferior,
1172 2847 1217 2910 ita
1239 2860 1272 2909 ut

224 2948 386 3012 orationes
401 2948 468 3010 eius
491 2950 630 3028 scriptae
651 2947 752 3011 suiuus
766 2947 1017 3023 aestimarentur,
1035 2970 1051 3010 6
1068 2949 1269 3034 posterisque

225 3050 480 3132 negligerentur.
499 3051 606 3134 Atque
619 3071 686 3114 6666
698 3072 766 3114 esse
783 3072 907 3114 causam
924 3049 1054 3130 opinor,
1071 3074 1128 3113 cur
1141 3064 1273 3117 cunctae

225 3150 416 3225 interierint,
441 3174 499 3214 nec
514 3153 575 3215 ulle
598 3175 701 3236 prope
725 3155 827 3215 adhuc
845 3152 1000 3233 particula
1021 3164 1118 3216 extet.
1155 3153 1275 3220 Cicero

225 3277 364 3339 quoque,
385 3255 530 3340 quamvis
555 3253 769 3340 eloquentiam
794 3254 963 3318 Hortensii
985 3255 1112 3319 summis
1132 3256 1276 3322 leudibus

226 3359 371 3431 efferret,
394 3379 562 3442 numquam
590 3369 699 3450 tamen·
726 3381 767 3420 ex
794 3356 860 3420 eius
893 3357 1097 3421 orationibus
1128 3360 1274 3442 exempla

227 3458 444 3536 attulit,ou1n
470 3463 509 3522 ab
536 3460 735 3524 audientibus
772 3470 911 3534 tentum,
943 3482 1008 3525 non
1033 3465 1073 3524 ab
1098 3463 1276 3546 legentibus

228 3581 325 3645 aeque
348 3565 504 3642 probatae
528 3576 642 3626 essent.

293 3662 550 3728 cicurum.
585 3670 627 3749 Q.
651 3666 830 3730 Hortensii
852 3668 1038 3731 admodum
1050 3671 1278 3734 adolescentis

229 3765 424 3846 ingenium,
458 3782 494 3830 ut
522 3767 663 3832 Phidiae
698 3768 866 3850 signum,·
885 3769 990 3834 simul
1021 3771 1221 3853 adspectum
1245 3785 1279 3833 et

227 3867 414 3948 probatum
435 3883 499 3932 est.
552 3873 588 3934 Is
611 3875 652 3932 L.
681 3874 808 3934 Crasso
834 3873 877 3952 Q.
900 3874 1062 3935 Scaeuola
1080 3869 1278 3935 consulibus

226 3968 381 4051 primum
396 3973 431 4034 in
443 3969 541 4062 foro
566 3971 671 4044 dixit,
696 3985 728 4034 et
751 3972 845 4054 opud
866 3975 928 4036 hos
954 3976 1046 4055 ipsos
1066 3972 1223 4035 eonsules
1244 3986 1278 4036 et

192 4100 205 4126 ·.
229 4094 472 4148 cumeorum,
504 4071 564 4155 qui
587 4070 783 4157 affuerunt,
814 4086 891 4137 tum
911 4075 1067 4156 ipsorum
1087 4073 1277 4148 consulum,

229 4175 288 4258 qui
322 4195 439 4238 omnes
470 4172 697 4254 intelligentia
731 4176 930 4247 anteibant,
963 4171 1091 4236 iudicio
1124 4170 1282 4235 discessit

229 4277 411 4358 probatus.
440 4273 654 4352 undeuiginti
680 4299 789 4342 annos
816 4287 919 4340 natus
949 4287 1024 4338 erat
1050 4296 1090 4336 eo
1114 4286 1281 4353 tempore.
