2976 4844
284 368 345 432 111

284 529 331 590 lus
359 523 497 588 omnium
526 522 696 586 nitebatur.
742 523 861 584 Postea
888 543 967 584 vcro
995 543 1057 586 non
1086 524 1187 586 solum
1216 525 1251 602 ii,
1278 527 1333 612 qui

286 627 451 692 maximam
475 625 675 690 contulerant
701 623 868 688 utilitatem
883 623 1102 706 reipublicae,
1127 628 1249 708 pluries
1272 633 1332 693 ob·

285 730 427 796 tinebant
449 729 659 803 consulatum,
686 749 795 790 verum
821 726 844 790 ii
867 749 1010 812 quoque,
1041 728 1096 813 qui
1122 740 1187 792 tum
1214 733 1332 796 nobili·

285 845 349 897 tate
372 844 436 895 tum
458 830 578 894 divitiis
599 828 714 893 ceteris
738 832 951 912 praestabant.
997 829 1081 894 Cato
1106 830 1206 914 igitur
1227 834 1330 916 legem

284 935 392 1012 suasit,
416 957 455 998 ne
477 933 548 1019 quis
572 933 685 1010 iterum
711 933 821 995 consul
843 934 945 1007 fieret,
969 955 1102 1018 eamque
1124 958 1184 1017 per
1204 938 1246 1000 50
1262 937 1331 1002 fere

285 1060 385 1102 anuos
409 1037 442 1100 in
466 1061 522 1100 usu
549 1035 719 1110 mansisse,
747 1057 788 1098 ex
811 1035 915 1099 Fastis
938 1036 1165 1100 consularibus
1191 1060 1332 1124 cognos-

285 1143 398 1206 cimus.
445 1141 492 1204 Ea
518 1142 571 1203 lex
600 1161 682 1202 anno
713 1140 774 1200 tot
804 1139 894 1218 (150)
925 1138 984 1200 lata
1014 1138 1131 1203 dicitur
1160 1163 1177 1202 a
1208 1141 1330 1224 Pigbio

286 1247 329 1308 T.
359 1226 390 1307 2.
422 1267 457 1326 p.
485 1243 547 1304 112
578 1253 609 1304 et
639 1240 792 1322 Zumptio
822 1239 854 1310 in
885 1239 1089 1319 Annalibus,
1126 1245 1330 1329 eiusdemque

283 1348 367 1410 faeta
391 1357 437 1408 est
461 1344 579 1408 mentio
603 1343 635 1407 iu
657 1343 748 1406 Livii
768 1343 920 1425 Epitome
942 1342 1018 1406 libri
1043 1343 1104 1408 56:
1132 1349 1247 1428 Quum
1264 1349 1331 1409 bel·

282 1453 354 1512 lum
376 1448 632 1514 Numantinum
652 1447 738 1510 uitio
760 1447 887 1510 ducrum
908 1467 975 1510 non
999 1448 1073 1510 sine
1093 1449 1226 1530 pudore
1245 1451 1329 1531 pub-

282 1553 348 1615 lico
374 1553 530 1623 duraret,
561 1551 696 1614 delatus
726 1562 777 1612 ent
803 1553 896 1612 ultro
922 1550 1077 1631 Scipioni
1104 1550 1279 1641 Africano
1308 1575 1330 1616 o

282 1666 405 1718 senatu
431 1656 628 1736 populoque
660 1673 807 1716 romano
838 1655 1057 1729 consulatus,
1092 1675 1191 1737 quem
1224 1675 1329 1738 pirum

281 1758 334 1821 itti
358 1778 483 1838 cupere
509 1757 551 1818 ob
576 1759 707 1838 legem,
739 1776 827 1840 quae
856 1755 1008 1831 uetabat,
1037 1777 1242 1839 quemquam
1267 1759 1328 1822 ite-

282 1881 361 1942 rum
387 1861 563 1922 consulem
581 1859 690 1934 fieri,
716 1879 784 1920 non
810 1859 949 1932 liceret,
977 1858 1081 1921 sicuti
1100 1860 1222 1941 priore
1249 1882 1328 1924 con-

282 1965 411 2038 sulatu,
439 1962 573 2044 legibus
598 1964 733 2025 solutus
756 1973 807 2024 est
834 1965 935 2040 (anuo
964 1962 1060 2039 620).
1107 1961 1208 2026 Cous.
1231 1962 1328 2028 iuter-

283 2076 391 2147 pretes
413 2063 501 2128 Livii
530 2067 570 2126 ad
590 2065 622 2127 b.
647 2064 670 2128 l.
812 2055 815 2060 ¹

345 2167 532 2232 Priscianus
558 2179 583 2230 t.
610 2170 640 2230 1.
664 2189 698 2248 p.
727 2167 800 2230 108.
835 2171 892 2232 Μ.
917 2171 1004 2232 Cato
1030 2168 1065 2231 in
1092 2169 1261 2242 oratione,
1287 2191 1328 2232 nc

282 2271 359 2354 quis
390 2271 516 2334 iterum
549 2273 670 2332 corroul
694 2269 790 2348 scot:
821 2273 1020 2353 Imperator
1052 2272 1189 2334 laudem
1212 2273 1325 2354 capit,

282 2374 475 2438 exercitum
502 2374 690 2447 meliorem,
720 2373 972 2437 industriorum
986 2371 1102 2464 fucit.

287 2549 303 2571 ὴ
317 2533 457 2596 meliorem]
494 2537 609 2582 Krehlius
628 2537 650 2581 iu
672 2537 792 2582 Addeudis
815 2541 834 2585 t.
858 2535 882 2585 2.
907 2553 930 2594 p.
953 2535 1002 2584 513
1026 2539 1070 2584 boc
1090 2539 1241 2596 uocabulum,
1264 2542 1326 2600 quod

352 2641 381 2673 ex
401 2631 467 2671 textu
489 2627 570 2670 invitis
590 2625 712 2669 codicibus
736 2615 849 2680 eiecerit,
874 2628 989 2671 restituit.

344 2765 458 2827 Festus
484 2785 518 2844 p.
543 2762 616 2825 212.
656 2764 857 2828 Pooimentu
889 2764 1036 2827 Poenica
1067 2785 1227 2826 marmore
1258 2767 1327 2827 Nu·

281 2862 397 2928 midico
418 2875 579 2929 constrata
603 2863 765 2950 significat
790 2870 889 2938 Cato,
913 2888 991 2927 cum
1014 2865 1063 2926 ait
1088 2866 1123 2926 in
1145 2887 1198 2940 ea,
1223 2889 1328 2950 quom

279 2969 416 3054 habuit,
449 2989 490 3030 ne
520 2968 597 3054 quis
623 2971 743 3030 consul
768 2968 819 3031 bic
842 2969 974 3045 fieret:
1008 2969 1132 3032 Dicere
1159 2990 1324 3051 possum,

279 3073 401 3155 quibus
429 3071 526 3134 uillae
552 3084 654 3155 atque
679 3073 781 3134 aedes
808 3071 1029 3148 aedificatae,
1061 3083 1165 3154 atque
1191 3074 1326 3154 expoli-
1369 3147 1372 3149 ‚

278 3187 334 3238 tae
360 3175 516 3238 maximo
543 3197 645 3256 opere
666 3173 756 3237 citro
781 3185 884 3260 atque
906 3175 1007 3239 ebore
1029 3185 1131 3258 utque
1150 3175 1325 3257 pavimen·

278 3277 323 3340 tio
345 3277 502 3343 Poenicis
527 3288 630 3340 stent.
731 3276 732 3282 ’

313 3432 401 3492 quibua
422 3431 508 3490 villae]
553 3434 642 3476 adludit
669 3433 697 3475 ad
729 3433 853 3476 consulum
881 3431 962 3476 luxuin
987 3438 1082 3477 enatum
1107 3445 1134 3474 ex
1160 3434 1326 3475 consulatuum

349 3521 556 3575 multiplicatione.
595 3519 728 3562 Matrinius
750 3533 772 3574 p.
794 3515 836 3568 11.

314 3644 390 3704 citro]
426 3660 454 3690 ex
476 3648 536 3689 citro
565 3657 661 3688 intensae
693 3645 799 3688 omnium
823 3643 1011 3699 pretiosissimae
1045 3645 1100 3682 suut
1126 3640 1213 3682 factae.
1251 3639 1323 3686 Conf.

348 3734 514 3778 Mitscberlicb
535 3735 564 3778 ad
580 3733 666 3776 Horat.
687 3732 736 3777 Od.
753 3729 779 3791 1,
796 3731 819 3786 1,
835 3728 877 3776 20.
915 3729 1018 3774 Beckeri
1036 3727 1123 3770 Gallus
1136 3727 1167 3770 T.
1183 3725 1207 3772 l.
1222 3741 1245 3783 p.
1263 3727 1322 3774 138.

346 3823 456 3882 Biittiger
475 3821 563 3866 Sabinu
585 3825 602 3864 t.
626 3817 650 3864 2.
673 3833 697 3875 p.
719 3815 761 3862 31.

340 3943 429 4008 Plu:
454 3942 538 4007 Cato
560 3963 590 4004 c.
612 3939 645 4005 8.
695 3934 782 4013 Τοὺς
806 3925 966 4011 πολλάκις
988 3929 1100 4024 ἄρχειν
1121 3933 1325 4019 σπουδάζον-

277 4071 338 4124 τας
360 4047 424 4138 ἔφη
453 4040 612 4130 καθάπερ
638 4037 841 4126 ἀγνοοῦντας
869 4032 927 4119 τὴν
952 4031 1030 4105 ὁδὸν
1055 4033 1106 4105 ἀεὶ
1133 4037 1219 4127 μετὰ
1241 4041 1324 4130 ῥαβ-

277 4144 401 4236 δούχων
428 4137 533 4230 ζὴτεῐν
565 4139 794 4234 πορεύεσθαι,
826 4137 871 4228 μὴ
899 4143 1129 4224 πλανηθῶσιν.
1167 4138 1324 4229 Ἐπετίμα

278 4255 313 4318 δὲ
336 4257 392 4317 καὶ
415 4256 484 4329 τοῖς
505 4249 656 4325 πολίταις
680 4242 759 4324 τοὺς
784 4241 905 4324 αὐτοὺς
931 4249 1140 4338 αἱρουμένοις
1164 4241 1324 4324 πολλάκις
