2984 4842
372 580 375 588 ’
451 559 499 618 22.
540 560 639 620 Oratio
660 579 711 634 pro
732 564 784 620 Cn.
808 563 935 620 Plancio.

240 695 323 755 Acta
347 704 394 752 est
418 714 509 754 causa
539 716 565 754 a.
595 695 656 756 700
678 694 758 773 (il).
798 693 963 758 Manutius
985 717 1026 758 ex
1048 697 1122 759 loco
1146 719 1220 760 nra·

174 794 270 859 tionis
287 792 518 858 Ciceronianae
536 818 596 875 pro
613 796 753 884 Plancio¹
771 821 800 858 1.
820 800 869 860 15.
889 797 1101 881 colligendum
1118 810 1219 880 putat,

66 979 71 985 j
176 897 386 962 Hortensium
424 919 552 982 quoquc
597 898 628 961 in
668 899 722 962 illa
759 921 861 972 causa,
889 899 1013 972 Plancii
1049 911 1220 980 patronum

173 999 285 1063 fuisse.
338 999 380 1061 Ei
410 1000 581 1062 assentitur
606 1000 746 1065 Orellius
782 1002 813 1064 in
846 1004 1057 1067 Onomastico
1086 1025 1120 1084 p.
1145 1005 1219 1068 291.

176 1102 231 1165 ubi
245 1101 383 1184 legitur:
409 1105 499 1166 Ante
521 1105 719 1167 Ciceronem
743 1101 901 1194 defendit
924 1107 1133 1170 Hortensius
1157 1108 1218 1171 Gn.

176 1207 367 1270 Plancium.
387 1207 456 1269 Pro
470 1206 609 1268 Plancio
626 1207 682 1280 15,
701 1207 753 1269 37.
778 1208 842 1270 Sed
858 1208 1023 1271 Drumann
1038 1219 1062 1270 t.
1081 1209 1111 1276 3.
1128 1230 1161 1290 p.
1179 1208 1219 1272 99

175 1306 304 1384 scribit,
328 1311 367 1370 ab
391 1307 572 1372 Hortensio
596 1305 760 1371 Plancium
788 1309 949 1373 defensum
973 1331 1038 1375 non
1060 1332 1139 1386 esse,
1162 1332 1221 1373 111

177 1409 372 1475 aCiceronc
396 1409 577 1474 cumvel'ut
597 1421 766 1491 patronum
793 1411 919 1475 Plancii
951 1411 1138 1488 memorari,
1164 1417 1219 1476 sed

175 1512 249 1577 ideo
272 1523 391 1574 tantum
416 1512 604 1576 mentionem
628 1513 694 1575 eius
717 1535 785 1576 esse
814 1514 947 1590 factam,
973 1519 1063 1600 quod
1086 1519 1124 1578 de
1148 1515 1219 1598 lege

177 1614 320 1690 Licinia,
352 1614 384 1676 in
414 1634 475 1699 qua
497 1635 589 1678 causa
618 1615 743 1680 Planeii
769 1615 943 1692 nitebatur,
969 1628 1045 1679 tunc
1066 1616 1222 1700 temporis

176 1720 207 1783 in
230 1728 339 1782 senatu
362 1716 506 1780 dixisset.

177 1897 224 1985 93.
267 1894 366 1952 Oratio
376 1911 428 1965 pro
439 1895 479 1952 M.
495 1894 619 1950 Aemilio
630 1894 737 1950 Scauro
748 1898 848 1951 contra
862 1894 893 1950 P.
907 1895 1053 1952 Valerium
1067 1895 1219 1952 Triarium.

239 2027 322 2090 Acta
345 2038 392 2089 111
414 2047 506 2087 11111
537 2046 565 2086 1.
602 2027 663 2087 700
695 2026 777 2104 (54).
824 2027 875 2088 M.
901 2025 1055 2088 Aemilius
1083 2028 1220 2089 Scaurus

174 2153 204 2192 1.
230 2131 290 2194 599
314 2131 382 2209 (55)
413 2126 590 2190 Sardiniam
622 2126 824 2208 provinciam
856 2127 1011 2204 obtinuit,
1045 2150 1103 2192 111
1129 2128 1219 2192 inno·

176 2244 285 2296 center
300 2254 332 2294 se
349 2229 460 2315 gessit.
505 2231 618 2314 Itaque
638 2228 828 2312 rogantibus
852 2230 962 2292 Sardis
986 2253 1002 2292 a
1020 2232 1061 2294 P.
1082 2230 1219 2294 Valerio

174 2333 305 2398 Triario
320 2335 564 2414 repetundarum
579 2331 768 2412 postulatus.
810 2332 960 2394 Habebat
981 2353 1038 2406 sex
1053 2343 1219 2414 patronos,

66 2468 72 2478 =
175 2459 258 2522 quos
280 2436 362 2498 inter
384 2433 574 2499 Hortensius
601 2443 632 2495 ct
659 2431 792 2496 Cicero.
831 2431 1003 2508 Liberatus
1027 2445 1085 2496 est.
1118 2432 1217 2497 Conf.

176 2541 342 2603 Drumann
362 2548 385 2605 t.
409 2541 439 2600 1.
463 2559 497 2618 p.
522 2535 575 2598 31.

239 2639 400 2704 Asconius
411 2639 443 2702 11
457 2619 659 2701 3111111111]
676 2659 706 2718 p.
720 2637 772 2700 20.
797 2633 1041 2726 Defenderam
1051 2640 1221 2701 Scaurum

173 2767 235 2810 sex
254 2741 413 2826 patroni,
435 2761 513 2802 cum
537 2741 584 2802 ad
606 2739 644 2802 id
671 2750 805 2821 tempus
832 2760 914 2802 raro
943 2739 1124 2824 quisquam
1143 2743 1220 2822 plu-

175 2846 269 2908 ribus
300 2865 403 2927 quam
431 2854 583 2926 quatuor
604 2853 776 2916 uteretur,
810 2863 851 2903 ac
884 2853 965 2925 post
990 2841 1078 2904 bella
1109 2842 1223 2905 civilia

174 2959 253 3012 ante
281 2949 391 3030 legem
423 2945 547 3010 Iuliam
579 2944 627 3005 ad
661 2941 838 3007 duodenos
861 2955 1035 3025 patronos
1064 2955 1115 3005 est
1141 2967 1221 3026 per·

174 3063 322 3114 ventum.
344 3053 495 3112 luerunt
518 3059 634 3109 autem
658 3045 709 3108 hi:
737 3048 775 3110 Ρ.
807 3045 949 3110 Gladius
970 3047 1136 3120 Pulcher,
1164 3046 1219 3110 M.

174 3154 384 3225 Marcellus,
417 3153 469 3214 M.
506 3148 675 3223 Calidius,
714 3151 771 3213 M.
801 3147 938 3221 Cicera,
974 3150 1030 3212 M.
1064 3143 1222 3212 Messala

174 3255 305 3338 Niger,
337 3256 380 3335 Q.
407 3252 686 3316 Hortensius.

413 3427 460 3486 M.
502 3428 602 3485 Oratio
622 3445 673 3500 pro
693 3427 728 3484 Τ.
748 3428 845 3485 Annio
865 3428 982 3486 Milone.

238 3563 330 3624 Haec
355 3570 542 3623 consancta
568 3572 615 3623 est
636 3581 665 3623 1.
693 3561 752 3620 702
779 3559 859 3638 (52).
906 3559 948 3620 Τ.
977 3557 1102 3650 Α11ἰ11
1125 3557 1223 3634 Μ111,

174 3656 231 3746 qni
255 3663 296 3726 P.
322 3661 492 3737 Clodium,
516 3660 734 3725 adversarium
760 3659 949 3724 acerrimum
976 3656 1167 3737 Ciceronis,
1191 3658 1223 3721 vi

177 3773 286 3844 aperta
301 3763 524 3841 interfecerat,
548 3776 678 3827 anctore
703 3759 861 3845 Pompeio
876 3760 908 3822 in
922 3759 1075 3823 iudicium
1092 3769 1225 3824 vocatus

176 3875 237 3928 est.
282 3866 433 3931 Defendit
461 3867 599 3942 Cicero,
629 3864 718 3928 cuius
748 3863 854 3928 oratio
880 3872 980 3932 extat.
1024 3863 1093 3924 Pro
1119 3879 1223 3941 eoque

175 3966 268 4030 etiam
285 3968 494 4034 Hortensius
522 3967 554 4031 in
582 3977 690 4030 senatu
716 3965 819 4040 stetit,
844 3986 903 4027 nec
926 3961 1084 4026 tamenin
1106 3956 1224 4026 iudicio

176 4068 206 4132 11
231 4071 345 4136 adsuit.

175 4181 180 4188 '
240 4173 402 4239 Asconius
428 4171 462 4234 in
487 4169 696 4234 Milonianam
722 4193 757 4254 p.
786 4171 838 4233 35.
883 4163 1074 4252 Affiserunt
1097 4162 1225 4226 Miloni

175 4279 218 4356 Q.
233 4274 455 4349 Hortensius,
470 4275 525 4336 M.
541 4271 673 4345 Cicero,
690 4276 747 4338 M.
764 4269 967 4339 Marcellus,
987 4269 1042 4330 M.
1060 4263 1224 4340 Calidius,
