2966 4842
286 373 347 436 tlt

326 531 472 596 defindere]
507 533 607 578 casim
626 533 650 576 in
669 533 759 576 eunetis
778 531 830 575 lere
848 532 935 589 neuen,
955 543 1013 586 qnae
1033 529 1133 587 agebat,
1154 535 1194 571 ont
1213 535 1349 572 aecusator

363 624 450 678 extitit,
471 625 510 666 ent
528 633 585 666 rem
603 633 648 675 pro
667 633 692 664 ee
716 621 785 664 dixit.
823 617 883 662 Gom
911 616 973 662 enim
1001 617 1089 660 multoe
1120 621 1259 668 accusaret.
1290 618 1346 670 iou

362 723 456 767 qnoque
473 721 546 763 nepe
563 711 689 752 neeoeetn
707 711 751 752 eet.
787 707 878 750 Multos
897 718 952 750 reas
975 703 1048 762 iecit,
1074 705 1116 748 sed
1141 705 1248 762 plerique
1268 704 1344 748 abeo·

364 798 406 842 loti
426 801 493 840 sont.
514 808 560 854 quo
579 796 680 853 Augusti
698 795 786 838 ‹lietom
805 793 920 851 pertinet,
950 792 1010 848 qood
1030 793 1093 846 epod
1112 790 1265 834 Macrobiom
1288 792 1341 838 Set.

361 884 386 943 2,
406 881 431 928 4.
452 888 525 930 extet.

354 1001 443 1068 nial.
467 1004 505 1064 de
529 1001 665 1065 Orator.
685 999 736 1064 19.
780 1000 959 1080 Quatenus
979 993 1207 1083 antiquorum
1225 997 1339 1060 admi·

291 1119 426 1172 ratores
447 1107 535 1167 huna
558 1104 646 1180 velut
669 1100 854 1164 terminum
885 1099 1102 1184 antiquitatis
1130 1099 1340 1162 constituere

290 1211 417 1282 nolent,
454 1225 554 1289 quem
586 1225 693 1287 usque
725 1204 772 1264 ad
800 1203 959 1267 Caesium
988 1207 1150 1266 Severum
1181 1200 1337 1286 faciunt,

292 1330 393 1396 quem
414 1307 566 1390 primum
587 1297 780 1395 affirmbnt
789 1303 949 1395 flexione
971 1304 1089 1366 abillo
1107 1315 1217 1366 vetere
1236 1315 1339 1385 atque

293 1411 425 1474 directa
447 1407 581 1472 dicendi
608 1408 681 1481 via,
710 1427 778 1470 non
804 1409 838 1469 in
858 1406 1010 1468 ermitate
1040 1405 1172 1488 ingenii
1198 1427 1258 1467 nee
1284 1406 1337 1466 in·

292 1511 394 1576 scitia
410 1511 591 1574 literarum
616 1509 833 1572 transtulisse
855 1529 891 1572 te
907 1509 953 1569 ad
971 1509 1056 1570 illud
1077 1507 1211 1571 dicendi
1228 1528 1339 1588 genus

291 1613 469 1686 contendo,
487 1611 548 1674 aed
560 1611 690 1675 iudicio
712 1622 745 1673 et
766 1610 951 1674 intellectu.
983 1608 1077 1674 Vidit
1098 1631 1244 1692 namque
1260 1630 1337 1670 eum

292 1713 485 1777 conditione
507 1725 701 1794 temporum
725 1733 766 1774 ac
790 1711 988 1774 diuersitate
1013 1711 1152 1773 aurium
1167 1708 1334 1800 formam

292 1825 425 1898 quoque
446 1834 487 1874 ae
508 1814 654 1895 speeiem
676 1813 846 1876 orationis
868 1833 942 1876 eoae
964 1814 1176 1875 mutandam.

354 1947 471 2012 ibidem
494 1972 525 2012 o.
557 1950 609 2012 26.
635 1950 774 2012 Messala
806 1949 902 2013 dicit:
934 1952 1101 2035 Equidem
1133 1972 1201 2014 non
1231 1973 1336 2036 nega·

292 2051 410 2124 aerim,
435 2051 592 2116 Caesium
620 2056 800 2127 Seuerum,
833 2075 931 2136 quem
960 2057 1071 2117 tolum
1093 2057 1188 2137 Aper
1220 2066 1337 2118 noster

291 2153 470 2216 nominare
500 2173 606 2215 ausae
635 2165 700 2228 est,
729 2153 761 2216 ei
790 2154 834 2217 iio
855 2168 1095 2236 comparetur,
1131 2157 1190 2239 qui
1213 2169 1336 2239 postea

280 2252 458 2344 fuerunt,
480 2275 583 2336 potae
598 2267 772 2317 oratorem
791 2257 918 2332 vocari,
936 2276 1144 2341 quamquam
1161 2257 1195 2319 in
1208 2279 1336 2340 magna

288 2367 390 2438 parte
412 2355 580 2418 librorum
601 2375 741 2419 suorum
761 2359 841 2437 plue
862 2358 913 2420 oie
934 2358 1056 2420 lrabeat
1075 2380 1179 2441 quam
1193 2360 1335 2442 sangui-

290 2456 356 2519 nis.
401 2457 537 2520 Primus
566 2457 657 2519 enim
684 2469 854 2521 contemto
883 2459 1003 2522 ordine
1032 2482 1170 2536 rerum,
1206 2461 1337 2522 omissa

289 2557 506 2620 modestiaet
524 2556 658 2639 pudore
679 2560 870 2635 uerborum,
894 2560 979 2642 ipsis
1000 2561 1103 2624 etiam
1125 2562 1246 2645 quibua
1268 2562 1336 2623 uti·

289 2669 349 2720 tur
385 2659 496 2720 armis
524 2659 772 2741 incompositus
794 2673 827 2723 et
849 2661 965 2723 studio
985 2659 1151 2748 feriendi
1183 2664 1335 2744 plerum·

289 2777 354 2842 que
375 2758 537 2831 deiectus,
561 2780 628 2822 non
648 2773 795 2843 pugnat,
819 2763 880 2824 aed
901 2762 1069 2826 rixatur?
1097 2774 1263 2837 ceterum,
1296 2777 1337 2826 ut

290 2858 380 2933 dini,
404 2860 618 2943 sequentibus
640 2875 861 2943 comparatae
882 2876 915 2926 et
937 2864 1100 2927 varietate
1130 2863 1337 2928 eruditionis

290 2971 322 3021 et
344 2962 458 3041 lepore
480 2961 687 3024 urbanitatis
702 2976 734 3026 et
749 2964 905 3046 iptorum
920 2965 1045 3028 virium
1056 2967 1178 3029 robore
1190 2963 1336 3029 multum

289 3071 420 3122 eeteros
442 3074 595 3142 superat.

302 3189 306 3197 ,
354 3157 486 3238 Quintil.
509 3164 561 3238 10,
585 3166 615 3237 1,
643 3167 711 3229 116.
735 3169 864 3242 Multa,
888 3168 920 3230 oi
940 3190 1017 3231 cum
1040 3169 1167 3232 iudicio
1182 3171 1332 3252 legatur,

290 3257 383 3319 dabit
398 3257 590 3322 imitatione
610 3265 718 3345 digna
729 3252 870 3329 (latoius
889 3272 1044 3344 Severus,
1071 3271 1141 3353 qut,
1166 3271 1197 3333 oi
1211 3269 1336 3333 ceteris

290 3355 471 3419 uirtutibus
493 3362 641 3423 colorem
666 3376 699 3424 et
716 3367 924 3446 gravitatem
946 3371 1115 3433 orationis
1137 3371 1331 3444 adiecisset,

285 3457 466 3540 ponendus
486 3457 576 3522 inter
607 3465 812 3547 praecipuos
831 3467 954 3557 foret.
1013 3475 1108 3536 Nam
1140 3484 1173 3535 et
1202 3471 1335 3552 ingenii

288 3557 476 3638 plurimum
499 3572 550 3622 eat
570 3562 606 3623 in
628 3586 679 3639 ea,
705 3578 738 3628 et
759 3572 928 3634 acerbitas
956 3572 1064 3646 mira,
1094 3583 1127 3634 et
1153 3572 1334 3634 urbanitas

289 3657 364 3718 eius
385 3679 531 3736 summa,
556 3666 617 3726 aed
634 3668 715 3746 pluo
736 3673 912 3736 stomacho
931 3694 1034 3757 quam
1054 3663 1198 3737 oonsilio
1220 3673 1334 3742 uenit,-

285 3769 469 3840 praeterea
490 3773 528 3823 ut
549 3767 664 3828 amari
684 3771 788 3846 tales,
820 3772 872 3834 ita
892 3772 1107 3862 frequenter
1133 3773 1334 3836 amaritudo

286 3858 366 3940 ipsa
386 3861 535 3924 ridicula
555 3877 617 3928 eet.

323 4002 459 4062 acerbitas]
496 4008 578 4051 endem
597 4009 671 4052 virtus
690 4025 713 4056 tn
732 4013 817 4058 Gnosio
836 4015 947 4062 landatur
966 4018 1009 4063 lib.
1033 4017 1074 4072 tt,
1096 4015 1145 4076 10,
1167 4016 1208 4062 11.

350 4119 505 4184 Similiter
525 4123 583 4187 lib.
608 4127 637 4202 6,
660 4127 690 4202 3,
714 4129 767 4192 27.
811 4133 854 4197 Id
883 4135 976 4217 quod
1007 4134 1151 4206 dieitur,
1184 4147 1247 4198 aut
1278 4147 1333 4198 eat

287 4219 450 4282 lasciuum
472 4233 505 4285 et
533 4224 659 4302 hilare,
692 4229 811 4310 qualia
830 4236 875 4295 A.
899 4235 1027 4298 Galbae
1046 4239 1231 4318 pleraque,
1267 4248 1333 4299 aut

1454 985 1456 1096 l
