2966 4842
1144 371 1203 429 lus

229 531 313 584 paniae
328 529 464 576 oriundam.
502 528 547 570 Sed
567 539 650 586 nepum
671 540 722 570 ease
737 530 786 586 ait„
799 531 860 584 quod
876 529 990 586 Spalding
1002 533 1101 582 monuit,
1117 533 1201 574 miram

227 630 280 660 essa
307 621 329 659 et
353 615 526 670 infrequentem
551 613 747 672 quadrantariaa
773 617 883 658 inim-iam
913 622 937 658 ut
967 619 1049 661 eadem
1077 619 1105 660 sit
1130 621 1197 662 nolu.

230 703 339 746 Adiicere
363 706 471 754 poterat,
494 703 607 744 farninum
635 715 758 756 procacem
780 705 936 760 lascivamque
956 704 977 746 in
1000 703 1107 748 triclinio
1127 711 1150 750 et
1170 709 1197 748 ad

232 785 353 857 πρᾶγμα
373 793 462 832 tantum
483 790 626 834 allicientem
652 803 681 833 ne
707 791 752 833 dici
780 791 873 846 quidem
899 804 969 844 possa
995 785 1079 836 Coum.
1124 797 1201 850 itaque
1260 821 1265 838 .

229 877 403 928 transponenda
431 881 512 920 censet
537 877 609 919 verba
637 880 661 919 at
688 877 714 918 in
740 877 855 921 triclinio
876 875 969 922 Nolam
993 877 1064 935 (quae
1089 882 1152 925 nolle
1177 895 1202 925 se

228 961 337 1016 simulat)
357 963 384 1005 in
401 962 515 1006 crtbieulo
533 959 608 1006 Coum
628 963 700 1022 (quae
721 965 830 1008 lubenter
849 965 920 1016 coit.)
940 967 1015 1009 Aliter
1034 967 1139 1010 illustrat
1159 967 1202 1012 hoc

226 1053 335 1108 aenigma
348 1051 390 1094 Fr.
407 1050 436 1094 C.
452 1050 616 1109 Forbergius,
638 1052 797 1106 peritissimus
817 1051 900 1095 harum
919 1067 1000 1096 rerum
1020 1054 1110 1098 arbiter
1133 1065 1203 1112 atque

228 1138 396 1191 existimator,
418 1137 441 1180 in
461 1137 558 1181 Antonii
577 1139 730 1182 Panormitae
757 1139 955 1194 Hermaphrodito
975 1155 997 1196 p.
1020 1137 1079 1185 233.
1100 1142 1203 1200 „clodis

228 1239 270 1268 coa
290 1225 391 1277 dicitur,
412 1227 473 1280 quod
493 1227 568 1269 voluit
586 1228 609 1269 in
630 1227 734 1269 triclinio
753 1227 834 1279 coire,
855 1229 923 1280 nola,
945 1231 1005 1284 quod
1026 1229 1103 1272 noluit
1120 1231 1142 1272 in
1163 1245 1203 1273 eu-

229 1314 318 1357 biculo.
356 1311 416 1356 Nam
435 1315 497 1368 quod
524 1315 624 1356 miratur
650 1313 800 1370 Spaldingius
827 1314 1001 1370 infrequentem
1021 1318 1204 1372 quadrantariae

228 1402 354 1453 iniuriam,
376 1405 400 1442 ut
419 1404 501 1444 eadem
515 1402 546 1442 sit
564 1402 632 1457 nola,
653 1413 752 1452 vereor,
778 1415 806 1444 ne
826 1403 900 1444 notin
921 1409 1048 1458 quaeratur
1067 1405 1090 1446 in
1110 1407 1202 1459 scirpo.

230 1490 317 1546 Quidni
342 1489 464 1540 dicaturus,
494 1488 602 1532 Clodiam
630 1488 775 1532 Messalinae
803 1488 878 1532 instar
902 1489 1015 1534 facilitate
1040 1493 1205 1536 adulterorum

229 1581 252 1620 in
265 1577 390 1620 fastidium
408 1589 503 1620 versam
522 1579 549 1618 ad
570 1577 702 1634 incognitas
724 1576 834 1620 libidines
854 1576 1013 1631 profluxisse,
1035 1584 1066 1622 ita
1087 1584 1111 1622 ut
1130 1581 1206 1624 nollet

232 1665 380 1709 intenebris
406 1665 484 1715 surm,
511 1665 581 1706 uellet
605 1670 684 1706 eutem
711 1677 757 1706 nou
786 1667 856 1706 irrodo
883 1667 985 1708 admissa
1013 1669 1078 1719 luca,
1106 1671 1146 1710 sed
1166 1671 1206 1708 ad-

232 1753 311 1796 missis
339 1753 412 1795 eliam
440 1751 539 1794 testibus
571 1751 719 1803 uirentibus,
748 1755 879 1804 spectatum
908 1753 951 1794 nisi
983 1756 1114 1807 incautam,
1143 1761 1207 1800 rente

230 1847 325 1884 euntem
345 1843 385 1882 sut
403 1832 577 1882 redeuntemi‘'
600 1859 625 1869 -

225 1961 300 2022 Huc
326 1958 424 2039 vulgo
447 1955 585 2028 trahitur
600 1958 698 2046 ¹locris
723 1959 823 2019 Festi.

226 2063 340 2124 Festus
362 2083 396 2141 p.
423 2059 493 2120 182.
520 2047 625 2123 Oreste
647 2059 744 2122 freni.
782 2062 868 2123 Cato
887 2064 1073 2144 Originum
1093 2068 1115 2124 l.
1140 2068 1207 2130 111.

162 2187 265 2248 equos
282 2161 477 2244 respondit:
501 2183 602 2224 oreas
625 2162 709 2224 mitri
730 2163 828 2233 inde,
851 2164 913 2225 tibi
928 2165 1207 2256 eapeflagellum.

163 2267 299 2332 Coelius
326 2287 392 2347 pro
422 2287 458 2326 se
492 2267 586 2346 apud
615 2266 803 2346 populum:
835 2276 1006 2348 equusque
1036 2269 1118 2327 mihi
1148 2271 1211 2328 sub
1232 2309 1271 2338 ..,

152 2369 354 2449 ⁸y‘iminibuc
387 2368 520 2429 occisus
553 2379 647 2438 erat,
683 2387 784 2428 oreas
824 2367 968 2428 detraho
1001 2369 1211 2448 inspectante

166 2476 207 2534 1..
233 2469 409 2533 Stertinio.

199 2611 298 2659 Coelius
325 2629 373 2672 pro
398 2613 436 2674 sa]
479 2617 593 2672 Spalding
620 2616 648 2657 ad
668 2587 777 2672 [Quintil.
803 2613 855 2670 ΧΙ,
879 2617 905 2666 1,
933 2613 975 2658 bl.
999 2617 1103 2658 orationi
1131 2616 1210 2660 Caelii

235 2704 319 2747 tribuit
327 2717 378 2760 pro
390 2717 418 2746 ca
436 2702 466 2747 de
485 2704 526 2757 ui,
548 2707 575 2748 de
595 2717 639 2760 qua
660 2718 720 2748 nunc
741 2705 869 2760 loquimur.
891 2701 988 2746 Ellendt
1007 2716 1063 2746 vern
1077 2717 1101 2756 p.
1117 2703 1209 2748 CXlV.

235 2792 271 2836 Μ.
291 2791 391 2835 Catonis
410 2797 434 2836 et
452 2791 528 2835 Caelii
549 2807 634 2837 nomeu
653 2807 667 2835 a
686 2792 791 2835 librariis
811 2795 970 2845 permutatum
988 2791 1130 2843 arbitratur,
1153 2797 1210 2835 rtem

236 2880 438 2924 Westermanuus
460 2894 483 2934 p.
505 2875 552 2925 2⁰9
579 2881 664 2924 Catoni
686 2880 779 2923 tribuit.
816 2879 876 2938 Sed,
902 2881 922 2922 si
945 2879 977 2921 ila
997 2891 1036 2923 res
1056 2893 1082 2922 se
1102 2879 1210 2929 baberet„

236 2967 323 3012 Festus
342 2969 421 3022 potins
442 2969 592 3022 scripsisset:
613 2965 674 3012 Cato
692 2965 831 3026 Originum
849 2967 868 3010 l.
888 2964 928 3009 111
943 2971 990 3010 atr.
1028 2963 1097 3010 Idam
1111 2978 1162 3022 pro
1182 2978 1211 3008 ae

238 3054 307 3112 apud
322 3057 451 3112 populum.
490 3057 545 3099 ideo
565 3057 683 3100 assentiar
702 3055 771 3098 Lioni
791 3055 815 3098 in
834 3055 891 3098 edit.
915 3053 978 3097 l'est.
1000 3054 1029 3101 G.
1058 3053 1089 3102 0.
1110 3037 1211 3098 Mitlleri

237 3159 259 3197 p.
282 3140 348 3200 tm3
374 3145 413 3200 qui
442 3158 485 3198 pro
514 3142 598 3188 Coelio
625 3142 739 3187 Laelium
768 3143 937 3200 corrigendum
958 3146 1032 3197 putot.
1061 3143 1116 3185 Vid.
1139 3155 1211 3196 supr-i

237 3246 291 3290 pag.
314 3229 371 3275 174.
401 3234 552 3287 Paulopost
570 3247 594 3287 p.
617 3228 676 3278 i69.
701 3228 803 3296 alterum
830 3231 963 3284 exernplum
990 3226 1068 3274 Cestii
1092 3237 1115 3274 et
1134 3229 1216 3274 Laelii

237 3323 375 3364 cninmutati
395 3323 533 3367 efferemus.

377 3525 382 3533 .
470 3481 498 3534 b.
540 3480 639 3536 Oratio
659 3496 711 3550 pro
731 3479 770 3537 M.
795 3481 920 3536 Saufeio.

235 3565 318 3650 m
341 3602 387 3650 est
411 3613 503 3652 eausa
527 3613 557 3652 a.
584 3591 643 3651 702
668 3589 747 3664 (52).

235 3690 399 3754 Asconius
439 3691 471 3752 in
505 3691 716 3752 Milonianam
749 3713 783 3770 p.
827 3695 879 3752 ud.
937 3695 1018 3754 Post
1050 3690 1219 3752 Milonem

170 3789 290 3850 eudem
313 3794 387 3872 lege
409 3793 573 3872 Pompeia
602 3791 738 3871 primus
766 3805 818 3854 est
847 3805 1028 3856 acerasatus
1052 3795 1106 3853 Μ.
1132 3795 1218 3852 Sau-
1265 3777 1266 3782 ἵ

158 3886 267 3979 feius
283 3894 338 3954 M.
352 3891 409 3978 f..
434 3893 493 3974 qui
516 3891 737 3981 dux-suerat
759 3893 1050 3974 inexpugnanda
1073 3892 1218 3950 taberna

172 3993 313 4055 Bovillis
336 4007 368 4056 et
398 3994 518 4058 Clodio
548 3994 744 4055 occidendo.
791 3999 1044 4057 Aecusauerunt
1073 4011 1151 4050 eum
1174 3995 1215 4053 L.

172 4095 330 4173 Cassius,
368 4102 408 4160 1..
442 4094 635 4166 Fulcinius,
671 4089 709 4158 G.
748 4095 920 4158 Valerius.
976 4089 1221 4181 Defenderam

172 4199 228 4262 M.
260 4201 397 4274 Cicero,
435 4201 489 4262 M.
528 4199 630 4260 Cael
640 4194 705 4256 ius
743 4197 1046 4274 obtinueruntque,
1083 4203 1119 4252 ut
1153 4215 1223 4254 una

175 4301 347 4363 sententia
367 4301 614 4364 absolveretur.

222 4408 296 4447 bieieri
309 4411 364 4448 nris.
374 4409 431 4446 Rom.
441 4409 520 4457 Fragm.
536 4405 566 4441 ud.
577 4401 596 4442 2.
981 4395 1022 4454 30
