2970 4836
277 352 317 411 to

311 511 370 556 Coto
389 512 418 556 de
431 509 606 570 feneratione]
635 513 794 567 Sirpplendutn
813 510 872 556 Cute
888 513 914 556 in
933 511 1093 556 dissuasione
1110 513 1139 556 de
1149 510 1321 570 seneruteone.

312 635 438 693 Comerne']
472 638 608 694 Legendum
629 633 765 682 Camerini.
804 637 915 682 Cameria
933 639 1045 692 oppidum
1064 637 1214 681 Latinorum.

544 830 590 886 12.
621 830 721 886 Oratio
745 831 821 900 apud
845 829 1050 884 Athenienses.

343 965 390 1026 Ea
414 961 550 1042 pertinet
576 963 613 1022 ad
634 983 746 1022 annum
770 959 830 1020 563
846 960 946 1038 (191),
972 981 1035 1042 quo
1061 981 1142 1023 anno
1167 959 1251 1025 Cato
1278 964 1322 1026 le-

280 1077 371 1148 gatus
398 1062 573 1126 Glabrioni
600 1062 737 1136 consuli,
765 1061 819 1145 qui
844 1061 876 1123 in
902 1061 1038 1123 Graecia
1065 1063 1181 1124 bellom
1209 1068 1324 1127 adver-

278 1189 331 1229 sus
351 1166 563 1238 Antiochum,
588 1187 696 1247 regem
720 1163 854 1242 Syriae,
881 1167 1030 1246 gerebat,
1059 1166 1200 1226 Graecas
1228 1171 1324 1229 urbes

280 1268 364 1342 adiit,
390 1278 422 1328 ut
447 1271 486 1328 ab
511 1266 664 1330 societate
688 1264 842 1329 Antiochi
863 1287 915 1326 eas
935 1264 1128 1328 abalienaret
1152 1278 1182 1330 et
1205 1270 1325 1331 Roma-

279 1370 326 1432 nis
353 1369 552 1451 adiungeret.

344 1472 510 1534 Plutarch.
537 1470 612 1533 Cat.
642 1472 693 1531 12.
730 1471 849 1559 Μανίῳ
872 1463 906 1534 δ’
922 1465 1057 1561 Ἀκιλίῳ
1076 1473 1256 1558 χιλιαρχῶν
1278 1469 1322 1538 έτέ

274 1569 446 1658 Ἀντίοχον
472 1569 530 1638 τὸν
553 1575 657 1656 μέγαν
684 1572 884 1650 συνεξῆλθεν
908 1568 953 1648 εἰς
974 1569 1032 1652 τὴν
1051 1568 1194 1638 Ἑλλάδα
1217 1569 1325 1664 φοβη-

280 1698 386 1739 σαντα
402 1669 586 1760 Ῥωμαίους
609 1667 651 1749 ὡς
676 1669 793 1738 οὐδένα
818 1676 926 1762 ἕτερον
947 1699 1006 1761 μετ
1019 1671 1235 1756 Ἀννίβαν.-
1258 1679 1325 1742 Καὶ

282 1771 386 1842 σάλον
410 1771 515 1851 sinte
538 1769 556 1854 ἡ
578 1769 697 1851 Ἑλλὰς
720 1767 781 1861 εἶχε
808 1781 862 1840 καὶ
885 1779 1046 1866 μετέωρος
1066 1764 1106 1856 ἦν
1127 1779 1233 1843 ἐλπίσι
1255 1781 1327 1844 δια-

280 1881 490 1967 φθειρομένη
513 1879 704 1960 βασιλικαῖς
732 1872 796 1942 rino
830 1879 893 1943 των
928 1880 1139 1964 δημαγωγῶν.
1164 1876 1327 1966 Ἔτιεμιτεν

281 1967 339 2046 οὖν
363 1981 511 2066 ιτρέςβεις
539 1974 556 2042 ὁ
581 1974 714 2055 Μείνιος
737 1979 786 2043 ἐπὶ
813 1975 871 2055 τὰς
896 1974 1016 2056 πόλεις.
1061 1977 1182 2047 Κοίτων
1203 1984 1326 2071 Κοριν-

281 2087 383 2158 θίους
404 2088 458 2146 καὶ
480 2087 635 2167 Πατρεῖς,
657 2081 704 2147 ἔτι
727 2076 757 2146 δ’
771 2077 907 2165 Ἀιγιεῐς
926 2078 1168 2171 παρεστήσατο.
1205 2072 1327 2149 Πλεῖσ-

281 2209 338 2250 τον
361 2189 395 2249 (li
415 2181 534 2271 χρόνον
565 2187 597 2249 έν
615 2179 790 2260 Ἀθίυαις
816 2187 974 2268 διέτριψε.
1015 2187 1086 2250 Καὶ
1113 2189 1241 2270 λέγεται
1268 2191 1328 2272 μέν

282 2313 331 2363 τις
353 2283 456 2352 αὐτοῦ
479 2291 651 2378 φέρεσθαι
676 2281 796 2369 λόγος,
824 2280 861 2351 δν
881 2283 1065 2366 Ἑλληνιστὶ
1085 2284 1169 2375 πρὸς
1191 2285 1247 2353 τὸν
1271 2291 1354 2368 δη·

281 2414 343 2472 μον
366 2379 469 2468 εἶπεν,
488 2383 531 2465 ὡς
553 2389 655 2468 ζηλῶν
677 2413 710 2453 τε
735 2384 793 2466 τὴν
816 2383 934 2475 ἀρετὴν
964 2389 1027 2453 τῶν
1048 2390 1198 2454 παλαιῶν
1216 2385 1328 2469 Ἀθη-

281 2492 389 2570 ναίων,
413 2493 471 2572 τῆς
491 2515 525 2556 τε
547 2487 671 2566 πόλεως
692 2486 747 2554 διὰ
764 2487 801 2554 τὸ
822 2485 943 2565 κοίλλος
962 2496 1016 2554 καὶ
1036 2487 1075 2555 τὸ
1090 2495 1237 2576 μέγεθος
1256 2487 1327 2571 ἡδέ-

282 2621 325 2671 ως
348 2597 395 2674 εἴη
420 2590 560 2678 γεγονὼς
582 2589 731 2671 θεατὴς·
767 2588 805 2655 τὸ
826 2587 858 2656 δ’
878 2587 937 2656 οὐκ
963 2587 1093 2672 ἀληθές
1116 2595 1218 2674 έστιν,
1243 2590 1328 2658 ἀλλὰ

282 2693 317 2762 δι’
337 2699 497 2784 ἑρμηνέως
518 2697 641 2780 ἐνέτυχε
664 2699 732 2769 τοῖς
746 2689 952 2774 Ἀθηναίοις
980 2697 1137 2773 δυνηθεὶς
1165 2691 1206 2761 eiu
1228 2691 1330 2772 αὐτὸς

283 2797 393 2876 εἰπεῖν,
416 2797 558 2882 ἐμμένων
582 2799 617 2860 δὲ
639 2801 709 2872 τοῖς
735 2797 887 2885 πατρίοις
916 2800 970 2860 καί
993 2799 1182 2880 καταγελῶν
1203 2799 1266 2862 τῶν
1287 2795 1330 2863 τὰ

278 2896 452 2978 Ἑλληνικὰ
474 2893 747 2981 τεθαυμακότων.

349 3003 543 3064 Plutarchus
568 3021 642 3062 vere
667 2999 765 3061 dixit:
790 3001 884 3062 latine
912 2997 1007 3074 enim,
1035 3020 1098 3062 non
1123 3021 1239 3082 graece
1264 2999 1329 3064 Ca-

283 3117 390 3168 tonem
413 3107 451 3164 ad
480 3101 690 3164 Athenienses
714 3103 842 3176 dixisse,
866 3121 928 3165 uno
953 3113 1039 3164 certe
1067 3101 1249 3184 fragmento
1274 3107 1329 3165 de·

285 3217 492 3269 monstratur.

349 3307 535 3370 Rufinianus
559 3310 597 3369 de
621 3308 736 3390 figuris
766 3331 800 3389 p.
826 3308 898 3371 199.
934 3307 1197 3372 Exuthenismos.
1244 3311 1330 3372 Coto

284 3409 380 3490 apud
403 3409 649 3472 Athenienses:
678 3411 863 3474 Antiochus
890 3410 1043 3493 epistolis
1070 3413 1193 3474 bellum
1216 3411 1328 3491 gerit,

285 3515 417 3574 calamo
439 3524 472 3572 et
493 3524 688 3575 atramento
714 3513 851 3576 militat.

326 3655 395 3713 apud
415 3654 589 3714 Athenienses]
620 3657 775 3700 Ruhnltenius
802 3659 964 3702 coniecturam
988 3671 1052 3699 susm
1071 3655 1105 3697 ud
1124 3652 1287 3698 Athenienses
1307 3658 1330 3699 in

290 3768 292 3772 ·
357 3745 477 3788 Adtendis
494 3758 517 3798 p.
542 3743 601 3789 276.
619 3745 767 3788 retractavit.

381 3938 427 3995 13.
456 3936 557 3993 Oratio
576 3942 675 3993 contra
696 3934 852 3990 Thermum
874 3935 910 3988 de
930 3935 1030 3989 decem
1055 3934 1228 3992 hominibus.

350 4068 442 4131 Dicta
468 4078 514 4130 est
541 4088 624 4130 anno
650 4065 711 4128 564
733 4065 834 4142 (190).

351 4172 393 4250 Q.
426 4168 589 4231 Minucius
617 4169 801 4242 Thermus,
830 4168 940 4230 consul
972 4169 1042 4232 anni
1075 4172 1133 4232 561
1158 4171 1248 4250 (193)
1276 4166 1330 4229 ad-

289 4293 398 4333 versus
428 4272 564 4353 Ligures
594 4281 623 4330 et
656 4269 755 4334 Boios
786 4271 899 4334 Gallos
926 4271 1091 4352 proiectus
1120 4284 1166 4334 est
1195 4270 1331 4354 (Livius
