2992 4840
494 573 627 631 xxxvl.
671 573 704 642 Q.
726 573 817 632 Aelius
840 575 954 634 Tubero.

267 725 301 788 Is
322 722 463 807 aequalis
477 722 602 786 Tiberii
618 723 772 799 Gracchi,
796 723 939 788 tribunus
954 724 1001 808 pl.
1023 747 1052 788 a.
1071 726 1129 789 621
1150 727 1250 806 (1³3),

204 849 270 913 quo
302 847 384 889 anno
417 824 472 888 Ti.
503 847 633 910 quoque
666 829 836 891 Gracchus
868 827 1062 890 tribunatum
1095 827 1250 904 obtinuit,

203 929 301 993 fnisse
320 927 437 990 fertur.
480 927 615 1011 Pighius
639 942 663 992 t.
684 931 715 992 3.
738 953 773 1012 p.
799 929 830 993 6.
870 929 951 994 Cum
975 951 1056 995 nuno
1082 931 1144 993 625
1163 929 1252 1016 (129)

203 1041 385 1114 praeturam
412 1039 553 1112 peteret,
577 1031 734 1112 repulsam
763 1033 846 1096 tulit.
889 1031 961 1097 Cic.
987 1054 1021 1115 p.
1044 1035 1183 1097 Murena
1199 1035 1251 1112 36,

206 1137 258 1198 75.
303 1133 349 1196 At
376 1143 488 1213 postca
520 1155 549 1195 a.
576 1134 635 1195 631
661 1136 749 1214 (123)
771 1147 904 1216 praetor
933 1135 1034 1198 faetus
1062 1147 1127 1213 est,
1153 1147 1200 1216 ct,
1225 1137 1252 1200 si
1279 1169 1283 1174 ·

205 1235 327 1321 Pighio
353 1236 432 1298 fides
459 1247 521 1311 est,
547 1237 657 1298 consul
677 1236 829 1300 sufficitur
852 1260 881 1301 a.
907 1238 967 1300 636
992 1240 1081 1316 (118)
1097 1239 1250 1304 inlocum

206 1338 340 1403 Catonis
367 1336 525 1415 consulis,
556 1337 587 1400 in
619 1337 732 1400 Africa
760 1339 892 1402 mortui.
938 1341 1136 1422 Pomponius
1165 1353 1251 1404 certe

206 1447 244 1506 de
269 1441 366 1524 Orig.
393 1441 477 1504 Iuris
503 1461 533 1502 e.
561 1441 598 1518 3,
623 1442 675 1503 10.
713 1443 919 1504 Tuberonem
947 1452 978 1504 et
1003 1441 1107 1524 ipsum
1134 1463 1250 1507 consu-

204 1538 266 1608 iem
294 1545 393 1608 fuisse
414 1542 539 1606 scribit.

270 1684 392 1749 Cicero
420 1685 523 1777 Bruto
553 1684 606 1746 31.
651 1685 825 1766 Quoniam
850 1685 1046 1750 Stoicorum
1072 1697 1123 1748 est
1139 1683 1253 1773 facta

208 1789 351 1863 mentio,
370 1790 412 1868 Q.
429 1787 549 1850 Aelius
566 1786 702 1849 Tubero
706 1783 792 1871 fuit
808 1787 867 1851 ino
888 1800 1060 1870 tempore,
1082 1792 1124 1852 I..
1141 1788 1253 1852 Paulli

206 1911 330 1972 nepos,
361 1892 456 1952 nullo
480 1889 515 1951 in
541 1901 722 1952 oratorum
748 1910 911 1964 numero,
939 1891 1000 1954 sad
1023 1890 1093 1952 cita
1116 1911 1253 1954 severus

206 2005 240 2056 et
263 2013 458 2076 congruens
482 2013 623 2053 cumea
647 1991 830 2074 disciplina
852 2014 955 2075 quam
977 1992 1124 2066 colebat,
1147 1995 1254 2074 paulo

207 2095 311 2158 etiam
334 2095 473 2158 dirrior:
497 2095 713 2178 quiquidem
737 2095 772 2156 in
799 2095 1023 2158 triumviratu
1046 2092 1250 2158 iudicaverit

207 2209 329 2262 contra
352 2201 391 2262 P.
414 2193 582 2288 Africani
603 2198 762 2260 auunculi
789 2197 842 2260 sui
868 2197 1124 2269 testimonium,
1154 2217 1253 2258 caca·

208 2300 335 2363 tionem
358 2321 530 2384 augures,
559 2322 626 2383 quo
653 2301 765 2362 minus
789 2299 927 2361 iudiciis
950 2321 1092 2380 operam
1117 2299 1252 2372 darent,

210 2423 276 2464 non
302 2405 443 2474 habere,·
465 2403 527 2464 sed
553 2413 591 2464 ut
616 2402 704 2475 vita,
728 2402 776 2488 sic
798 2401 956 2463 oratione
972 2401 1081 2463 durus
1105 2401 1255 2462 incultus

210 2504 386 2568 horridus.
426 2509 546 2588 Itaque
567 2505 754 2566 honoribus
777 2505 950 2566 maiorum
966 2504 1172 2584 respondere
1187 2523 1255 2566 non
1281 2520 1282 2524 ’

205 2607 336 2690 potuit.
380 2608 459 2672 Fuit
493 2619 609 2670 autem
638 2618 799 2670 constans
835 2605 918 2668 ciuis
954 2617 987 2667 et
1007 2604 1129 2696 sortis
1157 2617 1191 2668 et
1219 2605 1255 2666 in

205 2710 332 2794 primis
358 2713 514 2774 Graccho
541 2713 724 2784 molestus,
761 2709 854 2792 quod
884 2707 1014 2770 indicat
1045 2709 1193 2771 Gracchi
1219 2708 1254 2770 in

209 2835 287 2876 eum
312 2813 440 2876 oratio.
485 2816 591 2876 Sunt
620 2812 752 2874 etiam
781 2811 822 2884 in
853 2813 1096 2875 Gracchum
1127 2811 1257 2876 Tube·

210 2914 345 2977 ranis.
390 2913 529 3005 isfuit
561 2913 742 2978 mediocris
775 2913 809 2975 in
844 2913 1005 2989 dicendo,
1038 2913 1257 2981 doctissimus

210 3017 245 3078 in
272 3017 496 3098 disputando.
520 3051 561 3061 —
586 3015 828 3100 Eloquentiam
855 3015 1023 3098 exiguam
1050 3015 1087 3079 in
1112 3014 1255 3087 Fannio,

210 3119 310 3182 nain
337 3120 468 3184 Rutilio
491 3119 629 3204 quidem
655 3139 838 3202 magnam,
868 3119 902 3180 in
926 3119 1107 3182 Tuberone
1129 3121 1258 3184 nuttam

209 3222 308 3286 video
317 3219 456 3312 fuisse.
1216 3225 1221 3243 '

296 3492 323 3550 1.
363 3493 504 3548 Laudatio
529 3493 657 3550 funebris
680 3491 710 3549 P.
733 3492 876 3564 Scipionis
896 3493 1024 3548 Africani
1045 3493 1175 3549 minoris.

275 3643 325 3706 Ea
348 3640 432 3706 dicta
460 3652 507 3704 est
533 3665 564 3706 a.
589 3642 650 3706 625
671 3641 773 3720 (129).

275 3745 368 3808 Haec
388 3745 548 3822 laudatio,
572 3742 702 3830 quaein
723 3740 890 3804 funeribus
909 3741 1060 3807 Africani
1082 3741 1188 3806 habita
1203 3753 1260 3816 est,

213 3865 277 3906 non
301 3848 340 3907 ab
365 3845 438 3930 ipso
463 3848 654 3921 Tuberone,
679 3847 734 3908 sed
758 3867 775 3906 n
799 3843 912 3906 Laelio
939 3843 1058 3926 scripta
1084 3841 1156 3904 fuit.
1194 3845 1262 3905 Tn-

213 3946 310 4024 bcro,
335 3949 474 4032 opinor,
500 3947 650 4030 gravitati
677 3945 726 4008 rei
751 3957 782 4010 et
804 3944 978 4008 difficultati
1000 3937 1180 4030 argumenti
1203 3941 1261 4002 im-

212 4071 272 4132 par
292 4062 372 4115 erat.

280 4149 356 4216 Cic.
381 4155 419 4214 de
444 4151 539 4216 Orat.
564 4153 600 4228 2,
624 4149 677 4213 81.
701 4173 734 4233 p.
760 4151 900 4214 Murena
925 4148 978 4208 36.
1011 4144 1097 4209 Vide
1121 4145 1261 4210 Oratio-

213 4275 273 4319 nes
300 4254 413 4318 Laelii
433 4277 468 4336 p.
494 4256 566 4317 171.
