2984 4842
1199 379 1259 443 399

271 537 357 602 lbid.
383 559 410 606 c.
437 537 489 605 12.
533 537 708 600 Adiunxit
734 537 836 599 etiam
860 545 892 596 et
924 534 1118 596 litterarum
1151 537 1258 599 scien·

205 643 293 704 tiam
317 653 350 704 et
375 639 535 723 loquendi
564 640 788 724 elegantiam,
821 659 909 721 qaae
934 639 1142 720 exscriptis
1168 639 1254 714 eius,

205 765 354 828 quorum
374 742 508 804 similia
529 746 624 804 nulla
650 754 742 816 sunt,
768 739 939 827 facillime
959 743 1111 824 perspici
1126 755 1253 824 potest.

272 863 405 946 Quintil.
436 863 493 937 10,
523 867 557 938 1,
590 864 661 926 116.
720 863 858 926 Servius
885 863 1058 945 Sulpicius
1086 864 1257 946 insignem

206 988 274 1028 non
296 965 470 1028 immerito
481 961 630 1056 samam
651 965 761 1028 tribus
784 965 1000 1028 orationibus
1026 965 1163 1028 meruit.

270 1087 347 1150 ibid.
377 1087 434 1161 10,
467 1089 502 1161 5,
535 1089 564 1148 lt.
615 1087 683 1150 Sed
712 1099 744 1149 et
774 1086 833 1149 illa
859 1109 906 1150 ex
932 1087 1049 1150 latinis
1076 1089 1252 1152 conversio
1298 1058 1303 1066 x

206 1192 351 1253 multum
374 1201 407 1251 et
429 1189 508 1271 ipsa
527 1189 722 1264 contulerit,
751 1210 791 1251 ac
818 1189 859 1252 de
886 1189 1096 1252 carminibus
1117 1191 1252 1274 quidem

204 1292 373 1355 neminem
397 1291 499 1354 credo
527 1292 703 1364 dubitare,
733 1315 800 1376 quo
830 1295 904 1357 solo
928 1314 1054 1375 genere
1081 1294 1251 1356 exercita·

205 1394 311 1459 tionis
335 1394 463 1457 dicitur
491 1416 576 1456 usus
599 1417 673 1458 esse
699 1396 882 1479 Sulpicius.
926 1398 1021 1460 Nam
1044 1407 1077 1457 et
1098 1396 1253 1458 sublimis

204 1497 349 1579 spiritus
373 1477 532 1560 attollere
554 1496 746 1561 orationem
766 1506 893 1581 potest,
920 1507 953 1559 et
980 1499 1090 1571 verba,
1116 1499 1254 1580 poetica

203 1598 358 1662 libertate
381 1599 591 1673 audaciora,
621 1621 689 1663 non
716 1613 942 1682 praesumunt
967 1603 1086 1664 eadem
1111 1601 1252 1683 proprie

205 1701 339 1764 dicendi
351 1700 582 1791 facultatem.

265 1821 345 1885 ibid.
376 1821 435 1898 12,
467 1825 525 1899 10,
554 1825 605 1886 11.
650 1827 691 1888 1η
716 1824 873 1886 oratione
901 1825 932 1886 si
966 1824 1095 1906 species
1124 1824 1253 1886 intueri

204 1925 304 1997 velis,
341 1923 483 1987 totidem
513 1947 600 2009 pene
634 1927 785 2007 reperias
814 1927 1035 2010 ingeniorum
1063 1939 1146 2010 quot
1176 1950 1251 1990 cor·

199 2049 326 2108 porum
336 2025 498 2117 formas.
545 2028 612 2093 Sed
623 2027 739 2118 fuere
768 2030 937 2112 quaedam
964 2050 1094 2111 genera
1117 2029 1252 2093 dicendi

202 2128 395 2192 conditione
431 2141 625 2212 temporum
662 2131 887 2206 horridiora,
923 2131 1052 2215 alioqui
1087 2153 1250 2213 magnam

202 2231 272 2292 iam
297 2232 428 2314 ingenii
459 2233 527 2294 vim
554 2254 640 2314 prae
671 2255 706 2296 se
725 2231 903 2324 ferentia.
934 2235 1011 2296 binc
1035 2234 1103 2296 sint
1124 2231 1246 2308 Laelii,

202 2332 388 2423 Africani,
415 2337 563 2399 Catones
590 2336 694 2397 etiam
717 2336 941 2419 Gracchique.
976 2336 1133 2400 Mediam
1154 2335 1250 2398 illam

190 2432 357 2523 formam
380 2448 516 2498 teneant
542 2442 584 2501 L.
614 2440 780 2511 Crassus,
812 2442 855 2520 Q.
884 2439 1104 2502 Hortensius.
1158 2441 1249 2502 Tum

201 2536 323 2598 deinde
349 2537 558 2632 efflorescat
586 2561 653 2602 non
683 2543 828 2602 multum
858 2541 949 2603 inter
975 2562 1010 2602 se
1046 2540 1249 2603 distantium

200 2651 353 2722 tempore
383 2654 564 2704 aratorum
590 2643 713 2725 ingens
734 2655 934 2724 proventus.
979 2643 1045 2707 Hic
1071 2642 1138 2704 vim
1163 2646 1248 2707 Cae·

199 2743 301 2818 saris,
324 2743 472 2806 indolem
489 2745 606 2820 Caelii,
631 2745 853 2808 subtilitatem
871 2745 1008 2822 Catilii,
1032 2745 1247 2828 diligentiam

199 2845 382 2922 Pollionis,
420 2847 625 2930 dignitatem
659 2852 855 2924 Messalae,
888 2848 1105 2911 sanctitatem
1141 2847 1247 2922 Calvi,

197 2948 404 3029 grauitatem
436 2950 555 3023 Bruti,
588 2966 765 3013 acumen
792 2951 1001 3034 Sulpicii,
1028 2949 1249 3036 acerbitatem
1338 2971 1339 2976 ¹

198 3051 310 3112 Cassii
337 3053 558 3133 reperiemus.
592 3053 638 3114 At
663 3056 718 3116 M.
744 3053 914 3125 Tullium,
940 3073 1008 3114 non
1030 3053 1127 3114 illum
1147 3050 1247 3114 habe-

198 3173 273 3214 mus
291 3153 383 3216 circa
394 3155 550 3236 plurium
572 3155 701 3217 artium
721 3155 849 3238 species
858 3167 1114 3238 praestantem,
1133 3153 1194 3218 sed
1213 3155 1248 3217 in

196 3256 371 3330 omnibus,
389 3279 476 3340 quae
494 3258 530 3320 in
552 3279 685 3342 quoque
704 3259 905 3333 laudantur,
925 3257 1246 3342 eminentissimum.

258 3375 338 3440 ibid.
366 3377 422 3451 12,
451 3379 487 3454 3,
518 3380 551 3442 9.
608 3383 663 3444 M·
699 3384 786 3445 Cato
809 3401 886 3441 cam
917 3379 953 3441 in
981 3380 1124 3443 dicendo
1147 3400 1247 3462 prae·

195 3479 452 3554 stantissimus,
481 3493 554 3544 tum
581 3481 668 3545 iuris
704 3484 795 3547 idem
819 3480 905 3573 fuit
935 3483 1186 3566 peritissimus,
1215 3493 1248 3544 et

194 3580 376 3642 Scaevolae
419 3584 603 3668 Servioque
645 3586 799 3668 Sulpicio
841 3605 1003 3648 concessa
1046 3598 1098 3648 est
1143 3583 1247 3647 etiam

182 3677 385 3766 facundiae
411 3685 530 3750 virtus.

257 3800 402 3865 Velleius
435 3805 470 3882 2,
498 3806 548 3867 36.
601 3810 678 3871 lam
709 3827 796 3889 pene
824 3809 1114 3890 supervacaneum
1139 3806 1247 3868 rideri

189 3911 316 3981 potest,
335 3907 557 3970 eminentium
580 3909 800 3992 ingeniorum
824 3921 946 3973 notare
967 3921 1136 3991 tempora.
1158 3905 1245 3986 Quis

191 4003 282 4066 enim
312 4007 473 4091 ignorat,
513 4011 679 4074 diremtos
716 4010 885 4094 gradibus
922 4011 1047 4072 aetatis
1066 4007 1246 4102 floruisse

190 4105 253 4168 hoc
265 4119 419 4192 tempore
428 4112 637 4188 Ciceronem,
650 4113 888 4187 Hortensium,
902 4129 1051 4192 saneque
1062 4114 1239 4185 Crassum,

190 4210 368 4289 Catonem,
393 4216 470 4277 Sul
473 4213 656 4296 picium,
687 4235 837 4298 moxque
864 4217 1031 4286 Brutum,
1056 4212 1244 4288 Calidium

189 4311 361 4387 Coelium,
388 4316 529 4378 Cusum
558 4327 591 4378 et
619 4315 825 4400 proximum
854 4305 1026 4381 Ciceroni
1043 4318 1241 4391 Caesarem,
