2976 4844
247 345 286 408 91

317 514 382 558 cuius
401 511 525 572 scribere:
549 507 608 556 Cato
629 512 655 554 in
674 524 713 559 su,
734 525 782 568 qua
800 511 941 565 dissuadet,
967 526 997 558 ns
1018 509 1127 556 Orchia·
1148 514 1201 572 legi
1223 513 1294 560 dero·

316 605 432 659 geretur.
471 601 567 644 Ellendt
591 599 671 652 (llall.
693 599 750 648 tut.
774 600 804 644 Z.
829 599 904 644 1831.
929 602 982 646 lau.
1007 614 1029 656 μ.
1053 599 1111 657 8⁹.)
1129 604 1244 648 coniicit.¹
1268 605 1294 648 in

318 701 347 732 eu
372 702 420 747 quc
441 691 459 732 1.
483 685 560 734 Orch.
582 685 681 732 caudet.

282 827 313 857 nc
335 813 391 871 quir
413 825 511 856 serrum
529 810 648 870 mitteret]
685 811 816 856 Schneider
846 813 881 856 De
904 816 950 858 vita
975 814 1074 860 Catonis
1094 828 1117 870 p·
1141 813 1164 860 5.
1188 817 1216 858 ad
1236 817 1294 862 base

318 901 390 946 rerba
409 903 529 956 pertinere
548 905 623 956 putat,
648 901 711 957 quod
730 901 874 944 Plutarchus
893 903 970 946 reteri
985 903 1009 946 iu
1031 904 1077 947 vila
1097 903 1151 948 Cat.
1177 917 1200 952 c.
1222 901 1265 948 21.

312 1018 442 1082 Scholia
471 1017 645 1082 Robiensia
668 1018 701 1080 in
724 1017 893 1082 Ciceronis
923 1022 1019 1085 Orat.
1044 1041 1107 1102 pro
1132 1019 1237 1088 Sestio
1263 1021 1293 1084 in

249 1122 365 1188 Orellii
391 1120 581 1184 Scholiastis
608 1123 651 1182 T.
673 1121 705 1182 2.
723 1143 758 1202 p.
772 1122 846 1184 310.
869 1125 994 1204 Implet
1015 1125 1295 1187 exhortationem

248 1228 356 1290 honae
393 1235 504 1287 sectae
543 1221 591 1284 od
626 1223 921 1287 conseruationem
947 1225 1041 1307 reip.
1075 1227 1292 1308 pertinentis.

248 1331 331 1394 Non
353 1328 456 1390 aliter
481 1338 514 1390 et
540 1329 594 1390 M.
617 1329 703 1391 (loto
729 1326 765 1388 in
787 1329 900 1409 legem
919 1328 1085 1392 Orchiam
1107 1326 1294 1419 conferens

246 1452 289 1495 ea
321 1451 408 1515 quae
437 1431 568 1504 virtus,
601 1439 640 1489 ut
673 1449 827 1492 summae
857 1431 993 1512 gloriae
1022 1430 1093 1493 sint
1120 1452 1145 1493 a
1169 1431 1294 1496 uirtute

246 1531 521 1618 proficiscendo,
557 1531 735 1594 dedecoris
767 1552 849 1593 uero
878 1532 1062 1614 praecipui
1094 1533 1294 1596 existimen-
1331 1516 1335 1520 ’

248 1648 327 1713 tur,
355 1655 443 1718 quae
465 1637 624 1716 uoluptas
648 1634 794 1696 suadeat
819 1653 889 1698 non
915 1634 989 1697 sine
1014 1636 1088 1698 labe
1117 1636 1291 1700 uitiorum.

284 1783 308 1826 in
331 1779 411 1841 legem
435 1773 568 1836 Orchiam]
605 1792 651 1822 non
671 1777 796 1823 aduersus
816 1779 898 1839 legem
920 1777 1041 1824 Orchiam
1064 1781 1146 1836 (nemo
1168 1782 1231 1825 euim
1254 1793 1291 1826 re·

319 1883 371 1913 rum
395 1868 503 1923 putabit,
529 1865 644 1910 Catonem
667 1867 794 1924 aliquando
816 1867 932 1912 adversas
955 1869 1014 1913 banc
1035 1871 1111 1928 legem
1135 1869 1249 1924 optimam
1271 1873 1295 1914 et

320 1959 472 2002 utilissimam
500 1955 647 2011 reipublicae
673 1954 804 2014 dixisse):
836 1959 878 2002 sed
903 1959 981 2003 dicit:
1003 1958 1065 2002 Cata
1086 1959 1114 2001 ds
1136 1960 1188 2016 legs
1205 1956 1294 2002 Orchia

320 2061 348 2092 ca
371 2047 444 2100 dicit,
469 2058 529 2102 quas
551 2046 627 2090 virtus
648 2046 700 2098 ipsa
719 2047 747 2090 ds
764 2059 792 2090 ea
809 2047 915 2101 diceret,
937 2047 1088 2090 cornmendat
1107 2059 1160 2090 caru
1180 2046 1294 2090 tantidem

319 2148 390 2193 quam
413 2133 433 2177 si
453 2133 527 2176 virtus
550 2133 601 2188 ipsa
621 2145 674 2178 eam
695 2135 882 2178 ccmrncndaret.

314 2249 508 2317 Macrobius
527 2250 595 2312 Sat.
615 2250 715 2324 2,13.
748 2251 838 2314 Haec
859 2263 908 2314 cst
927 2254 987 2314 lex
1007 2252 1147 2323 Orchia,
1168 2254 1207 2314 dc
1230 2271 1293 2335 qua

249 2362 337 2425 Coto
358 2357 395 2419 in
422 2353 639 2418 orationibus
662 2353 736 2416 suis
762 2352 1028 2429 vociferabatur,
1057 2357 1142 2440 quod
1165 2354 1290 2435 plures,

248 2481 342 2547 quam
357 2457 560 2540 praescripto
584 2454 652 2518 eius
672 2457 854 2532 cavebatur,
878 2459 917 2519 ad
935 2478 1065 2520 coenam
1087 2467 1293 2521 vocarentur.

310 2561 436 2627 Plinius
459 2559 556 2622 Hist,
574 2559 604 2632 8,
632 2559 685 2621 51.
732 2560 846 2643 Neque
869 2559 932 2622 alio
960 2581 1000 2623 cx
1027 2559 1155 2622 animali
1177 2569 1294 2646 (quam

248 2689 290 2732 ex
310 2651 387 2744 sue)
407 2659 612 2728 numerosior
632 2659 763 2724 materia
787 2683 916 2745 ganeae,
940 2662 1170 2746 quinquaginta
1190 2683 1294 2745 prope

247 2787 402 2850 sapores,
427 2787 496 2827 cum
519 2761 635 2825 ceteris
660 2761 789 2847 singuli.
834 2764 922 2828 Hinc
948 2763 1165 2827 censoriarum
1185 2764 1292 2847 legum

247 2869 383 2956 paginae
408 2865 642 2949 interdictaque
667 2864 777 2930 coenis
808 2865 999 2938 abdomina,
1027 2865 1175 2950 glandia,
1204 2865 1294 2927 testi·

248 2972 323 3048 culi,
349 2972 476 3045 vulvae,
501 2966 648 3048 sincipita
674 2966 816 3030 verrioa.
862 2967 1018 3031 Placuere
1044 2979 1146 3030 autem
1174 2978 1205 3030 et
1230 2967 1294 3031 leri

249 3095 333 3139 sues.
379 3076 455 3139 lam
480 3070 623 3137 Catonis
640 3071 794 3133 censoris
817 3071 994 3134 orationes
1011 3091 1211 3154 aprugnum
1231 3091 1294 3134 eac·

246 3179 416 3262 probrant
437 3177 574 3238 callum.

282 3319 384 3370 Catonis
404 3317 531 3378 censoris]
569 3318 665 3368 Nescio,
685 3323 764 3361 utrum
789 3321 811 3362 in
835 3321 943 3363 oratione
965 3322 993 3364 de
1018 3322 1069 3379 lege
1093 3320 1182 3365 Orchia
1206 3333 1233 3362 aa
1254 3332 1294 3374 ρο-

317 3413 364 3456 tins
382 3412 405 3454 in
424 3411 471 3454 alia
492 3408 603 3452 orations
626 3419 752 3460 censoria,
778 3420 823 3464 qna
848 3409 875 3452 de
898 3408 953 3451 luxu
972 3421 1102 3453 coenarum
1125 3410 1217 3451 locutus
1239 3413 1293 3461 est,

318 3500 406 3543 dictum
429 3499 468 3542 sit.

311 3615 442 3680 Servius
475 3617 506 3680 io
535 3616 636 3700 Virg.
667 3615 751 3684 Aen.
783 3617 811 3690 l,
843 3614 916 3677 726.
977 3617 1064 3678 Cato
1094 3610 1157 3672 ait:
1193 3621 1225 3672 et
1257 3611 1294 3672 in

245 3720 340 3784 atrio
363 3732 395 3782 et
418 3721 551 3784 duobus
564 3715 724 3808 ferculis
749 3717 977 3798 epulabantur
1005 3711 1151 3795 antiqui.

282 3863 351 3924 Cato]
388 3868 411 3911 in
431 3867 539 3910 oratione
561 3867 589 3909 de
609 3866 660 3922 lege
683 3864 781 3909 orchia.
819 3860 953 3904 Maiensius
975 3871 998 3913 p.
1024 3853 1064 3903 32.

312 3983 514 4048 Macrobius.
541 3985 608 4046 Sat.
633 3981 666 4059 2,
692 3981 740 4043 13,
785 3976 869 4041 Cato
887 3976 1075 4040 sumtuarias
1099 3978 1188 4060 leges
1205 3979 1293 4042 ciba-

245 4087 309 4152 rias
335 4088 487 4170 appellat.

308 4189 466 4270 Polybius
493 4187 551 4252 lib.
575 4186 614 4247 31
626 4230 636 4262 ,
663 4184 716 4247 21.
776 4177 898 4252 Κάτων
923 4185 1124 4276 ἐδυςχὲραινε
1146 4188 1203 4249 καὶ
1229 4183 1294 4248 ius·

244 4288 370 4382 κράγει,
393 4282 445 4356 ὅτι
469 4296 555 4367 τινὲς
580 4283 640 4370 τὰς
660 4283 787 4368 ξενικὰς
812 4283 943 4380 τρυφὰς
972 4283 1144 4374 εἰςήγαγον
1166 4281 1211 4364 εἰς
1236 4282 1295 4368 τὴν
