2970 4836
1200 375 1238 436 bl

97 539 103 545 ’
193 555 250 596 res
273 551 381 594 novas
403 533 437 594 in
458 532 606 594 edictum
627 529 754 609 (i.e.in
767 531 907 594 edictum
922 531 1115 596 censorium.
1142 535 1239 595 tht-

193 635 263 716 ling
284 636 406 700 Gesch.
428 637 460 696 d.
483 641 568 698 riim.
591 634 781 697 Staatsrerf.
807 657 841 716 p.
867 636 963 708 339.)
987 637 1141 708 addidit,
1170 655 1240 719 qua

193 749 231 800 re
258 737 406 799 luxuria
436 737 706 820 reprimeretur,
738 759 824 822 qttae
856 741 925 800 inm
955 752 1028 800 tum
1057 741 1240 822 incipiebat

190 843 378 923 pullulare.

258 944 436 1023 Supersunt
451 940 620 1004 etiamnum
638 942 771 1026 vestigia
792 945 973 1009 orationum
991 968 1047 1010 sex
1066 957 1097 1009 et
1112 945 1239 1030 viginti,

193 1067 273 1130 quas
298 1067 413 1109 censor
436 1044 558 1107 habuit.

383 1297 430 1354 at.
458 1297 558 1356 Oratio
574 1297 605 1353 in
626 1297 657 1354 L.
678 1299 825 1366 Quintium
846 1301 1050 1358 Flamininum.

259 1449 492 1531 Argumentum
515 1446 697 1528 suppeditat
720 1447 835 1510 Livius
862 1449 919 1512 lib.
943 1450 1004 1528 39,
1030 1451 1082 1512 42.
1113 1455 1240 1516 Censo-

194 1573 252 1616 res
277 1555 331 1615 M.
351 1550 496 1615 Porcius
522 1562 555 1612 et
582 1552 624 1613 L.
653 1549 815 1614 Valerius
841 1563 934 1611 metu
961 1549 1075 1612 mixta
1100 1573 1241 1634 exspec-

193 1655 326 1718 tatione
352 1665 511 1716 senatum
535 1655 712 1735 legerunt,
740 1663 869 1735 septem
893 1666 1072 1716 moverunt
1098 1668 1238 1731 senatu,

193 1781 241 1820 ea
264 1757 387 1840 arcibus
409 1775 517 1818 anum
539 1755 711 1838 insignem
737 1765 771 1816 et
796 1755 972 1818 nobilitate
997 1767 1030 1818 et
1052 1757 1242 1821 honoribus

195 1865 239 1924 L.
265 1858 487 1942 Quintium
513 1857 798 1921 Flamininum
823 1861 1052 1922 consularem.
1097 1863 1241 1924 Patrum

196 1961 365 2026 memoria
387 1959 584 2024 institutam
594 1958 738 2049 fertur,
763 1972 802 2022 ut
823 1981 982 2024 censores
999 1961 1101 2024 motis
1119 1975 1242 2026 senatu

194 2065 430 2128 adscriberent
450 2075 564 2126 notas.
609 2059 753 2127 Catonis
775 2075 808 2126 et
829 2064 919 2126 aliae
941 2063 1078 2150 quidem
1098 2067 1241 2130 acerbae

196 2167 373 2232 orationes
392 2176 517 2228 extant
539 2165 574 2227 in
593 2186 665 2238 eos,
687 2187 774 2250 quos
793 2179 855 2229 aut
876 2167 1054 2232 senatorio
1073 2172 1149 2232 loco
1169 2192 1242 2233 mo·

194 2270 242 2333 vit
259 2281 322 2332 aut
336 2269 459 2352 quibas
473 2289 578 2352 equos
595 2269 735 2342 ademit,
758 2269 771 2329 l
779 2291 827 2331 on
836 2292 884 2352 ge
911 2269 1176 2353 gravissima
1198 2272 1240 2334 in

195 2377 238 2436 L.
266 2371 485 2456 Quintium
507 2371 654 2434 oratio
685 2382 754 2446 est,
788 2394 857 2455 qua
884 2373 917 2434 si
944 2386 1129 2436 accusator
1161 2386 1241 2438 ante

196 2487 326 2549 notam,
353 2495 421 2536 non
447 2495 570 2538 censor
592 2485 674 2557 post
702 2485 820 2536 notam
846 2496 931 2535 usus
957 2486 1065 2550 esset,
1093 2477 1242 2540 retinere

197 2576 379 2660 Quintium
404 2577 440 2638 in
466 2588 589 2640 senatu
617 2597 659 2638 ne
672 2574 803 2665 frater
827 2575 963 2658 quidem
994 2580 1037 2640 Τ.
1064 2577 1239 2659 Quintius,

195 2681 227 2743 si
252 2693 326 2742 tum
351 2700 472 2742 censor
496 2689 603 2754 esset,
629 2677 814 2760 potuisset.
859 2681 955 2742 Inter
980 2689 1095 2740 cetera
1121 2679 1244 2743 obiecit

195 2783 228 2844 ei
251 2782 450 2864 Philippum
473 2785 636 2855 Poenum,
665 2802 785 2842 carum
811 2802 852 2842 ac
875 2781 986 2844 nobile
1009 2793 1174 2858 scortum,
1199 2783 1244 2846 ab

197 2889 308 2950 Roma
337 2885 372 2947 in
408 2884 558 2948 Galliam
584 2883 806 2966 provinciam
832 2905 892 2966 spe
918 2884 1111 2968 ingentium
1135 2887 1243 2949 dono·-

197 3009 275 3050 rum
300 2985 519 3070 perductum.
565 2987 656 3049 Eum
682 3007 846 3067 puerum,
872 3009 937 3068 per
963 2987 1140 3049 lasciviam
1165 3009 1243 3049 cum

196 3091 435 3163 cavillaretur,
471 3087 688 3171 exprobrare
720 3087 854 3151 consuli
883 3110 1051 3171 persaepe
1081 3090 1241 3166 solitum,

197 3193 291 3276 quod
313 3193 376 3256 sub
402 3192 516 3275 ipsum
539 3193 771 3273 spectaculum
799 3191 1051 3274 gladiatoriam
1074 3191 1244 3255 abductus

196 3296 239 3358 ab
268 3297 381 3360 Roma
408 3306 517 3368 esset,
550 3306 591 3356 ut
623 3292 823 3376 obsequium
853 3295 1006 3358 ornaturi
1037 3295 1242 3358 venditaret.

197 3401 297 3461 Forte
331 3397 549 3479 epulantibus
579 3395 647 3470 iis,
678 3417 756 3456 cum
787 3396 858 3458 iam
885 3397 964 3458 vino
995 3397 1241 3472 incaluissent,

197 3501 395 3562 nuntiatam
417 3501 453 3562 in
479 3499 633 3562 convivio
659 3519 750 3570 esse,
780 3499 927 3562 nobilem
953 3499 1077 3562 Boium
1099 3521 1177 3562 eum
1202 3500 1244 3562 li·

198 3603 288 3666 beris
311 3600 542 3691 transfugam
564 3601 717 3676 venisse,
743 3601 923 3664 convenire
944 3605 1118 3664 consulem
1140 3605 1241 3680 velle,

198 3718 237 3767 ut
262 3706 306 3767 ab
328 3728 369 3768 eo
388 3705 504 3782 fidem
524 3723 691 3786 praesens
716 3703 899 3785 acciperet.
943 3705 1185 3769 Introductum
1207 3705 1244 3768 in

198 3811 459 3872 tabernaculum
477 3831 543 3892 per
569 3809 792 3889 interpretem
817 3807 948 3890 alloqui
969 3811 1143 3871 consulem
1169 3829 1245 3871 coe·

196 3913 303 3995 pisse.
348 3915 445 3976 Inter
469 3911 569 3974 cuius
595 3931 788 3974 sermonem
813 3909 976 3992 Quintius
1001 3922 1141 3973 scorto.-
1169 3909 1245 3990 „vis

199 4025 249 4090 tu,
263 4013 278 4044 “
299 4014 422 4098 inquit,
447 4014 636 4097 ,‚quoniam
659 4009 909 4096 gladiatorium
933 4011 1164 4094 spectaculum
1189 4033 1243 4072 re·

199 4115 352 4199 liquisti,
380 4117 451 4178 iam
479 4118 568 4178 hunc
597 4117 746 4183 Gallum,
760 4115 962 4178 morientem
987 4111 1152 4174 viderem
1199 4116 1246 4176 Et

200 4239 279 4280 cum
299 4218 331 4282 is
351 4218 496 4280 vixdum
518 4217 611 4282 serio
631 4217 820 4291 annuisset,
842 4215 889 4277 ad
906 4225 1029 4276 nutum
1044 4214 1151 4278 scorti
1166 4235 1246 4278 con-

201 4323 311 4383 sulem
337 4321 458 4383 stricto
483 4319 620 4402 gladio,
646 4320 706 4403 qui
729 4339 833 4402 super
858 4315 962 4397 caput
982 4311 1172 4397 pendebat,
1197 4320 1246 4380 lo-
