2970 4836
1178 313 1197 374 5

213 463 440 546 Fragmentum
461 467 619 550 quoddam
638 465 731 529 huius
751 464 940 530 laudationis
958 466 1025 532 sive
1042 467 1195 533 orationis

147 565 292 629 funebris
307 579 416 630 extare
433 568 558 632 videtur
577 574 658 652 apud
678 569 877 634 Priscianum
892 573 933 632 T.
947 572 975 634 1.
988 591 1022 651 p.
1034 571 1109 634 368:
1129 575 1196 636 ra-

145 668 242 732 bius
255 671 500 734 Maximus:
516 673 661 737 amitti
676 695 798 758 quam
813 673 953 756 apisci
965 673 1103 754 proesius
1115 687 1195 738 sunt

142 775 294 852 prolata.
328 779 332 790 '

182 897 276 957 apisci]
295 901 312 945 i.
325 917 347 946 e.
363 903 476 950 obtineri.
499 901 547 948 nui
561 905 609 948 baec
623 905 698 949 verba
709 917 738 949 cx
750 903 879 950 annalibus
894 903 923 966 Q
931 903 1004 950 Fabii
1015 903 1127 949 Maximi
1136 905 1195 950 Ser·

222 987 313 1034 ciliani
325 997 436 1046 excerpts
454 1005 507 1036 esse
521 997 611 1053 putant,
626 995 666 1038 sed
682 993 775 1038 oratori
790 993 866 1052 tnagis
879 1008 948 1051 quem
963 993 1080 1039 bisturico
1096 997 1193 1050 propria

216 1095 269 1126 esse
283 1083 400 1128 videnlur.

343 1245 396 1302 111.
418 1247 451 1300 P.
469 1244 608 1300 &melius
623 1244 717 1314 Scipio
730 1244 879 1313 Africanus
893 1251 995 1302 maior.

213 1360 316 1418 Natus
329 1379 358 1417 a.
370 1380 400 1419 u.
410 1357 471 1418 519
489 1356 589 1434 (235),
604 1355 629 1417 si
643 1354 742 1418 Livio
756 1356 929 1431 (l‚26,l8.),
940 1357 1075 1420 Valerio
1086 1359 1195 1420 Maxi·

149 1481 204 1522 mo
223 1459 306 1537 (1.3,
319 1461 348 1533 7,
362 1463 389 1522 1.
403 1460 431 1531 4,
444 1459 473 1530 3,
488 1459 528 1536 1.)
550 1468 581 1520 et
605 1459 726 1524 Orosio
750 1460 829 1520 fides
854 1459 1028 1520 adhibenda
1046 1471 1093 1522 est
1109 1461 1145 1536 (Ι.
1164 1464 1194 1535 lt,

147 1563 223 1640 18),
239 1563 288 1624 vel
300 1585 327 1622 a.
340 1586 370 1624 u.
381 1562 441 1623 516
452 1561 551 1637 (238),
566 1572 597 1622 ut
609 1560 753 1639 Polybio
768 1561 893 1622 videtur
906 1561 926 1630 l.
941 1563 992 1636 10,
1005 1563 1032 1628 6.

210 1666 252 1729 Α.
266 1687 298 1728 ιι.
314 1665 374 1726 536
382 1664 472 1744 (218)
484 1663 630 1730 interfuit
641 1685 766 1749 pugnae
780 1667 818 1726 ad
833 1663 993 1741 Ticinum,
1009 1687 1110 1730 annos
1122 1687 1195 1750 sep·

145 1767 313 1837 temdeoiut
330 1779 428 1836 uatus.
451 1766 564 1830 Livius
581 1767 602 1828 l.
622 1768 674 1844 21,
688 1768 740 1828 lo.
761 1769 784 1830 l.
803 1767 854 1841 38,
872 1767 924 1836 50.
955 1769 1072 1848 Polyb.
1092 1771 1142 1843 10,
1160 1770 1191 1832 3.

145 1871 265 1934 Florus
282 1872 313 1946 2,
331 1874 362 1932 6.

208 1975 252 2036 Α.
270 1997 299 2038 ιι.
319 1974 379 2041 538
392 1971 480 2056 (216)
503 1973 563 2036 iam
587 1974 730 2038 tribunus
753 1975 886 2038 militum
909 1976 947 2036 ad
969 1973 1107 2040 Cannas.
1134 1973 1193 2037 Li·

144 2076 214 2138 vius
227 2077 249 2137 l.
265 2078 315 2152 22,
333 2078 383 2142 53.

210 2181 250 2247 Α.
271 2203 300 2247 ιι.
321 2181 384 2245 562
401 2182 490 2258 (212)
513 2193 583 2244 ante
602 2180 777 2266 legitimum
800 2203 913 2248 aunum
939 2180 1049 2246 aedilis
1071 2179 1191 2244 eurulis

144 2295 282 2353 creatur.
311 2283 426 2346 Livius
440 2285 460 2353 l.
476 2285 527 2358 25,
544 2286 575 2347 2.

207 2387 248 2454 A.
258 2410 287 2450 ιι,
299 2387 360 2448 513
372 2386 505 2465 (211).ἰιι
518 2385 705 2466 Hispaniam
719 2408 788 2448 eunt
802 2385 942 2466 imperio
956 2385 1080 2447 missus.
1107 2386 1190 2446 Turn

143 2509 246 2549 annos
267 2501 357 2548 natus
382 2484 542 2567 vigintiet
557 2498 696 2568 quatuor
717 2497 801 2560 erat,
824 2497 955 2547 auctore
973 2485 1072 2546 Livio
1089 2485 1123 2559 (l.
1141 2485 1190 2557 26,

145 2587 225 2667 18.),
242 2586 380 2650 Valerio
394 2586 544 2650 Maximo
561 2599 591 2647 et
608 2585 730 2650 Orosio
748 2587 768 2655 l.
786 2589 815 2676 a,
833 2587 884 2648 18.
910 2587 973 2648 Sed
990 2584 1148 2665 Polybius
1168 2585 1190 2647 Ι.

145 2693 194 2764 10,
213 2691 243 2752 6.
262 2688 396 2764 scribit,
414 2687 616 2771 Scipionem,
634 2701 753 2770 septem
771 2701 801 2752 et
817 2688 931 2771 viginti
948 2711 1048 2754 annos
1064 2699 1189 2762 natum,

142 2793 405 2875 proconsulatum
426 2791 602 2874 Hispaniae
622 2791 808 2868 obtinuisse,
830 2795 912 2855 unde
936 2803 1041 2876 patet,
1067 2813 1136 2855 eum
1161 2811 1189 2858 a.

144 2897 204 2958 516
216 2896 303 2972 (238)
316 2917 383 2957 esse
400 2907 518 2956 uatum.

209 3001 251 3062 A.
265 3022 295 3065 ιι.
311 2999 372 3060 518
389 3000 477 3080 (206)
495 3021 535 3060 ex
550 2997 706 3080 Hispania
725 2997 828 3062 rediit.

206 3101 248 3165 A.
265 3124 297 3162 ιι.
317 3101 377 3186 519
395 3103 484 3178 (205)
501 3101 610 3164 consul
627 3102 672 3175 lit,
689 3099 819 3188 triginta
833 3121 933 3164 anuos
949 3112 1052 3170 natus.

205 3203 250 3266 A.
267 3227 301 3266 u.
314 3206 376 3265 550
388 3204 477 3290 (201)
502 3203 702 3285 provinciam
722 3203 864 3266 Siciliam
885 3203 1026 3279 obtinet,
1051 3202 1188 3286 indeque

143 3327 213 3368 eum
226 3308 325 3370 classe
341 3305 372 3371 in
389 3305 533 3391 Africam
548 3305 684 3380 traiecit,
701 3306 958 3397 etHanoibalem
975 3329 1004 3369 a.
1022 3305 1083 3369 552
1096 3307 1187 3386 (202)

17 3412 18 3416 ’
143 3411 182 3471 ad
195 3409 322 3470 Zamam
335 3409 422 3472 vicit.

208 3512 248 3580 A.
264 3533 292 3580 ιι,
310 3514 370 3575 553
384 3515 473 3592 (201)
486 3511 681 3596 triumphum
698 3511 787 3574 duxit
801 3516 847 3574 de
857 3511 987 3586 Poenis,
1007 3509 1187 3574 Hannibale

142 3626 173 3677 et
185 3635 262 3697 rege
275 3615 483 3678 Numidarum
502 3618 661 3698 Syphace,
675 3627 706 3677 et
723 3613 896 3676 Africanus
910 3597 1084 3697 appellatus
1100 3625 1156 3681 est.

207 3719 250 3779 A.
265 3740 294 3779 ιι.
312 3719 371 3782 555
388 3717 477 3802 (199)
489 3739 617 3800 censor.

206 3823 248 3884 A.
257 3843 289 3884 u.
299 3820 359 3882 660
368 3822 457 3903 (196)
469 3819 580 3884 consul
595 3819 729 3883 iterum:
745 3839 760 3880 a
775 3818 963 3881 censoribus
975 3816 1125 3898 princeps
1138 3837 1187 3878 se·

138 3935 231 3988 natus
246 3924 445 3997 nominatur,
462 3922 565 3984 tribus
582 3920 730 4002 deinceps
746 3920 864 3984 lustris.
896 3919 1012 3982 Livius
1026 3921 1049 3980 l.
1064 3919 1119 3992 31,
1136 3917 1186 3976 la.

138 4028 193 4090 41.
211 4027 234 4088 l.
248 4025 299 4099 38,
311 4025 364 4086 28.
382 4024 405 4086 l.
416 4023 467 4098 39,
480 4027 530 4093 52.

204 4129 249 4191 Α.
274 4151 304 4190 ιι.
327 4125 386 4188 561
408 4126 497 4203 (193)
514 4127 637 4208 legatus
652 4122 683 4186 in
699 4120 846 4186 Africam
863 4121 1009 4185 mittitur.
1032 4116 1147 4182 Livius
1163 4117 1186 4180 l.

135 4235 190 4306 et,
207 4231 260 4293 62.
