2984 4842
1132 395 1193 460 36⁹

204 554 292 620 lbid.
328 554 464 636 Appius
503 550 666 618 Claudius
702 554 897 615 adolescens
932 552 1075 626 nobilis,
1111 575 1189 616 cum

139 668 323 722 accusaret
365 657 565 720 Terentium
603 659 797 720 Varronem
836 656 1106 737 repetundarum
1142 679 1189 719 ex

143 761 251 835 Asia,
275 759 385 822 uictus
408 759 452 822 ab
474 759 663 823 Hortensio
685 771 753 831 est,
781 759 815 820 in
839 779 907 841 quo
930 757 1058 821 iudicio
1081 758 1190 822 disco·

141 864 273 928 loribus
295 861 385 924 ceris
407 861 511 943 signa
533 861 783 924 sententiarum
805 861 1026 924 notabantur.

210 982 389 1046 Scholiasta
432 980 664 1044 Gronovianus
703 1003 737 1063 p.
776 981 850 1043 398.
907 983 1072 1064 liguram
1093 980 1193 1073 feeit

144 1085 296 1164 (Cicero)
323 1085 358 1146 in
381 1084 607 1148 Hortensium
636 1083 677 1146 de
703 1085 874 1148 Varronis
897 1084 1040 1159 iudicio,
1074 1107 1192 1149 conso·

145 1188 344 1261 minicius,
368 1186 461 1270 quod
483 1185 707 1249 discoloribus
730 1186 819 1250 ceris
839 1187 1006 1250 iudicium
1027 1190 1193 1270 corrupit.

306 1384 334 1438 9.
375 1380 476 1438 Oratio
497 1397 549 1452 prc
569 1382 601 1441 G.
624 1383 714 1439 Verre
734 1387 834 1440 contra
855 1380 1033 1444 Ciceronem.

213 1513 294 1575 Acta
326 1524 373 1575 est
405 1535 497 1576 causa
528 1535 556 1576 a.
592 1514 653 1575 ost
688 1515 769 1592 (70).
822 1513 863 1578 C.
896 1518 1030 1589 Verres,
1055 1516 1193 1580 omnium

147 1627 333 1699 praetorum
346 1636 552 1678 rornanorum
568 1615 730 1697 pessimus,
748 1639 763 1677 a
778 1615 938 1680 Cicerone
951 1623 1195 1699 repetundarum

150 1718 343 1801 postulatur.
390 1718 492 1797 Quem
516 1741 586 1782 cum
618 1717 787 1800 optimates
810 1741 826 1782 a
850 1718 1037 1783 criminibus
1059 1720 1198 1786 liberare

149 1830 323 1902 cuperent,
349 1819 559 1896 Hortensius,
593 1819 648 1904 qui
679 1821 796 1906 ubique
825 1843 936 1885 eorum
967 1845 1092 1886 causam
1114 1826 1197 1888 tueri

149 1935 243 2006 atque
274 1921 437 1984 vindicare
466 1923 608 1996 solebat,
639 1923 856 1987 defensionem
890 1925 936 1987 rei
965 1926 1114 2006 suscipit,
1143 1931 1197 1990 sed

149 2027 281 2088 frustra.
328 2025 397 2087 Etsi
428 2025 509 2087 enim
540 2026 655 2088 multae
684 2025 715 2087 in
745 2026 909 2108 republica
934 2048 1062 2090 romana
1086 2049 1199 2092 causae

150 2127 272 2210 pariter
289 2140 383 2212 atque
406 2127 436 2188 in
462 2127 582 2190 nostris
606 2127 791 2190 civitatibus
815 2150 879 2192 uon
902 2129 971 2191 iure
995 2141 1025 2192 et
1041 2130 1200 2213 aequitate

151 2232 207 2294 sed
223 2229 329 2293 studio
352 2229 490 2311 partium
516 2229 778 2307 diiudicareutur,
804 2243 899 2314 atque
923 2231 1109 2312 optimates,
1126 2234 1198 2294 dum

151 2331 267 2395 iudicia
298 2335 337 2393 ab
368 2331 446 2414 ipsis
476 2334 680 2406 tenebantur,
712 2354 785 2395 raro
816 2335 1118 2406 condemnarentur,
1142 2353 1202 2396 nee

155 2434 248 2498 aliter
266 2434 410 2497 homines
433 2436 625 2516 populares,
652 2455 720 2496 curn
744 2455 841 2516 penes
861 2445 1039 2517 equestrem
1058 2434 1201 2498 ordinem

154 2547 244 2600 erant
273 2535 405 2609 iudicia,
437 2559 557 2617 poenas
595 2537 690 2599 lacile
720 2539 917 2618 effugerent,
948 2536 979 2597 in
1011 2538 1071 2598 hac
1099 2548 1201 2599 tamen

155 2661 248 2702 causa
270 2639 388 2702 iustitia
414 2638 508 2701 vicit:
535 2641 658 2702 Verres
682 2638 980 2702 condemnationem
1003 2637 1106 2702 exilio
1122 2641 1202 2702 effu·

155 2742 216 2826 git.
262 2741 382 2806 Cicero
408 2740 574 2804 maximam
604 2753 764 2804 assecutus
789 2739 923 2824 gratiam
947 2753 1041 2826 atque
1063 2740 1204 2804 anctori-

156 2855 267 2917 tatem,
292 2843 461 2908 Hortensii
486 2864 565 2907 vero
588 2843 730 2925 potentia
753 2843 825 2906 inde
849 2841 1010 2905 imminuta
1033 2855 1065 2905 et
1087 2842 1202 2905 fracta.

221 2964 362 3029 Dubium
396 2975 460 3039 est,
493 2985 531 3026 an
564 2965 756 3028 Hortensius
793 2963 969 3027 orationem
1003 2985 1064 3044 pro
1098 2967 1205 3030 Verre

158 3066 339 3152 reliquerit.
386 3065 507 3130 Cicero
539 3067 621 3129 enim
651 3066 720 3149 ipse
750 3068 782 3128 id
811 3071 929 3148 negare
961 3065 1102 3142 videtur,
1136 3087 1205 3128 cum

158 3171 191 3232 in
216 3170 358 3235 Oratore
382 3192 412 3232 c.
437 3170 496 3243 36,
531 3170 604 3234 129.
629 3168 721 3232 dicit:
752 3170 889 3251 Magno
910 3189 1046 3250 semper
1067 3170 1123 3232 usi
1144 3169 1206 3231 im·

156 3286 240 3355 peta
273 3295 375 3354 saepe
412 3273 633 3336 aduersarios
676 3272 716 3333 de
750 3283 844 3333 statu
881 3271 975 3334 omni
1009 3271 1207 3333 deiecimus.

158 3376 271 3441 Nobis
298 3397 367 3458 pro
389 3373 577 3465 familiari
614 3397 674 3438 reo
706 3395 860 3437 summas
889 3387 1011 3437 orator
1046 3395 1115 3436 non
1155 3396 1209 3435 re·

159 3477 298 3560 spondit
313 3478 536 3540 Hortensius.
576 3479 683 3561 Atque
708 3475 760 3540 illa
777 3476 901 3550 oratio,
924 3499 1005 3560 quae
1022 3473 1211 3559 Quintiliani

159 3590 304 3659 tempore
320 3578 626 3653 circumferebatur,
651 3580 724 3642 licta
748 3602 816 3642 esse
836 3578 976 3652 videtur,
1002 3590 1035 3640 ut
1056 3575 1210 3659 Zurnptio

161 3680 267 3760 placet
296 3684 335 3741 ad
367 3679 440 3744 Cic.
473 3679 630 3744 Verrinas
664 3703 697 3762 p.
731 3683 762 3743 2.
810 3683 878 3744 Nec
914 3679 982 3742 veri
1011 3678 1114 3745 simile
1144 3691 1210 3754 est,

162 3801 232 3842 eum
256 3785 294 3842 de
317 3804 352 3843 ea
383 3806 418 3845 re
448 3782 627 3846 orationem
659 3781 827 3863 scripsisse
863 3794 893 3844 et
927 3780 1114 3865 reliquisse,
1139 3802 1209 3843 cum

163 3903 257 3944 causa
288 3883 420 3949 inanime
452 3897 534 3947 esset
565 3884 704 3948 infamis.
759 3885 821 3945 Sed
850 3887 1015 3945 rhetorum
1039 3895 1108 3946 erat
1131 3884 1214 3942 hane

162 3996 339 4049 retractare
356 4010 491 4060 causam,
515 3986 546 4047 iu
569 4007 633 4069 qua
649 3998 795 4048 oratores
812 3982 1013 4048 celeberrimi
1028 3983 1210 4046 extiterant.

162 4087 367 4152 Drumannus
397 4103 499 4152 autem
532 4099 555 4147 t.
587 4087 619 4148 5.
651 4109 685 4168 p.
717 4087 789 4148 323.
823 4084 1001 4159 existimat,
1038 4082 1215 4146 orationem

163 4179 344 4254 Hortensii
368 4191 593 4276 pr0„Verre,
628 4185 716 4248 euius
749 4192 830 4270 apud
866 4182 1097 4267 Quintilianum
1131 4183 1215 4245 facta

163 4291 204 4353 sit
225 4291 359 4368 mentio,
378 4277 525 4354 edilium
545 4287 746 4350 referendam
770 4311 838 4352 esse
861 4305 999 4349 causam.
1039 4287 1086 4350 Ea
1104 4283 1216 4369 opinio

214 4398 289 4437 nisisri
299 4397 354 4436 (tras.
363 4398 422 4438 Rern.
430 4398 513 4448 Frsgm.
528 4396 559 4434 ed.
569 4391 589 4434 2.
976 4389 1016 4450 24
