2984 4842
1178 359 1239 422 ttt

186 513 390 597 Quintiliano
422 522 621 589 avertentes,
647 513 788 596 probare
811 515 1025 591 conabantur,
1050 510 1238 594 Quintiliani

183 619 287 684 libros
307 639 376 680 esse
403 601 617 696 interpolatos
643 627 737 701 atque
766 618 889 678 duobus
914 615 1082 696 prioribus
1111 615 1194 680 locis
1219 639 1236 680 a

184 719 320 784 librario
347 721 485 802 quodam
511 718 562 779 illa
587 721 686 781 verba
711 739 752 780 ex
776 717 1020 792 declamatione,
1042 739 1123 800 quae
1148 717 1235 782 fere·

184 827 296 897 batur,
323 819 452 882 Salustii
481 819 587 901 inepte
619 819 737 882 inserta
765 841 846 882 esse.
903 821 952 882 lta
984 819 1058 882 olim
1089 818 1236 896 Curtius,

185 938 216 989 et
252 922 421 1004 Zumptius
449 942 551 1002 nuper
583 922 737 986 iudicavit
766 923 797 983 in
827 922 1032 985 annotatione
1057 925 1096 984 ad
1122 922 1235 1004 Quint.

186 1031 225 1104 4,
252 1031 290 1105 1,
315 1028 369 1088 68.
397 1027 440 1086 Τ.
467 1025 499 1086 5.
527 1047 561 1104 p.
595 1027 686 1099 tta,
715 1024 825 1108 quiin
849 1045 888 1088 eo
917 1023 1116 1105 potissimum
1140 1047 1237 1107 argu·

186 1141 294 1193 mento
311 1127 433 1201 nititur,
455 1129 542 1208 quod
563 1125 595 1187 in
621 1125 707 1190 libro
731 1127 763 1203 9,
789 1127 819 1201 3,
837 1126 877 1189 89
898 1129 998 1189 verba
1014 1125 1237 1190 declamatoris

186 1233 218 1296 in
240 1231 365 1316 aliquot
386 1226 554 1293 codicibus
580 1227 696 1291 desint.
763 1281 768 1292 .

493 1423 596 1482 xctv.
636 1423 677 1483 M.
698 1422 795 1481 lunius
815 1424 927 1481 Brutus.

251 1539 353 1600 Natus
377 1547 423 1598 est
448 1557 477 1598 a.
502 1536 563 1600 669
595 1535 676 1615 (85).
712 1534 811 1600 Cous.
841 1535 913 1599 Cic.
942 1537 1036 1598 Brut.
1060 1536 1100 1599 94
1129 1547 1160 1598 et
1182 1537 1237 1601 64.

186 1641 228 1703 ln
252 1639 338 1701 bello
363 1637 452 1701 civili
479 1637 631 1719 Pompeii
662 1649 788 1700 secutus
815 1651 862 1701 est
890 1650 997 1720 partes
1020 1660 1050 1700 a.
1073 1639 1132 1700 705
1154 1640 1239 1719 (49),

187 1744 243 1805 sed
286 1741 373 1804 bello
417 1741 569 1804 coniecto
607 1739 739 1804 Caesari
782 1762 815 1802 se
852 1739 995 1802 tradidit.
1033 1741 1172 1805 Praetor
1206 1739 1239 1804 io

188 1843 294 1907 Gallia
320 1842 472 1924 cisalpina
508 1864 538 1904 a.
575 1844 635 1905 708
666 1842 747 1927 (46).
781 1845 920 1906 Praetor
949 1845 1087 1904 urbanus
1120 1866 1150 1907 a.
1179 1847 1240 1906 tto

188 1947 268 2025 (44).
292 1948 373 2009 Post
405 1967 513 2008 necem
540 1943 690 2008 Caesaris
716 1945 748 2007 in
784 1943 987 2027 provinciam
1013 1945 1241 2009 Macedoniam

188 2047 323 2110 decessit
339 2059 442 2132 atque
465 2046 603 2108 subsidia
629 2047 703 2109 belli
732 2047 869 2127 paravit.
909 2045 1038 2110 Cecidit
1068 2046 1100 2108 in
1131 2070 1237 2131 pogna

192 2131 354 2231 Philippis
385 2171 414 2212 a.
443 2150 504 2210 712
523 2146 608 2232 (42)ι
637 2168 735 2211 anuos
759 2149 873 2212 XLlll
896 2161 999 2212 natus.
1025 2150 1064 2210 In
1087 2148 1240 2230 Epitome

188 2263 289 2314 autem
321 2250 410 2313 Livii
436 2252 459 2313 l.
494 2253 555 2312 124
588 2249 744 2332 legimus:
783 2252 839 2313 M.
870 2252 1001 2312 Brutus
1030 2250 1104 2331 ipse
1131 2251 1238 2314 uitam

185 2353 316 2430 finiuit,
342 2374 514 2416 annorum
534 2354 672 2414 circiter
694 2351 941 2434 quadraginta.
974 2351 1083 2435 Atque
1099 2351 1239 2417 Velleius

190 2456 226 2529 9,
252 2457 289 2516 tt
316 2454 446 2530 scribit,
474 2457 606 2516 Brutum
631 2452 773 2515 finivisse
799 2451 964 2534 septimum
989 2464 1019 2514 et
1042 2453 1237 2517 tricesimum

191 2578 304 2619 annum
326 2570 481 2638 agentem.
508 2558 588 2620 Vid.
615 2558 780 2621 Drutnann
804 2567 826 2620 t.
850 2557 880 2616 4.
904 2576 938 2635 p.
962 2555 1099 2617 18-44.

254 2657 374 2723 Cicero
387 2658 419 2721 in
438 2660 542 2722 Bruto
567 2682 597 2722 c.
622 2660 654 2722 6.
699 2659 803 2733 Mihi,
832 2661 957 2732 Brute,
986 2657 1021 2718 in
1044 2670 1077 2719 te
1092 2659 1239 2722 intuenti

188 2763 308 2823 erebro
326 2762 363 2822 in
381 2774 527 2823 mentem
550 2763 640 2824 uenit
664 2762 785 2834 vereri,
803 2760 1015 2844 ecquodnam
1030 2761 1244 2824 curriculum

189 2864 376 2947 aliquando
398 2863 444 2924 sit
468 2864 632 2926 habitura
657 2877 720 2926 tua
752 2876 785 2926 et
808 2875 935 2925 natura
965 2863 1180 2926 admirabilis
1208 2878 1241 2928 et

189 2965 547 3049 exquisitadoctrina
572 2977 605 3027 et
624 2966 813 3048 singularis
834 2965 1020 3027 industria.
1046 2969 1132 3029 Cum
1148 2968 1239 3028 enim

190 3069 227 3129 in
253 3067 420 3129 maximis
444 3067 559 3128 causis
585 3081 740 3130 versatus
764 3090 873 3142 esses,
902 3079 1034 3129 etcum
1059 3069 1121 3129 tibi
1147 3081 1243 3132 oetas

192 3181 314 3232 nostra
333 3170 466 3230 cederet
478 3168 673 3258 fascesque
693 3171 934 3245 summitteret,
964 3169 1078 3233 subito
1103 3171 1138 3232 in
1160 3172 1241 3234 ciui·

191 3283 261 3334 tate
277 3283 350 3334 tum
365 3272 437 3333 alia
452 3272 659 3354 ceciderunt,
687 3285 761 3336 tum
784 3273 889 3336 etiam
915 3295 956 3335 ea
982 3275 1059 3356 ipsa
1079 3276 1240 3357 eloquen-

188 3375 241 3436 tia
257 3374 442 3436 obmutuit.

251 3474 380 3537 thiae.
400 3475 450 3543 97.
484 3479 601 3539 Tuum
621 3477 728 3552 enim,
756 3480 874 3553 Brute,
888 3476 1036 3567 forum,
1052 3491 1151 3540 tuum
1165 3492 1242 3542 erat

190 3575 276 3636 illud
305 3576 534 3652 curriculum,
574 3590 612 3638 tu
650 3579 729 3639 illuc
766 3601 908 3643 veneras
945 3601 1053 3655 unus,
1088 3581 1241 3663 quinon

190 3675 347 3754 linguam
370 3677 473 3736 modo
495 3679 646 3740 acuisses
675 3681 922 3746 exercitatione
946 3683 1100 3758 dicendi,
1126 3686 1187 3745 sed
1209 3697 1242 3747 et

191 3773 305 3854 ipsam
326 3776 554 3855 eloquentiam
583 3782 859 3861 locupletavisses
881 3785 1087 3866 graviorum
1108 3786 1239 3848 ortium

192 3876 440 3949 instrumento,
471 3887 504 3936 et
532 3879 653 3942 iisdem
685 3883 818 3944 artibus
849 3887 952 3948 decus
981 3909 1081 3950 omne
1103 3887 1241 3951 virtutis

193 3997 271 4038 cum
285 3996 421 4036 summa
442 3977 652 4057 eloquentiae
674 3985 775 4045 laude
797 3986 986 4050 iunxissee.
1033 3994 1089 4052 Tu
1110 4002 1237 4062 tamen,

192 4078 257 4140 etsi
279 4098 420 4140 cursum
442 4076 573 4158 ingenii
601 4083 672 4157 tui,
705 4089 829 4162 Brute,
850 4088 979 4167 premit
1000 4093 1082 4153 haec
1109 4093 1238 4174 impor-

193 4192 279 4242 tuna
305 4179 418 4241 clades
448 4177 614 4256 civitatis,
650 4189 783 4250 contine
816 4201 849 4252 te
879 4187 915 4248 in
944 4190 1016 4250 tuis
1033 4195 1242 4272 perennibus

195 4282 334 4357 studiis,
351 4294 384 4345 et
405 4277 514 4369 ffseae
537 4282 583 4359 id,
608 4288 701 4365 quod
721 4289 791 4352 iam
810 4290 1061 4372 propemodum
1077 4298 1127 4357 uel
1137 4299 1240 4375 plane
