<?xml version="1.0" encoding="UTF-8"?>
<!DOCTYPE html PUBLIC "-//W3C//DTD XHTML 1.0 Transitional//EN"
    "http://www.w3.org/TR/xhtml1/DTD/xhtml1-transitional.dtd">
<html xmlns="http://www.w3.org/1999/xhtml" xml:lang="en" lang="en">
 <head>
  <title>
</title>
<meta http-equiv="Content-Type" content="text/html;charset=utf-8" />
  <meta name='ocr-system' content='tesseract 3.04.00' />
  <meta name='ocr-capabilities' content='ocr_page ocr_carea ocr_par ocr_line ocrx_word'/>
</head>
<body>
  <div class='ocr_page' id='page_1' title='image "./oratorumromanor02meyegoog_0339.png"; bbox 0 0 2992 4844; ppageno 0'>
   <div class='ocr_carea' id='block_1_1' title="bbox 1187 375 1247 438">
    <p class='ocr_par' dir='ltr' id='par_1_1' title="bbox 1187 375 1247 438">
     <span class='ocr_line' id='line_1_1' title="bbox 1187 375 1247 438; baseline 0.017 -1"><span class='ocrx_word' id='word_1_1' title='bbox 1187 375 1247 438; x_wconf 80' lang='grc'><strong>319</strong></span> 
     </span>
    </p>
   </div>
   <div class='ocr_carea' id='block_1_2' title="bbox 195 525 1334 3286">
    <p class='ocr_par' dir='ltr' id='par_1_2' title="bbox 198 525 1248 1434">
     <span class='ocr_line' id='line_1_2' title="bbox 201 525 1246 614; baseline 0.002 -20"><span class='ocrx_word' id='word_1_2' title='bbox 201 527 351 612; x_wconf 81' lang='lat' dir='ltr'><strong><em>negligi,</em></strong></span> <span class='ocrx_word' id='word_1_3' title='bbox 379 538 412 590; x_wconf 92' lang='lat' dir='ltr'><strong><em>et</em></strong></span> <span class='ocrx_word' id='word_1_4' title='bbox 438 525 599 610; x_wconf 87' lang='lat' dir='ltr'><strong><em>opinione</em></strong></span> <span class='ocrx_word' id='word_1_5' title='bbox 623 529 746 612; x_wconf 90' lang='lat' dir='ltr'><strong><em>quaeri</em></strong></span> <span class='ocrx_word' id='word_1_6' title='bbox 769 531 960 593; x_wconf 87' lang='lat' dir='ltr'><strong><em>uoluntates</em></strong></span> <span class='ocrx_word' id='word_1_7' title='bbox 985 541 1018 594; x_wconf 90' lang='lat' dir='ltr'><strong><em>et</em></strong></span> <span class='ocrx_word' id='word_1_8' title='bbox 1040 530 1246 614; x_wconf 85' lang='lat' dir='ltr'><strong><em>interpreta-</em></strong></span> 
     </span>
     <span class='ocr_line' id='line_1_3' title="bbox 201 631 1247 716; baseline 0.004 -21"><span class='ocrx_word' id='word_1_9' title='bbox 201 633 294 698; x_wconf 83' lang='lat' dir='ltr'><strong><em>tione</em></strong></span> <span class='ocrx_word' id='word_1_10' title='bbox 312 631 525 694; x_wconf 74' lang='lat' dir='ltr'><strong><em>disertorum</em></strong></span> <span class='ocrx_word' id='word_1_11' title='bbox 539 631 672 715; x_wconf 88' lang='lat' dir='ltr'><strong><em>scripta</em></strong></span> <span class='ocrx_word' id='word_1_12' title='bbox 690 631 897 715; x_wconf 85' lang='lat' dir='ltr'><strong><em>simplicium</em></strong></span> <span class='ocrx_word' id='word_1_13' title='bbox 915 632 1093 696; x_wconf 84' lang='lat' dir='ltr'><strong><em>hominum</em></strong></span> <span class='ocrx_word' id='word_1_14' title='bbox 1108 655 1247 716; x_wconf 76' lang='lat' dir='ltr'><strong><em>pernes·-</em></strong></span> 
     </span>
     <span class='ocr_line' id='line_1_4' title="bbox 201 734 1247 823; baseline 0.005 -26"><span class='ocrx_word' id='word_1_15' title='bbox 201 735 302 799; x_wconf 71' lang='lat' dir='ltr'><strong><em>tere?</em></strong></span> <span class='ocrx_word' id='word_1_16' title='bbox 323 755 427 818; x_wconf 89' lang='lat' dir='ltr'><strong><em>quam</em></strong></span> <span class='ocrx_word' id='word_1_17' title='bbox 450 734 507 796; x_wconf 93' lang='lat' dir='ltr'><strong><em>ille</em></strong></span> <span class='ocrx_word' id='word_1_18' title='bbox 531 737 641 797; x_wconf 89' lang='lat' dir='ltr'><strong><em>multa</em></strong></span> <span class='ocrx_word' id='word_1_19' title='bbox 665 735 706 797; x_wconf 83' lang='lat' dir='ltr'><strong><em>cle</em></strong></span> <span class='ocrx_word' id='word_1_20' title='bbox 731 735 940 800; x_wconf 82' lang='lat' dir='ltr'><strong><em>auctoritate</em></strong></span> <span class='ocrx_word' id='word_1_21' title='bbox 959 737 1073 817; x_wconf 85' lang='lat' dir='ltr'><strong><em>patris</em></strong></span> <span class='ocrx_word' id='word_1_22' title='bbox 1098 739 1167 811; x_wconf 86' lang='lat' dir='ltr'><strong><em>sui,</em></strong></span> <span class='ocrx_word' id='word_1_23' title='bbox 1188 741 1247 823; x_wconf 90' lang='lat' dir='ltr'><strong><em>qni</em></strong></span> 
     </span>
     <span class='ocr_line' id='line_1_5' title="bbox 202 836 1247 928; baseline 0.003 -27"><span class='ocrx_word' id='word_1_24' title='bbox 202 859 335 921; x_wconf 86' lang='lat' dir='ltr'><strong><em>semper</em></strong></span> <span class='ocrx_word' id='word_1_25' title='bbox 367 836 423 900; x_wconf 90' lang='lat' dir='ltr'><strong><em>ius</em></strong></span> <span class='ocrx_word' id='word_1_26' title='bbox 456 837 547 900; x_wconf 88' lang='lat' dir='ltr'><strong><em>illud</em></strong></span> <span class='ocrx_word' id='word_1_27' title='bbox 556 871 558 875; x_wconf 94' lang='lat'>·</span> <span class='ocrx_word' id='word_1_28' title='bbox 574 836 806 928; x_wconf 71' lang='lat' dir='ltr'><strong><em>defenderat?</em></strong></span> <span class='ocrx_word' id='word_1_29' title='bbox 835 859 938 922; x_wconf 90' lang='lat' dir='ltr'><strong><em>quam</em></strong></span> <span class='ocrx_word' id='word_1_30' title='bbox 965 839 1106 902; x_wconf 91' lang='lat' dir='ltr'><strong><em>omnino</em></strong></span> <span class='ocrx_word' id='word_1_31' title='bbox 1139 844 1247 904; x_wconf 84' lang='lat' dir='ltr'><strong><em>multa</em></strong></span> 
     </span>
     <span class='ocr_line' id='line_1_6' title="bbox 202 939 1247 1025; baseline 0.006 -23"><span class='ocrx_word' id='word_1_32' title='bbox 202 942 242 1003; x_wconf 93' lang='lat' dir='ltr'><strong><em>de</em></strong></span> <span class='ocrx_word' id='word_1_33' title='bbox 274 940 505 1004; x_wconf 85' lang='lat' dir='ltr'><strong><em>conseruando</em></strong></span> <span class='ocrx_word' id='word_1_34' title='bbox 529 939 605 1002; x_wconf 87' lang='lat' dir='ltr'><strong><em>iure</em></strong></span> <span class='ocrx_word' id='word_1_35' title='bbox 625 940 740 1003; x_wconf 72' lang='lat' dir='ltr'><strong><em>civili?</em></strong></span> <span class='ocrx_word' id='word_1_36' title='bbox 762 962 848 1024; x_wconf 88' lang='lat' dir='ltr'><strong><em>quae</em></strong></span> <span class='ocrx_word' id='word_1_37' title='bbox 878 941 1015 1025; x_wconf 90' lang='lat' dir='ltr'><strong><em>quidem</em></strong></span> <span class='ocrx_word' id='word_1_38' title='bbox 1033 943 1149 1006; x_wconf 89' lang='lat' dir='ltr'><strong><em>omnia</em></strong></span> <span class='ocrx_word' id='word_1_39' title='bbox 1169 967 1247 1008; x_wconf 91' lang='lat' dir='ltr'><strong><em>cum</em></strong></span> 
     </span>
     <span class='ocr_line' id='line_1_7' title="bbox 201 1042 1248 1136; baseline 0.007 -31"><span class='ocrx_word' id='word_1_40' title='bbox 201 1043 309 1123; x_wconf 90' lang='lat' dir='ltr'><strong><em>perite</em></strong></span> <span class='ocrx_word' id='word_1_41' title='bbox 331 1054 363 1106; x_wconf 86' lang='lat' dir='ltr'><strong><em>et</em></strong></span> <span class='ocrx_word' id='word_1_42' title='bbox 384 1042 530 1106; x_wconf 90' lang='lat' dir='ltr'><strong><em>scienter</em></strong></span> <span class='ocrx_word' id='word_1_43' title='bbox 555 1056 628 1106; x_wconf 91' lang='lat' dir='ltr'><strong><em>tum</em></strong></span> <span class='ocrx_word' id='word_1_44' title='bbox 668 1043 719 1106; x_wconf 88' lang='lat' dir='ltr'><strong><em>ita</em></strong></span> <span class='ocrx_word' id='word_1_45' title='bbox 745 1044 892 1136; x_wconf 75' lang='lat' dir='ltr'><strong><em>breuiter</em></strong></span> <span class='ocrx_word' id='word_1_46' title='bbox 910 1057 950 1107; x_wconf 75' lang='lat' dir='ltr'><strong><em>‘et</em></strong></span> <span class='ocrx_word' id='word_1_47' title='bbox 965 1065 1089 1127; x_wconf 86' lang='lat' dir='ltr'><strong><em>¹presse</em></strong></span> <span class='ocrx_word' id='word_1_48' title='bbox 1108 1059 1141 1110; x_wconf 89' lang='lat' dir='ltr'><strong><em>et</em></strong></span> <span class='ocrx_word' id='word_1_49' title='bbox 1164 1048 1248 1112; x_wconf 88' lang='lat' dir='ltr'><strong><em>satis</em></strong></span> 
     </span>
     <span class='ocr_line' id='line_1_8' title="bbox 201 1145 1244 1232; baseline 0.003 -22"><span class='ocrx_word' id='word_1_50' title='bbox 201 1157 323 1210; x_wconf 86' lang='lat' dir='ltr'><strong><em>ornate</em></strong></span> <span class='ocrx_word' id='word_1_51' title='bbox 349 1157 382 1209; x_wconf 94' lang='lat' dir='ltr'><strong><em>et</em></strong></span> <span class='ocrx_word' id='word_1_52' title='bbox 401 1147 642 1230; x_wconf 80' lang='lat' dir='ltr'><strong><em>pereleganter</em></strong></span> <span class='ocrx_word' id='word_1_53' title='bbox 670 1145 815 1222; x_wconf 81' lang='lat' dir='ltr'><strong><em>diceret,</em></strong></span> <span class='ocrx_word' id='word_1_54' title='bbox 840 1147 916 1232; x_wconf 85' lang='lat' dir='ltr'><strong><em>quis</em></strong></span> <span class='ocrx_word' id='word_1_55' title='bbox 939 1160 1027 1213; x_wconf 86' lang='lat' dir='ltr'><strong><em>esset</em></strong></span> <span class='ocrx_word' id='word_1_56' title='bbox 1047 1149 1083 1211; x_wconf 91' lang='lat' dir='ltr'><strong><em>in</em></strong></span> <span class='ocrx_word' id='word_1_57' title='bbox 1102 1152 1244 1232; x_wconf 90' lang='lat' dir='ltr'><strong><em>populo,</em></strong></span> 
     </span>
     <span class='ocr_line' id='line_1_9' title="bbox 201 1249 1248 1336; baseline 0.005 -25"><span class='ocrx_word' id='word_1_58' title='bbox 201 1250 261 1332; x_wconf 85' lang='lat' dir='ltr'><strong><em>qui</em></strong></span> <span class='ocrx_word' id='word_1_59' title='bbox 283 1261 345 1312; x_wconf 90' lang='lat' dir='ltr'><strong><em>aut</em></strong></span> <span class='ocrx_word' id='word_1_60' title='bbox 374 1260 574 1332; x_wconf 84' lang='lat' dir='ltr'><strong><em>expectaret</em></strong></span> <span class='ocrx_word' id='word_1_61' title='bbox 599 1261 662 1314; x_wconf 90' lang='lat' dir='ltr'><strong><em>aut</em></strong></span> <span class='ocrx_word' id='word_1_62' title='bbox 687 1249 773 1326; x_wconf 77' lang='lat' dir='ltr'><strong><em>fieri</em></strong></span> <span class='ocrx_word' id='word_1_63' title='bbox 792 1271 896 1333; x_wconf 92' lang='lat' dir='ltr'><strong><em>posse</em></strong></span> <span class='ocrx_word' id='word_1_64' title='bbox 917 1251 1103 1336; x_wconf 81' lang='lat' dir='ltr'><strong><em>quidquam</em></strong></span> <span class='ocrx_word' id='word_1_65' title='bbox 1126 1252 1248 1316; x_wconf 81' lang='lat' dir='ltr'><strong><em>melius</em></strong></span> 
     </span>
     <span class='ocr_line' id='line_1_10' title="bbox 198 1353 368 1434; baseline -0.018 -18"><span class='ocrx_word' id='word_1_66' title='bbox 198 1353 368 1434; x_wconf 63' lang='lat' dir='ltr'><strong><em>putaret?</em></strong></span> 
     </span>
    </p>

    <p class='ocr_par' dir='ltr' id='par_1_3' title="bbox 195 1453 1334 3286">
     <span class='ocr_line' id='line_1_11' title="bbox 266 1453 1247 1537; baseline 0.002 -18"><span class='ocrx_word' id='word_1_67' title='bbox 266 1453 339 1519; x_wconf 90' lang='lat' dir='ltr'><strong><em>Cic.</em></strong></span> <span class='ocrx_word' id='word_1_68' title='bbox 358 1457 396 1516; x_wconf 86' lang='lat' dir='ltr'><strong><em>de</em></strong></span> <span class='ocrx_word' id='word_1_69' title='bbox 413 1454 507 1518; x_wconf 75' lang='lat' dir='ltr'><strong><em>Orat.</em></strong></span> <span class='ocrx_word' id='word_1_70' title='bbox 531 1457 561 1530; x_wconf 83' lang='lat'><strong><em>1,</em></strong></span> <span class='ocrx_word' id='word_1_71' title='bbox 586 1455 638 1518; x_wconf 81' lang='grc'><strong><em>39.</em></strong></span> <span class='ocrx_word' id='word_1_72' title='bbox 685 1455 777 1537; x_wconf 87' lang='lat' dir='ltr'><strong><em>Quid</em></strong></span> <span class='ocrx_word' id='word_1_73' title='bbox 802 1457 908 1520; x_wconf 69' lang='lat' dir='ltr'><strong><em>uero?</em></strong></span> <span class='ocrx_word' id='word_1_74' title='bbox 923 1457 1119 1519; x_wconf 88' lang='lat' dir='ltr'><strong><em>clarissima</em></strong></span> <span class='ocrx_word' id='word_1_75' title='bbox 1130 1459 1247 1521; x_wconf 90' lang='lat' dir='ltr'><strong><em>Munii</em></strong></span> 
     </span>
     <span class='ocr_line' id='line_1_12' title="bbox 201 1557 1247 1642; baseline 0.003 -20"><span class='ocrx_word' id='word_1_76' title='bbox 201 1557 299 1622; x_wconf 86' lang='lat' dir='ltr'><strong><em>Curii</em></strong></span> <span class='ocrx_word' id='word_1_77' title='bbox 319 1579 425 1620; x_wconf 89' lang='lat' dir='ltr'><strong><em>causa</em></strong></span> <span class='ocrx_word' id='word_1_78' title='bbox 450 1558 633 1642; x_wconf 82' lang='lat' dir='ltr'><strong><em>Marcique</em></strong></span> <span class='ocrx_word' id='word_1_79' title='bbox 672 1557 817 1641; x_wconf 80' lang='lat' dir='ltr'><em>Coponii</em></span> <span class='ocrx_word' id='word_1_80' title='bbox 838 1580 948 1642; x_wconf 81' lang='lat' dir='ltr'><strong><em>nuper</em></strong></span> <span class='ocrx_word' id='word_1_81' title='bbox 975 1559 1069 1642; x_wconf 89' lang='lat' dir='ltr'><strong><em>apud</em></strong></span> <span class='ocrx_word' id='word_1_82' title='bbox 1095 1571 1247 1624; x_wconf 88' lang='lat' dir='ltr'><strong><em>centum-</em></strong></span> 
     </span>
     <span class='ocr_line' id='line_1_13' title="bbox 204 1661 1246 1746; baseline 0.004 -24"><span class='ocrx_word' id='word_1_83' title='bbox 204 1661 296 1724; x_wconf 88' lang='lat' dir='ltr'><strong><em>viros</em></strong></span> <span class='ocrx_word' id='word_1_84' title='bbox 318 1673 386 1744; x_wconf 83' lang='lat' dir='ltr'><strong><em>quo</em></strong></span> <span class='ocrx_word' id='word_1_85' title='bbox 410 1681 580 1724; x_wconf 75' lang='lat' dir='ltr'><strong><em>concursu</em></strong></span> <span class='ocrx_word' id='word_1_86' title='bbox 600 1661 795 1737; x_wconf 81' lang='lat' dir='ltr'><strong><em>hominum,</em></strong></span> <span class='ocrx_word' id='word_1_87' title='bbox 825 1683 893 1746; x_wconf 89' lang='lat' dir='ltr'><strong><em>qua</em></strong></span> <span class='ocrx_word' id='word_1_88' title='bbox 910 1661 1167 1744; x_wconf 69' lang='lat' dir='ltr'><strong><em>exspectatione</em></strong></span> <span class='ocrx_word' id='word_1_89' title='bbox 1189 1663 1246 1726; x_wconf 93' lang='lat' dir='ltr'><strong><em>de-</em></strong></span> 
     </span>
     <span class='ocr_line' id='line_1_14' title="bbox 195 1761 1248 1852; baseline 0.003 -26"><span class='ocrx_word' id='word_1_90' title='bbox 195 1761 312 1852; x_wconf 81' lang='lat' dir='ltr'><strong><em>fensa</em></strong></span> <span class='ocrx_word' id='word_1_91' title='bbox 346 1765 425 1827; x_wconf 70' lang='lat' dir='ltr'><strong><em>est?</em></strong></span> <span class='ocrx_word' id='word_1_92' title='bbox 460 1786 538 1826; x_wconf 89' lang='lat' dir='ltr'><strong><em>cum</em></strong></span> <span class='ocrx_word' id='word_1_93' title='bbox 577 1769 619 1848; x_wconf 87' lang='lat' dir='ltr'><strong><em>Q.</em></strong></span> <span class='ocrx_word' id='word_1_94' title='bbox 659 1768 823 1829; x_wconf 84' lang='lat' dir='ltr'><strong><em>Scaevola</em></strong></span> <span class='ocrx_word' id='word_1_95' title='bbox 863 1763 1017 1849; x_wconf 85' lang='lat' dir='ltr'><strong><em>aequalis</em></strong></span> <span class='ocrx_word' id='word_1_96' title='bbox 1050 1777 1083 1828; x_wconf 90' lang='lat' dir='ltr'><strong><em>et</em></strong></span> <span class='ocrx_word' id='word_1_97' title='bbox 1115 1769 1248 1848; x_wconf 81' lang='lat' dir='ltr'><strong><em>collega</em></strong></span> 
     </span>
     <span class='ocr_line' id='line_1_15' title="bbox 202 1867 1246 1951; baseline 0.004 -23"><span class='ocrx_word' id='word_1_98' title='bbox 202 1888 315 1942; x_wconf 87' lang='lat' dir='ltr'><strong><em>meus,</em></strong></span> <span class='ocrx_word' id='word_1_99' title='bbox 333 1869 435 1930; x_wconf 82' lang='lat' dir='ltr'><strong><em>liomo</em></strong></span> <span class='ocrx_word' id='word_1_100' title='bbox 450 1867 604 1930; x_wconf 91' lang='lat' dir='ltr'><strong><em>omnium</em></strong></span> <span class='ocrx_word' id='word_1_101' title='bbox 624 1878 657 1930; x_wconf 89' lang='lat' dir='ltr'><strong><em>et</em></strong></span> <span class='ocrx_word' id='word_1_102' title='bbox 687 1868 874 1951; x_wconf 73' lang='lat' dir='ltr'><strong><em>disciplina</em></strong></span> <span class='ocrx_word' id='word_1_103' title='bbox 894 1868 983 1931; x_wconf 90' lang='lat' dir='ltr'><strong><em>iuris</em></strong></span> <span class='ocrx_word' id='word_1_104' title='bbox 1002 1867 1111 1931; x_wconf 87' lang='lat' dir='ltr'><strong><em>ciuilis</em></strong></span> <span class='ocrx_word' id='word_1_105' title='bbox 1130 1869 1246 1932; x_wconf 85' lang='lat' dir='ltr'><strong><em>erudi·</em></strong></span> 
     </span>
     <span class='ocr_line' id='line_1_16' title="bbox 206 1968 1246 2056; baseline 0.001 -24"><span class='ocrx_word' id='word_1_106' title='bbox 206 1968 361 2033; x_wconf 83' lang='lat' dir='ltr'><strong><em>tissimus</em></strong></span> <span class='ocrx_word' id='word_1_107' title='bbox 383 1982 416 2032; x_wconf 92' lang='lat' dir='ltr'><strong><em>et</em></strong></span> <span class='ocrx_word' id='word_1_108' title='bbox 436 1970 575 2053; x_wconf 81' lang='lat' dir='ltr'><strong><em>ingenio</em></strong></span> <span class='ocrx_word' id='word_1_109' title='bbox 598 1971 849 2056; x_wconf 88' lang='lat' dir='ltr'><strong><em>prudentiaque</em></strong></span> <span class='ocrx_word' id='word_1_110' title='bbox 873 1971 1097 2034; x_wconf 87' lang='lat' dir='ltr'><strong><em>acutissimus</em></strong></span> <span class='ocrx_word' id='word_1_111' title='bbox 1117 1983 1151 2034; x_wconf 91' lang='lat' dir='ltr'><strong><em>et</em></strong></span> <span class='ocrx_word' id='word_1_112' title='bbox 1166 1993 1246 2035; x_wconf 90' lang='lat' dir='ltr'><strong><em>ora-</em></strong></span> 
     </span>
     <span class='ocr_line' id='line_1_17' title="bbox 201 2072 1248 2158; baseline 0.001 -22"><span class='ocrx_word' id='word_1_113' title='bbox 201 2072 292 2136; x_wconf 89' lang='lat' dir='ltr'><strong><em>tione</em></strong></span> <span class='ocrx_word' id='word_1_114' title='bbox 323 2072 478 2136; x_wconf 83' lang='lat' dir='ltr'><strong><em>maxime</em></strong></span> <span class='ocrx_word' id='word_1_115' title='bbox 503 2074 643 2136; x_wconf 89' lang='lat' dir='ltr'><strong><em>limatus</em></strong></span> <span class='ocrx_word' id='word_1_116' title='bbox 676 2083 780 2157; x_wconf 89' lang='lat' dir='ltr'><strong><em>atque</em></strong></span> <span class='ocrx_word' id='word_1_117' title='bbox 806 2073 942 2137; x_wconf 87' lang='lat' dir='ltr'><strong><em>subtilis</em></strong></span> <span class='ocrx_word' id='word_1_118' title='bbox 969 2085 1088 2158; x_wconf 87' lang='lat' dir='ltr'><strong><em>atque,</em></strong></span> <span class='ocrx_word' id='word_1_119' title='bbox 1116 2085 1154 2136; x_wconf 89' lang='lat' dir='ltr'><strong><em>ut</em></strong></span> <span class='ocrx_word' id='word_1_120' title='bbox 1181 2093 1248 2157; x_wconf 83' lang='lat' dir='ltr'><strong><em>ego</em></strong></span> 
     </span>
     <span class='ocr_line' id='line_1_18' title="bbox 202 2175 1334 2266; baseline 0 -28"><span class='ocrx_word' id='word_1_121' title='bbox 202 2179 295 2240; x_wconf 88' lang='lat' dir='ltr'><strong><em>&#39;soleo</em></strong></span> <span class='ocrx_word' id='word_1_122' title='bbox 313 2175 454 2266; x_wconf 82' lang='lat' dir='ltr'><strong><em>dicere,</em></strong></span> <span class='ocrx_word' id='word_1_123' title='bbox 488 2177 576 2240; x_wconf 88' lang='lat' dir='ltr'><strong><em>iuris</em></strong></span> <span class='ocrx_word' id='word_1_124' title='bbox 605 2177 800 2259; x_wconf 89' lang='lat' dir='ltr'><strong><em>peritorum</em></strong></span> <span class='ocrx_word' id='word_1_125' title='bbox 830 2175 1148 2260; x_wconf 87' lang='lat' dir='ltr'><strong><em>eloquentissimus,</em></strong></span> <span class='ocrx_word' id='word_1_126' title='bbox 1178 2179 1246 2239; x_wconf 91' lang='lat' dir='ltr'><strong><em>elo·</em></strong></span> <span class='ocrx_word' id='word_1_127' title='bbox 1330 2243 1334 2251; x_wconf 46' lang='lat'><strong><em>.</em></strong></span> 
     </span>
     <span class='ocr_line' id='line_1_19' title="bbox 202 2278 1246 2363; baseline 0 -22"><span class='ocrx_word' id='word_1_128' title='bbox 202 2278 378 2363; x_wconf 88' lang='lat' dir='ltr'><strong><em>quentium</em></strong></span> <span class='ocrx_word' id='word_1_129' title='bbox 389 2279 480 2343; x_wconf 85' lang='lat' dir='ltr'><strong><em>iuris</em></strong></span> <span class='ocrx_word' id='word_1_130' title='bbox 494 2279 738 2362; x_wconf 87' lang='lat' dir='ltr'><strong><em>peritissimus,</em></strong></span> <span class='ocrx_word' id='word_1_131' title='bbox 756 2301 803 2342; x_wconf 81' lang='lat' dir='ltr'><strong><em>ex</em></strong></span> <span class='ocrx_word' id='word_1_132' title='bbox 820 2279 949 2361; x_wconf 86' lang='lat' dir='ltr'><strong><em>scripto</em></strong></span> <span class='ocrx_word' id='word_1_133' title='bbox 961 2289 1246 2343; x_wconf 89' lang='lat' dir='ltr'><strong><em>testamentorum</em></strong></span> 
     </span>
     <span class='ocr_line' id='line_1_20' title="bbox 201 2381 1243 2472; baseline -0.001 -28"><span class='ocrx_word' id='word_1_134' title='bbox 201 2383 283 2444; x_wconf 89' lang='lat' dir='ltr'><strong><em>iura</em></strong></span> <span class='ocrx_word' id='word_1_135' title='bbox 303 2381 508 2472; x_wconf 74' lang='lat' dir='ltr'><strong><em>defenderet</em></strong></span> <span class='ocrx_word' id='word_1_136' title='bbox 532 2392 759 2466; x_wconf 81' lang='lat' dir='ltr'><strong><em>negaretque,</em></strong></span> <span class='ocrx_word' id='word_1_137' title='bbox 782 2381 851 2443; x_wconf 92' lang='lat' dir='ltr'><strong><em>nisi</em></strong></span> <span class='ocrx_word' id='word_1_138' title='bbox 869 2392 1051 2463; x_wconf 79' lang='lat' dir='ltr'><strong><em>postumus</em></strong></span> <span class='ocrx_word' id='word_1_139' title='bbox 1072 2392 1105 2446; x_wconf 90' lang='lat' dir='ltr'><strong><em>et</em></strong></span> <span class='ocrx_word' id='word_1_140' title='bbox 1127 2393 1243 2458; x_wconf 88' lang='lat' dir='ltr'><strong><em>natus,</em></strong></span> 
     </span>
     <span class='ocr_line' id='line_1_21' title="bbox 203 2483 1243 2569; baseline 0 -23"><span class='ocrx_word' id='word_1_141' title='bbox 203 2495 235 2546; x_wconf 90' lang='lat' dir='ltr'><strong><em>et</em></strong></span> <span class='ocrx_word' id='word_1_142' title='bbox 257 2496 441 2569; x_wconf 89' lang='lat' dir='ltr'><strong><em>antequam</em></strong></span> <span class='ocrx_word' id='word_1_143' title='bbox 459 2485 494 2548; x_wconf 92' lang='lat' dir='ltr'><strong><em>in</em></strong></span> <span class='ocrx_word' id='word_1_144' title='bbox 518 2505 617 2548; x_wconf 91' lang='lat' dir='ltr'><strong><em>suam</em></strong></span> <span class='ocrx_word' id='word_1_145' title='bbox 643 2485 785 2546; x_wconf 90' lang='lat' dir='ltr'><strong><em>tutelam</em></strong></span> <span class='ocrx_word' id='word_1_146' title='bbox 807 2483 948 2559; x_wconf 83' lang='lat' dir='ltr'><strong><em>ueniret,</em></strong></span> <span class='ocrx_word' id='word_1_147' title='bbox 971 2495 1129 2546; x_wconf 86' lang='lat' dir='ltr'><strong><em>mortuus</em></strong></span> <span class='ocrx_word' id='word_1_148' title='bbox 1146 2495 1243 2560; x_wconf 85' lang='lat' dir='ltr'><strong><em>esset,</em></strong></span> 
     </span>
     <span class='ocr_line' id='line_1_22' title="bbox 205 2586 1246 2670; baseline -0.002 -20"><span class='ocrx_word' id='word_1_149' title='bbox 205 2587 363 2650; x_wconf 85' lang='lat' dir='ltr'><strong><em>heredem</em></strong></span> <span class='ocrx_word' id='word_1_150' title='bbox 385 2610 463 2650; x_wconf 90' lang='lat' dir='ltr'><strong><em>eum</em></strong></span> <span class='ocrx_word' id='word_1_151' title='bbox 488 2608 561 2650; x_wconf 89' lang='lat' dir='ltr'><strong><em>esse</em></strong></span> <span class='ocrx_word' id='word_1_152' title='bbox 581 2608 698 2668; x_wconf 86' lang='lat' dir='ltr'><strong><em>posse,</em></strong></span> <span class='ocrx_word' id='word_1_153' title='bbox 722 2587 782 2670; x_wconf 90' lang='lat' dir='ltr'><strong><em>qui</em></strong></span> <span class='ocrx_word' id='word_1_154' title='bbox 807 2598 895 2650; x_wconf 87' lang='lat' dir='ltr'><strong><em>esset</em></strong></span> <span class='ocrx_word' id='word_1_155' title='bbox 921 2586 1105 2648; x_wconf 91' lang='lat' dir='ltr'><strong><em>secundum</em></strong></span> <span class='ocrx_word' id='word_1_156' title='bbox 1126 2598 1246 2669; x_wconf 80' lang='lat' dir='ltr'><strong><em>postu-</em></strong></span> 
     </span>
     <span class='ocr_line' id='line_1_23' title="bbox 203 2687 1247 2772; baseline 0 -20"><span class='ocrx_word' id='word_1_157' title='bbox 203 2712 295 2753; x_wconf 87' lang='lat' dir='ltr'><strong><em>mum</em></strong></span> <span class='ocrx_word' id='word_1_158' title='bbox 312 2703 345 2754; x_wconf 91' lang='lat' dir='ltr'><strong><em>et</em></strong></span> <span class='ocrx_word' id='word_1_159' title='bbox 370 2703 489 2754; x_wconf 86' lang='lat' dir='ltr'><strong><em>natum</em></strong></span> <span class='ocrx_word' id='word_1_160' title='bbox 515 2701 548 2753; x_wconf 91' lang='lat' dir='ltr'><strong><em>et</em></strong></span> <span class='ocrx_word' id='word_1_161' title='bbox 574 2701 749 2754; x_wconf 87' lang='lat' dir='ltr'><strong><em>mortuum</em></strong></span> <span class='ocrx_word' id='word_1_162' title='bbox 773 2689 871 2752; x_wconf 90' lang='lat' dir='ltr'><strong><em>heres</em></strong></span> <span class='ocrx_word' id='word_1_163' title='bbox 896 2687 1086 2769; x_wconf 88' lang='lat' dir='ltr'><strong><em>institutus‚·</em></strong></span> <span class='ocrx_word' id='word_1_164' title='bbox 1104 2711 1170 2772; x_wconf 85' lang='lat' dir='ltr'><strong><em>ego</em></strong></span> <span class='ocrx_word' id='word_1_165' title='bbox 1184 2711 1247 2752; x_wconf 89' lang='lat' dir='ltr'><strong><em>au-</em></strong></span> 
     </span>
     <span class='ocr_line' id='line_1_24' title="bbox 205 2789 1248 2885; baseline -0.001 -29"><span class='ocrx_word' id='word_1_166' title='bbox 205 2805 272 2856; x_wconf 90' lang='lat' dir='ltr'><strong><em>tem</em></strong></span> <span class='ocrx_word' id='word_1_167' title='bbox 301 2793 540 2885; x_wconf 71' lang='lat' dir='ltr'><strong><em>defenderem,</em></strong></span> <span class='ocrx_word' id='word_1_168' title='bbox 575 2795 637 2855; x_wconf 83' lang='lat' dir='ltr'><strong><em>huc</em></strong></span> <span class='ocrx_word' id='word_1_169' title='bbox 671 2814 748 2855; x_wconf 92' lang='lat' dir='ltr'><strong><em>eum</em></strong></span> <span class='ocrx_word' id='word_1_170' title='bbox 782 2805 855 2855; x_wconf 90' lang='lat' dir='ltr'><strong><em>tum</em></strong></span> <span class='ocrx_word' id='word_1_171' title='bbox 890 2803 999 2856; x_wconf 90' lang='lat' dir='ltr'><strong><em>mente</em></strong></span> <span class='ocrx_word' id='word_1_172' title='bbox 1015 2789 1154 2881; x_wconf 88' lang='lat' dir='ltr'><strong><em>fuisse,</em></strong></span> <span class='ocrx_word' id='word_1_173' title='bbox 1188 2792 1248 2876; x_wconf 91' lang='lat' dir='ltr'><strong><em>qui</em></strong></span> 
     </span>
     <span class='ocr_line' id='line_1_25' title="bbox 200 2895 1245 2987; baseline -0.002 -29"><span class='ocrx_word' id='word_1_174' title='bbox 200 2907 438 2960; x_wconf 88' lang='lat' dir='ltr'><strong><em>testamentum</em></strong></span> <span class='ocrx_word' id='word_1_175' title='bbox 455 2895 623 2987; x_wconf 84' lang='lat' dir='ltr'><strong><em>fecisset,</em></strong></span> <span class='ocrx_word' id='word_1_176' title='bbox 654 2907 692 2958; x_wconf 92' lang='lat' dir='ltr'><strong><em>ut</em></strong></span> <span class='ocrx_word' id='word_1_177' title='bbox 730 2895 759 2958; x_wconf 91' lang='lat' dir='ltr'><strong><em>si</em></strong></span> <span class='ocrx_word' id='word_1_178' title='bbox 776 2895 881 2972; x_wconf 78' lang='lat' dir='ltr'><strong><em>filius</em></strong></span> <span class='ocrx_word' id='word_1_179' title='bbox 908 2914 977 2957; x_wconf 91' lang='lat' dir='ltr'><strong><em>non</em></strong></span> <span class='ocrx_word' id='word_1_180' title='bbox 1009 2906 1111 2968; x_wconf 89' lang='lat' dir='ltr'><strong><em>esset,</em></strong></span> <span class='ocrx_word' id='word_1_181' title='bbox 1136 2895 1245 2978; x_wconf 87' lang='lat' dir='ltr'><strong><em>quiin</em></strong></span> 
     </span>
     <span class='ocr_line' id='line_1_26' title="bbox 201 2998 1245 3073; baseline -0.001 -12"><span class='ocrx_word' id='word_1_182' title='bbox 201 3019 297 3061; x_wconf 88' lang='lat' dir='ltr'><strong><em>suam</em></strong></span> <span class='ocrx_word' id='word_1_183' title='bbox 326 3002 471 3061; x_wconf 87' lang='lat' dir='ltr'><strong><em>tutelam</em></strong></span> <span class='ocrx_word' id='word_1_184' title='bbox 508 2999 655 3073; x_wconf 86' lang='lat' dir='ltr'><strong><em>ueniret,</em></strong></span> <span class='ocrx_word' id='word_1_185' title='bbox 688 2999 834 3062; x_wconf 89' lang='lat' dir='ltr'><strong><em>Manius</em></strong></span> <span class='ocrx_word' id='word_1_186' title='bbox 868 2998 993 3062; x_wconf 84' lang='lat' dir='ltr'><strong><em>Curius</em></strong></span> <span class='ocrx_word' id='word_1_187' title='bbox 1021 3009 1104 3060; x_wconf 88' lang='lat' dir='ltr'><strong><em>esset</em></strong></span> <span class='ocrx_word' id='word_1_188' title='bbox 1137 2999 1245 3060; x_wconf 79' lang='lat' dir='ltr'><strong><em>lieres.</em></strong></span> 
     </span>
     <span class='ocr_line' id='line_1_27' title="bbox 202 3097 1247 3182; baseline -0.002 -18"><span class='ocrx_word' id='word_1_189' title='bbox 202 3098 300 3164; x_wconf 84' lang='lat' dir='ltr'><strong><em>Conl.</em></strong></span> <span class='ocrx_word' id='word_1_190' title='bbox 325 3100 405 3164; x_wconf 90' lang='lat' dir='ltr'><strong><em>ibid.</em></strong></span> <span class='ocrx_word' id='word_1_191' title='bbox 432 3105 465 3179; x_wconf 84' lang='lat'><strong><em>1,</em></strong></span> <span class='ocrx_word' id='word_1_192' title='bbox 491 3101 543 3166; x_wconf 84' lang='grc'><strong><em>67.</em></strong></span> <span class='ocrx_word' id='word_1_193' title='bbox 575 3101 625 3176; x_wconf 85' lang='grc' dir='ltr'><strong><em>ΙΙ,</em></strong></span> <span class='ocrx_word' id='word_1_194' title='bbox 657 3101 709 3164; x_wconf 87' lang='grc'><strong><em>32.</em></strong></span> <span class='ocrx_word' id='word_1_195' title='bbox 741 3102 791 3164; x_wconf 89' lang='lat' dir='ltr'><strong><em>De</em></strong></span> <span class='ocrx_word' id='word_1_196' title='bbox 814 3101 940 3163; x_wconf 84' lang='lat' dir='ltr'><strong><em>lavent.</em></strong></span> <span class='ocrx_word' id='word_1_197' title='bbox 966 3100 1001 3176; x_wconf 90' lang='grc'><strong><em>2,</em></strong></span> <span class='ocrx_word' id='word_1_198' title='bbox 1027 3101 1079 3163; x_wconf 73' lang='lat' dir='ltr'><strong><em>tt.</em></strong></span> <span class='ocrx_word' id='word_1_199' title='bbox 1104 3121 1138 3182; x_wconf 90' lang='lat' dir='ltr'><strong><em>p.</em></strong></span> <span class='ocrx_word' id='word_1_200' title='bbox 1164 3097 1247 3163; x_wconf 80' lang='lat' dir='ltr'><strong><em>Cae·</em></strong></span> 
     </span>
     <span class='ocr_line' id='line_1_28' title="bbox 202 3201 973 3286; baseline -0.003 -20"><span class='ocrx_word' id='word_1_201' title='bbox 202 3201 270 3266; x_wconf 87' lang='grc'><strong>6166</strong></span> <span class='ocrx_word' id='word_1_202' title='bbox 297 3205 347 3266; x_wconf 88' lang='grc'><strong>18.</strong></span> <span class='ocrx_word' id='word_1_203' title='bbox 374 3203 508 3286; x_wconf 76' lang='lat' dir='ltr'><strong><em>Quintil.</em></strong></span> <span class='ocrx_word' id='word_1_204' title='bbox 537 3208 573 3282; x_wconf 87' lang='grc'><strong><em>7,</em></strong></span> <span class='ocrx_word' id='word_1_205' title='bbox 599 3206 636 3285; x_wconf 89' lang='grc'><strong><em>6,</em></strong></span> <span class='ocrx_word' id='word_1_206' title='bbox 661 3205 693 3268; x_wconf 84' lang='grc'><strong><em>9.</em></strong></span> <span class='ocrx_word' id='word_1_207' title='bbox 719 3203 818 3267; x_wconf 86' lang='lat' dir='ltr'><strong><em>Gaius</em></strong></span> <span class='ocrx_word' id='word_1_208' title='bbox 841 3203 875 3278; x_wconf 90' lang='grc'><strong><em>2,</em></strong></span> <span class='ocrx_word' id='word_1_209' title='bbox 901 3203 973 3266; x_wconf 84' lang='grc'><strong>179.</strong></span> 
     </span>
    </p>
   </div>
   <div class='ocr_carea' id='block_1_3' title="bbox 456 3381 984 3455">
    <p class='ocr_par' dir='ltr' id='par_1_4' title="bbox 456 3381 984 3455">
     <span class='ocr_line' id='line_1_29' title="bbox 456 3381 984 3455; baseline -0.006 -16"><span class='ocrx_word' id='word_1_210' title='bbox 456 3381 486 3439; x_wconf 75' lang='lat' dir='ltr'><strong><em>il.</em></strong></span> <span class='ocrx_word' id='word_1_211' title='bbox 527 3381 626 3440; x_wconf 81' lang='lat' dir='ltr'><strong><em>Oratio</em></strong></span> <span class='ocrx_word' id='word_1_212' title='bbox 649 3400 702 3455; x_wconf 86' lang='lat' dir='ltr'><strong><em>pro</em></strong></span> <span class='ocrx_word' id='word_1_213' title='bbox 721 3383 752 3440; x_wconf 88' lang='lat' dir='ltr'><strong><em>P.</em></strong></span> <span class='ocrx_word' id='word_1_214' title='bbox 774 3382 880 3439; x_wconf 86' lang='lat' dir='ltr'><strong><em>Rutilio</em></strong></span> <span class='ocrx_word' id='word_1_215' title='bbox 900 3382 984 3438; x_wconf 83' lang='lat' dir='ltr'><strong><em>Rulo.</em></strong></span> 
     </span>
    </p>
   </div>
   <div class='ocr_carea' id='block_1_4' title="bbox 201 3510 1249 4314">
    <p class='ocr_par' dir='ltr' id='par_1_5' title="bbox 201 3510 1249 4314">
     <span class='ocr_line' id='line_1_30' title="bbox 267 3510 1248 3596; baseline -0.007 -19"><span class='ocrx_word' id='word_1_216' title='bbox 267 3513 373 3577; x_wconf 82' lang='lat' dir='ltr'><strong><em>Causa</em></strong></span> <span class='ocrx_word' id='word_1_217' title='bbox 389 3513 595 3578; x_wconf 86' lang='lat' dir='ltr'><strong><em>celeberrima</em></strong></span> <span class='ocrx_word' id='word_1_218' title='bbox 611 3527 659 3579; x_wconf 86' lang='lat' dir='ltr'><strong><em>est</em></strong></span> <span class='ocrx_word' id='word_1_219' title='bbox 673 3527 741 3577; x_wconf 81' lang='lat' dir='ltr'><strong><em>acta</em></strong></span> <span class='ocrx_word' id='word_1_220' title='bbox 761 3537 788 3576; x_wconf 88' lang='grc'><strong><em>6.</em></strong></span> <span class='ocrx_word' id='word_1_221' title='bbox 812 3513 872 3574; x_wconf 90' lang='grc'><strong><em>662</em></strong></span> <span class='ocrx_word' id='word_1_222' title='bbox 885 3510 965 3596; x_wconf 87' lang='grc'><strong>(92).</strong></span> <span class='ocrx_word' id='word_1_223' title='bbox 983 3510 1248 3575; x_wconf 82' lang='lat' dir='ltr'><strong><em>Videorat.llu-</em></strong></span> 
     </span>
     <span class='ocr_line' id='line_1_31' title="bbox 207 3610 1247 3701; baseline -0.005 -23"><span class='ocrx_word' id='word_1_224' title='bbox 207 3616 275 3679; x_wconf 89' lang='lat' dir='ltr'><strong><em>tilii</em></strong></span> <span class='ocrx_word' id='word_1_225' title='bbox 292 3639 360 3699; x_wconf 90' lang='lat' dir='ltr'><strong><em>pro</em></strong></span> <span class='ocrx_word' id='word_1_226' title='bbox 375 3640 408 3680; x_wconf 93' lang='lat' dir='ltr'><strong><em>se</em></strong></span> <span class='ocrx_word' id='word_1_227' title='bbox 429 3630 551 3682; x_wconf 90' lang='lat' dir='ltr'><strong><em>contra</em></strong></span> <span class='ocrx_word' id='word_1_228' title='bbox 566 3619 766 3701; x_wconf 87' lang='lat' dir='ltr'><strong><em>publicanos</em></strong></span> <span class='ocrx_word' id='word_1_229' title='bbox 788 3639 822 3698; x_wconf 90' lang='lat' dir='ltr'><strong><em>p.</em></strong></span> <span class='ocrx_word' id='word_1_230' title='bbox 841 3615 913 3677; x_wconf 91' lang='grc'><strong>266.</strong></span> <span class='ocrx_word' id='word_1_231' title='bbox 931 3613 1145 3677; x_wconf 81' lang='lat' dir='ltr'><strong><em>Dubitabatur</em></strong></span> <span class='ocrx_word' id='word_1_232' title='bbox 1161 3610 1247 3687; x_wconf 89' lang='lat' dir='ltr'><strong><em>olim,</em></strong></span> 
     </span>
     <span class='ocr_line' id='line_1_32' title="bbox 205 3715 1247 3802; baseline -0.001 -25"><span class='ocrx_word' id='word_1_233' title='bbox 205 3729 309 3779; x_wconf 82' lang='lat' dir='ltr'><strong><em>utrum</em></strong></span> <span class='ocrx_word' id='word_1_234' title='bbox 334 3720 376 3800; x_wconf 85' lang='lat' dir='ltr'><strong><em>Q.</em></strong></span> <span class='ocrx_word' id='word_1_235' title='bbox 402 3721 534 3782; x_wconf 87' lang='lat' dir='ltr'><strong><em>Mucius</em></strong></span> <span class='ocrx_word' id='word_1_236' title='bbox 557 3719 712 3782; x_wconf 85' lang='lat' dir='ltr'><strong><em>Scaevola</em></strong></span> <span class='ocrx_word' id='word_1_237' title='bbox 738 3718 885 3802; x_wconf 77' lang='lat' dir='ltr'><strong><em>pontifex</em></strong></span> <span class='ocrx_word' id='word_1_238' title='bbox 908 3715 1061 3778; x_wconf 81' lang='lat' dir='ltr'><strong><em>maximus</em></strong></span> <span class='ocrx_word' id='word_1_239' title='bbox 1089 3737 1128 3778; x_wconf 83' lang='lat' dir='ltr'><strong><em>an</em></strong></span> <span class='ocrx_word' id='word_1_240' title='bbox 1151 3715 1247 3778; x_wconf 85' lang='lat' dir='ltr'><strong><em>Scae·</em></strong></span> 
     </span>
     <span class='ocr_line' id='line_1_33' title="bbox 206 3816 1247 3906; baseline -0.002 -27"><span class='ocrx_word' id='word_1_241' title='bbox 206 3818 280 3882; x_wconf 83' lang='lat' dir='ltr'><strong><em>vola</em></strong></span> <span class='ocrx_word' id='word_1_242' title='bbox 314 3843 416 3906; x_wconf 76' lang='lat' dir='ltr'><strong><em>aiigur</em></strong></span> <span class='ocrx_word' id='word_1_243' title='bbox 450 3823 564 3887; x_wconf 88' lang='lat' dir='ltr'><strong><em>Rutilii</em></strong></span> <span class='ocrx_word' id='word_1_244' title='bbox 593 3825 744 3886; x_wconf 84' lang='lat' dir='ltr'><strong><em>defensor</em></strong></span> <span class='ocrx_word' id='word_1_245' title='bbox 778 3819 888 3884; x_wconf 87' lang='lat' dir='ltr'><strong><em>suerit.</em></strong></span> <span class='ocrx_word' id='word_1_246' title='bbox 925 3819 986 3881; x_wconf 86' lang='lat' dir='ltr'><strong><em>Sed</em></strong></span> <span class='ocrx_word' id='word_1_247' title='bbox 1024 3817 1180 3880; x_wconf 79' lang='lat' dir='ltr'><strong><em>Krehsius</em></strong></span> <span class='ocrx_word' id='word_1_248' title='bbox 1215 3816 1247 3877; x_wconf 92' lang='lat' dir='ltr'><strong><em>in</em></strong></span> 
     </span>
     <span class='ocr_line' id='line_1_34' title="bbox 202 3917 1247 4011; baseline -0.009 -23"><span class='ocrx_word' id='word_1_249' title='bbox 202 3920 424 4006; x_wconf 82' lang='lat' dir='ltr'><strong><em>disquisitione</em></strong></span> <span class='ocrx_word' id='word_1_250' title='bbox 463 3928 613 4011; x_wconf 86' lang='lat' dir='ltr'><strong><em>quadam,</em></strong></span> <span class='ocrx_word' id='word_1_251' title='bbox 652 3946 745 4010; x_wconf 87' lang='lat' dir='ltr'><strong><em>quam</em></strong></span> <span class='ocrx_word' id='word_1_252' title='bbox 790 3922 931 3988; x_wconf 86' lang='lat' dir='ltr'><strong><em>Orellius</em></strong></span> <span class='ocrx_word' id='word_1_253' title='bbox 973 3921 1004 3982; x_wconf 92' lang='lat' dir='ltr'><strong><em>in</em></strong></span> <span class='ocrx_word' id='word_1_254' title='bbox 1037 3917 1247 3982; x_wconf 87' lang='lat' dir='ltr'><strong><em>Onomastico</em></strong></span> 
     </span>
     <span class='ocr_line' id='line_1_35' title="bbox 201 4019 1245 4108; baseline -0.008 -22"><span class='ocrx_word' id='word_1_255' title='bbox 201 4024 376 4108; x_wconf 86' lang='lat' dir='ltr'><strong><em>repetivit,</em></strong></span> <span class='ocrx_word' id='word_1_256' title='bbox 399 4024 585 4090; x_wconf 87' lang='lat' dir='ltr'><strong><em>Scaevolam</em></strong></span> <span class='ocrx_word' id='word_1_257' title='bbox 609 4025 790 4106; x_wconf 87' lang='lat' dir='ltr'><strong><em>pontificem</em></strong></span> <span class='ocrx_word' id='word_1_258' title='bbox 817 4024 985 4088; x_wconf 83' lang='lat' dir='ltr'><strong><em>maximum</em></strong></span> <span class='ocrx_word' id='word_1_259' title='bbox 1007 4019 1245 4102; x_wconf 74' lang='lat' dir='ltr'><strong><em>intelligendum</em></strong></span> 
     </span>
     <span class='ocr_line' id='line_1_36' title="bbox 201 4119 1248 4212; baseline -0.006 -22"><span class='ocrx_word' id='word_1_260' title='bbox 201 4149 271 4191; x_wconf 90' lang='lat' dir='ltr'><strong><em>esse</em></strong></span> <span class='ocrx_word' id='word_1_261' title='bbox 304 4127 469 4212; x_wconf 85' lang='lat' dir='ltr'><strong><em>probavit.</em></strong></span> <span class='ocrx_word' id='word_1_262' title='bbox 504 4129 575 4189; x_wconf 89' lang='lat' dir='ltr'><strong><em>Nec</em></strong></span> <span class='ocrx_word' id='word_1_263' title='bbox 607 4125 700 4188; x_wconf 81' lang='lat' dir='ltr'><strong><em>aliter</em></strong></span> <span class='ocrx_word' id='word_1_264' title='bbox 729 4125 886 4190; x_wconf 80' lang='lat' dir='ltr'><strong><em>iudicavit</em></strong></span> <span class='ocrx_word' id='word_1_265' title='bbox 914 4119 1091 4186; x_wconf 79' lang='lat' dir='ltr'><strong><em>Maiansius</em></strong></span> <span class='ocrx_word' id='word_1_266' title='bbox 1119 4142 1152 4201; x_wconf 89' lang='lat' dir='ltr'><strong><em>p.</em></strong></span> <span class='ocrx_word' id='word_1_267' title='bbox 1176 4121 1248 4184; x_wconf 89' lang='grc'><strong>172.</strong></span> 
     </span>
     <span class='ocr_line' id='line_1_37' title="bbox 202 4220 1249 4314; baseline -0.007 -20"><span class='ocrx_word' id='word_1_268' title='bbox 202 4233 334 4314; x_wconf 88' lang='lat' dir='ltr'><strong><em>Zumpt.</em></strong></span> <span class='ocrx_word' id='word_1_269' title='bbox 349 4235 389 4293; x_wconf 86' lang='lat' dir='ltr'><strong><em>ad</em></strong></span> <span class='ocrx_word' id='word_1_270' title='bbox 406 4230 478 4295; x_wconf 88' lang='lat' dir='ltr'><strong><em>Cic.</em></strong></span> <span class='ocrx_word' id='word_1_271' title='bbox 501 4226 578 4292; x_wconf 89' lang='lat' dir='ltr'><strong><em>Div.</em></strong></span> <span class='ocrx_word' id='word_1_272' title='bbox 602 4228 634 4289; x_wconf 91' lang='lat' dir='ltr'><strong><em>in</em></strong></span> <span class='ocrx_word' id='word_1_273' title='bbox 660 4225 783 4292; x_wconf 86' lang='lat' dir='ltr'><strong><em>Caecil.</em></strong></span> <span class='ocrx_word' id='word_1_274' title='bbox 809 4232 870 4305; x_wconf 89' lang='grc'><strong>17,</strong></span> <span class='ocrx_word' id='word_1_275' title='bbox 897 4228 950 4290; x_wconf 81' lang='grc'><strong><em>57.</em></strong></span> <span class='ocrx_word' id='word_1_276' title='bbox 969 4220 1098 4287; x_wconf 86' lang='lat' dir='ltr'><strong><em>Ellendt</em></strong></span> <span class='ocrx_word' id='word_1_277' title='bbox 1121 4226 1159 4284; x_wconf 86' lang='lat' dir='ltr'><strong><em>ad</em></strong></span> <span class='ocrx_word' id='word_1_278' title='bbox 1176 4221 1249 4287; x_wconf 88' lang='lat' dir='ltr'><strong><em>Cic.</em></strong></span> 
     </span>
    </p>
   </div>
   <div class='ocr_carea' id='block_1_5' title="bbox 94 4332 483 4409">
    <p class='ocr_par' dir='ltr' id='par_1_6' title="bbox 94 4332 483 4409">
     <span class='ocr_line' id='line_1_38' title="bbox 94 4332 483 4409; baseline -0.008 -13"><span class='ocrx_word' id='word_1_279' title='bbox 94 4343 98 4355; x_wconf 80' lang='lat'><strong><em>‘</em></strong></span> <span class='ocrx_word' id='word_1_280' title='bbox 202 4336 240 4396; x_wconf 88' lang='lat' dir='ltr'><strong><em>de</em></strong></span> <span class='ocrx_word' id='word_1_281' title='bbox 257 4334 350 4400; x_wconf 84' lang='lat' dir='ltr'><strong><em>Orat.</em></strong></span> <span class='ocrx_word' id='word_1_282' title='bbox 381 4337 410 4409; x_wconf 93' lang='grc'><strong>1,</strong></span> <span class='ocrx_word' id='word_1_283' title='bbox 433 4332 483 4394; x_wconf 87' lang='grc'><strong><em>63.</em></strong></span> 
     </span>
    </p>
   </div>
   <div class='ocr_carea' id='block_1_6' title="bbox 0 0 1501 4844">
    <p class='ocr_par' dir='ltr' id='par_1_7' title="bbox 0 0 1501 4844">
     <span class='ocr_line' id='line_1_39' title="bbox 0 0 1501 4844; baseline 0 0"><span class='ocrx_word' id='word_1_284' title='bbox 0 0 1501 4844; x_wconf 95' lang='lat' dir='ltr'><strong><em> </em></strong></span> 
     </span>
    </p>
   </div>
  </div>
 </body>
</html>
