2992 4840
245 359 307 423 250
373 362 375 367 ’

246 528 349 580 menta
381 519 533 602 quaedam
564 517 648 599 apud
673 514 855 581 Charisium
886 538 921 599 p.
940 516 980 580 58
1009 516 1172 599 leguntur.
1218 519 1289 582 Nec

244 631 348 683 tamen
371 618 541 700 probabile
561 629 625 693 est,
648 640 702 682 eas
719 622 759 681 ab
778 619 850 701 ipso
878 619 1030 682 Graccho
1054 618 1153 684 fuisse
1177 620 1289 696 editas,

246 725 301 786 scd
323 743 340 784 a
358 719 498 796 Fannio,
522 720 577 805 qui
597 731 696 785 totam
714 722 937 786 Gracchorum
958 719 1122 784 historiam
1146 721 1289 804 scripsit,

245 822 409 887 annalibus
429 822 494 886 suis
516 822 651 888 insertas
671 823 828 888 arbitror.

414 1077 533 1134 XXXV.
567 1075 602 1146 Q.
624 1075 730 1134 Fabius
748 1075 890 1136 Maximus
910 1073 1108 1148 Allobroqicas.

308 1227 352 1308 Q.
380 1224 498 1288 Fabius
530 1224 713 1299 Maximus,
748 1226 792 1307 Q.
824 1224 918 1288 Fabii
952 1224 1088 1288 Maximi
1118 1224 1289 1290 Aemiliani

241 1325 342 1401 filius,
366 1329 406 1390 P.
433 1327 593 1408 Scipionis
615 1326 764 1391 Africani
786 1326 956 1391 Aemiliani
980 1349 1094 1408 nepos.
1139 1329 1182 1410 Q.
1205 1327 1288 1396 enim

242 1428 361 1492 Fabius
394 1429 558 1491 Maximus
589 1428 793 1498 Aemilianus
817 1442 847 1491 et
876 1432 917 1494 P.
950 1429 1060 1511 Scipio
1092 1428 1288 1493 Aemilianus

244 1529 361 1593 fratres
387 1531 501 1608 ferere,
535 1534 629 1594 ambo
658 1534 700 1593 L.
724 1531 829 1593 Paulli
855 1531 932 1608 lilii,
962 1534 1041 1594 alter
1067 1554 1082 1593 a
1112 1544 1205 1614 gente
1226 1533 1288 1596 Fa-

243 1632 312 1706 bia,
337 1634 454 1696 altera
479 1645 573 1716 geute
597 1632 749 1697 Cornelia
778 1637 958 1714 adoptatus.
1005 1636 1048 1717 Q.
1071 1634 1188 1697 Fabius
1211 1636 1287 1697 Ma-

245 1735 346 1798 ximus
367 1735 476 1797 consul
498 1756 528 1796 a.
552 1734 612 1795 633
636 1732 724 1816 (itt)
750 1739 902 1797 adversus
923 1736 1126 1820 Allobroges
1145 1734 1285 1798 feliciter

241 1837 417 1921 pugnavit,
448 1839 530 1898 trude
559 1835 660 1899 dictus
687 1847 733 1900 eet
761 1837 1009 1920 Allobrogicus.
1057 1838 1170 1900 Livius
1194 1837 1286 1919 Epit.

242 1940 296 2002 bl.
334 1938 509 2004 Censuram
530 1937 630 2019 gessit
652 1959 682 2002 a.
703 1937 881 2024 bl6(108).
915 1943 963 2017 Is,
987 1941 1287 2019 cuma.blb(129)

244 2043 285 2108 P.
311 2040 422 2122 Scipio
449 2040 622 2104 Africanus
654 2040 784 2116 minor,
816 2055 948 2123 patruus
978 2042 1068 2119 eius,
1102 2041 1290 2105 interiectus

242 2156 341 2219 esset,
365 2143 577 2206 laudationem
600 2143 767 2206 funebrem
790 2143 909 2208 dixisse
934 2144 1091 2220 traditur,
1116 2155 1207 2207 ulex
1228 2143 1286 2208 Ci-

242 2243 371 2308 ceronis
404 2244 551 2309 oratione
589 2267 650 2327 pro
683 2247 822 2308 Murena
852 2269 881 2309 c.
910 2248 949 2308 86
986 2258 1133 2329 apparet.
1185 2246 1287 2311 Conl.

241 2345 442 2411 Freinsbeim
475 2346 639 2429 Supplem.
672 2347 763 2411 Livii
794 2349 817 2412 l.
844 2349 903 2424 59,
928 2349 983 2411 80.
1030 2348 1182 2432 Sigonius
1208 2347 1288 2411 Vita

241 2447 403 2530 Scipionis
430 2472 464 2531 p.
482 2450 556 2512 tte.

303 2552 341 2614 In
361 2551 500 2616 editione
523 2550 635 2633 priore
655 2552 687 2616 iu
711 2555 775 2616 hoc
791 2568 923 2618 oratore
944 2555 1146 2618 vehementer
1166 2552 1286 2631 erravi,

240 2675 311 2715 cum
342 2654 385 2734 Q.
412 2654 547 2716 Fabium
576 2654 804 2730 Aemilianum,
837 2655 1044 2740 Allobrogici
1071 2655 1287 2737 persemin-

238 2754 442 2838 telligenduur
465 2755 628 2820 dixissem.

305 2855 424 2921 Cicero
446 2856 477 2919 in
495 2859 598 2920 Bruto
622 2859 678 2933 28,
705 2861 777 2921 107.
819 2863 941 2924 Vester
963 2860 1068 2922 etiam
1092 2859 1137 2923 D.
1155 2863 1286 2922 Brutus

240 2957 364 3048 M.f.,
389 2971 428 3021 ut
450 2982 498 3022 eac
510 2958 696 3050 faeniliuri
718 2962 793 3024 eius
817 2965 858 3024 L.
882 2961 979 3026 Attio
999 2975 1104 3044 poeta
1123 2983 1201 3024 cum
1222 2982 1288 3025 au·

239 3061 314 3123 dire
340 3061 482 3135 solitus,
518 3075 550 3124 et
579 3062 692 3126 dicere
718 3084 786 3125 non
813 3064 939 3125 inculte
969 3066 1119 3140 solebat,
1153 3075 1185 3126 et
1211 3075 1286 3125 erat

240 3183 318 3225 cum
339 3162 463 3226 litteris
485 3163 620 3241 latinis,
646 3165 847 3228 tumetium
871 3166 1027 3246 graecis,
1061 3179 1099 3227 ut
1122 3165 1285 3247 tempori-

240 3265 304 3328 bus
327 3265 395 3327 illie
416 3264 585 3328 eruditus.
616 3271 713 3349 Quae
737 3267 907 3330 tribuebat
932 3268 1021 3330 idem
1045 3267 1164 3331 Attius
1181 3265 1286 3328 etiam

241 3371 283 3450 Q.
305 3367 471 3432 Maximo
496 3371 537 3432 L.
560 3370 673 3432 Paulli
700 3371 828 3452 nepoti.

468 3628 494 3684 1.
535 3627 675 3686 Laudatio
695 3629 727 3685 P.
750 3629 894 3702 Scipionis
915 3630 1057 3688 Africani.
1275 3663 1331 3680 ω-

299 3781 348 3842 Ea
380 3778 462 3842 dicta
484 3789 531 3840 est
558 3801 587 3840 a.
605 3780 666 3842 625
691 3777 792 3854 (129).

302 3889 433 3953 Scholia
458 3889 633 3952 Bobiensia
655 3889 687 3950 in
714 3886 823 3951 Cicer.
848 3901 931 3951 orat.
960 3911 994 3970 p.
1015 3888 1143 3953 Milone
1168 3910 1201 3969 p.
1225 3889 1286 3954 283

237 3994 289 4054 ed.
315 3991 419 4055 Orell.
465 3995 577 4072 Super
603 3990 771 4080 Afiicani
799 3990 959 4053 laudibus
985 4003 1084 4054 extat
1110 3991 1224 4055 oratio
1245 3993 1282 4055 G.

237 4093 350 4157 Laelii
372 4093 566 4174 Sapientis,
598 4113 666 4175 qua
690 4111 773 4154 usus
795 4093 930 4156 uidetur
951 4096 994 4176 Q.
1019 4094 1143 4156 Fabius
1159 4091 1283 4157 Maxi·

239 4214 316 4258 mue
342 4195 378 4256 in
404 4194 606 4257 laudatione
628 4194 759 4257 mortui
784 4195 968 4278 Scipionis.

302 4297 530 4378 Fragmentum
545 4297 647 4378 ipsum
663 4317 757 4380 supra
771 4297 803 4360 iu
819 4300 858 4362 0.
874 4297 995 4361 Laelio
1006 4319 1041 4379 p.
1066 4297 1285 4378 llb.repetas.
