2992 4844
1145 383 1205 446 293

155 529 224 592 hon
240 527 307 594 isto
327 529 441 602 modo,
465 541 509 590 ut
527 532 693 614 Polycleti
716 535 968 620 Doryphorum
991 537 1057 600 sibi
1078 540 1202 624 Lysip-

151 653 220 712 pus
253 630 386 704 aiebat,
427 630 476 692 sic
513 643 552 694 tu
585 634 782 696 suasionem
819 638 907 719 legis
944 641 1117 703 Serviliae*
1141 643 1202 706 tibi

155 733 364 817 magistram
374 731 522 823 fuisses
545 735 627 796 haec
652 757 822 818 germana
841 740 958 805 ironia
979 755 1043 806 est.

218 853 301 917 ibid.
327 877 357 917 c.
388 855 447 930 97,
470 855 555 918 833.
589 857 715 920 Nonne
744 859 934 935 cernimus,
965 860 1026 923 vix
1052 863 1202 947 singulis

153 957 326 1020 aetatibus
340 957 439 1020 binos
462 970 620 1021 oratores
642 959 832 1022 laudabiles
852 963 1073 1027 constitisse?
1093 969 1203 1032 Galba

139 1056 228 1146 fuit
244 1060 335 1121 inter
348 1071 400 1122 tot
415 1063 573 1143 aequales
589 1082 679 1124 unus
694 1065 875 1142 excellens,
894 1065 1047 1148 Lepidus
1064 1081 1199 1152 postea,

152 1161 275 1224 deinde
296 1163 426 1237 Carbo,
451 1163 637 1239 Antonius,
662 1167 822 1229 Crassus.

216 1281 361 1345 Velleius
384 1281 419 1357 2,
444 1284 476 1347 9.
520 1284 652 1346 Eodem
673 1297 790 1348 tractu
810 1298 1005 1370 temporum
1024 1292 1203 1358 nituerunt

152 1397 312 1447 oratores
333 1384 450 1468 Scipio
476 1385 694 1450 Aemilianus
723 1389 949 1474 Laeliusque,
974 1396 1049 1457 Ser.
1077 1396 1198 1472 Galba,
1222 1375 1226 1378 ’

152 1487 224 1549 duo
247 1487 405 1561 Gracchi,
429 1491 468 1552 C.
491 1487 660 1565 Fannius,
686 1492 797 1554 Carbo
818 1492 992 1574 Papirius,
1017 1517 1078 1558 nec
1098 1520 1199 1579 prae-

151 1590 341 1653 tereundus
363 1592 528 1654 Metellus
549 1591 759 1655 Numidicus
788 1606 821 1656 et
850 1599 1023 1670 Scaurus,
1058 1610 1092 1661 et
1120 1613 1200 1663 ante

152 1714 271 1755 omnes
296 1696 338 1755 L.
371 1696 520 1756 Crassus
553 1705 587 1756 et
605 1697 662 1758 M.
695 1696 889 1772 Antonius,
923 1719 1071 1780 quorum
1093 1704 1201 1766 aetati

150 1794 366 1879 ingeniisque
380 1816 573 1858 successere
590 1799 629 1860 C.
652 1799 782 1861 Caesar
804 1800 941 1874 Strabo,
960 1803 998 1863 P.
1014 1804 1199 1883 Sulpicius.

216 1913 322 1978 Taciti
354 1914 443 1978 Dial.
474 1918 512 1978 dc
550 1918 658 1980 Oratt.
692 1919 744 1981 18.
797 1923 913 2002 Agere
947 1921 1038 1982 enim
1053 1920 1200 2012 fortius

150 2018 269 2080 iamet
292 2018 477 2080 audentius
499 2022 587 2094 volo,
612 2021 644 2082 si
667 2020 754 2083 illud
774 2033 854 2084 ante
872 2023 1099 2104 praedixero,
1117 2047 1199 2108 ¹mu-

149 2120 221 2181 lari
246 2141 323 2181 cum
350 2120 562 2201 temporibus
594 2119 733 2204 formas
766 2145 899 2208 quoque
929 2136 961 2187 et
991 2146 1121 2207 genera
1148 2127 1223 2204 di·¹

149 2222 257 2296 cendi,
276 2223 324 2284 sic
343 2222 466 2286 Catoni
481 2223 555 2284 seni
575 2237 799 2306 comparatus
819 2229 858 2289 C.
875 2228 1051 2290 Gracchus
1063 2228 1198 2310 plenior

149 2335 183 2384 et
202 2323 359 2399 uberior,
380 2324 429 2386 sic
451 2327 608 2388 Graccho
632 2325 776 2407 politior
801 2339 834 2389 et
860 2329 1019 2390 ornatior
1037 2333 1196 2403 Crassus,

51 2477 55 2485 ,
150 2426 200 2487 sic
222 2438 367 2509 utroque
386 2427 582 2490 distinctior
602 2440 635 2489 et
658 2427 826 2504 urbanior
845 2439 879 2490 et
904 2429 1010 2492 altior
1028 2430 1160 2493 Cicero.

217 2545 335 2608 Seneca
358 2546 465 2629 Epist.
491 2547 560 2612 111.
605 2546 715 2611 Multi
742 2569 790 2609 ex
811 2547 925 2611 alieno
948 2550 1063 2611 seculo
1076 2559 1199 2630 petunt
1303 2545 1305 2550 ’

150 2648 262 2725 verba,
288 2649 468 2714 duodecim
494 2650 630 2713 tabulas
652 2652 858 2733 loquuntur,
880 2652 1057 2733 Gracchus
1079 2650 1145 2712 illis
1165 2663 1198 2713 et

149 2754 298 2816 Crassus
328 2761 361 2814 et
388 2753 495 2817 Curio
528 2752 631 2815 nimis
660 2751 744 2814 culti
775 2763 809 2814 et
838 2762 990 2814 recentes
1021 2765 1118 2828 sunt,
1152 2753 1200 2814 ad

149 2855 302 2936 Appium
318 2876 425 2938 usque
451 2867 483 2918 et
504 2856 551 2916 ad
571 2854 828 2920 Coruncanium
849 2855 1004 2916 redeunt.

211 2973 348 3056 Quintil.
368 2977 424 3053 12,
451 2979 507 3052 10,
532 2978 585 3038 10.
630 2979 670 3040 1η
697 2957 855 3039 oratione
874 2974 905 3037 si
920 2975 1051 3054 species
1068 2976 1198 3038 intueri

148 3076 243 3153 velis,
257 3077 399 3141 totidem
412 3100 499 3160 pene
510 3078 665 3160 reperias
679 3077 901 3159 ingeniorum
915 3087 998 3161 quot
1009 3098 1195 3160 corporum

136 3175 305 3268 formas,
323 3179 502 3270 sedfuere
517 3180 686 3264 quaedam
700 3200 831 3262 genera
849 3179 984 3241 dicendi
1001 3179 1197 3242 conditione

147 3293 342 3364 temporum
371 3283 587 3358 horridiora,
618 3282 749 3366 alioqui
778 3301 942 3364 magnam
968 3281 1039 3344 iam
1067 3281 1199 3363 ingenii

151 3384 217 3446 vim
227 3407 314 3467 prae
326 3405 360 3447 se
359 3382 536 3475 ferentia,
551 3385 629 3449 hinc
644 3385 711 3447 sint
722 3385 845 3459 Laelii,
861 3383 1035 3468 Africani,
1053 3388 1200 3449 Catones

147 3487 253 3549 etiam
274 3487 501 3570 Gracchique.
564 3487 722 3551 Mediam
753 3487 849 3549 illam
864 3484 1036 3572 formam
1061 3496 1199 3548 teneant

150 3592 192 3650 L.
217 3593 384 3666 Crassus,
416 3593 459 3671 Q.
491 3590 712 3653 Hortensius.
743 3600 817 3650 tum
846 3587 966 3650 deinde
989 3587 1199 3678 efflorescat

148 3711 215 3752 non
238 3695 385 3754 multum
413 3693 503 3754 inter
525 3713 561 3754 se
598 3691 799 3754 distantium
829 3700 981 3770 tempore
1015 3701 1197 3752 oratorum

147 3792 270 3872 ingens
288 3805 496 3874 proventum·
523 3804 561 3855 at
584 3795 638 3857 M.
664 3791 818 3854 Tullium
847 3791 1008 3854 habemus
1030 3791 1065 3852 in
1088 3790 1197 3855 omni-

147 3895 219 3965 bus,
244 3915 331 3977 quae
352 3895 387 3957 in
411 3917 543 3979 quoque
566 3895 765 3968 laudantur,
790 3891 1110 3954 eminentissimum.

209 3994 290 4058 ibid.
317 3999 372 4074 12,
400 4000 456 4072 ll,
481 3998 533 4057 27.
578 3995 671 4078 Quin
698 3995 769 4057 imo
790 3994 821 4056 si
843 3996 930 4055 hanc
952 3993 1197 4074 cogitationem

147 4099 302 4161 homines
333 4098 548 4170 habuissent,
578 4107 622 4157 'ut
652 4117 751 4158 nemo
775 4118 810 4158 se
841 4095 1018 4156 meliorem
1032 4091 1123 4178 fere
1142 4113 1194 4160 eo,

146 4201 205 4282 qui
226 4202 379 4283 optimus
401 4199 550 4286 fuisset,
578 4196 827 4272 arbitraretur,
855 4195 890 4256 hi
921 4192 1007 4266 ipsi,
1037 4193 1196 4275 quisunt

145 4303 281 4383 optimi,
301 4323 369 4364 non
373 4299 557 4390 fuissent:
580 4319 640 4359 nec
665 4311 743 4377 post
766 4295 965 4363 Lucretium
985 4305 1017 4354 et
1034 4295 1197 4358 Macrum
