2976 4844
249 373 309 436 128

246 531 398 615 proiecto
416 531 598 598 nominatim
615 534 698 596 hunc
719 530 875 596 Catonem
894 529 1105 594 indicassent:
1128 535 1294 614 quomodo

248 636 331 700 cuim
358 636 461 702 lector
489 639 573 700 hunc
604 657 622 700 a
656 634 779 700 Catone
813 633 950 708 maiore,
981 632 1037 718 qui
1066 631 1202 717 singulis
1227 635 1296 698 fere

247 739 374 823 paginis
403 743 552 814 affertur,
587 738 783 821 distinguere
809 735 964 819 poteret?
996 747 1130 820 uterque
1155 736 1297 819 scriptor

247 845 353 925 probe
378 841 506 907 nomine
533 841 717 907 indicandus
743 852 825 904 erat.
878 842 1051 903 Praeterea
1080 836 1164 902 Cato
1191 838 1297 904 iunior

250 944 330 1012 nihil
357 944 509 1027 scriptum
538 944 689 1030 reliquit,
717 965 777 1009 una
805 942 953 1006 oratione
980 953 1114 1024 excepta
1140 944 1179 1005 de
1206 941 1296 1006 Cati·

249 1048 335 1126 lina,
362 1070 443 1133 quae
465 1047 568 1112 invito
594 1069 634 1111 eo
661 1069 678 1109 a
705 1045 813 1127 pueris
836 1044 1079 1127 excipiebatur,
1108 1055 1141 1107 ut
1168 1045 1297 1108 Plutar-

250 1153 329 1215 chus
349 1152 382 1213 in
410 1151 471 1214 vita
496 1149 630 1215 Catonis
653 1150 729 1212 min.
754 1171 784 1211 c.
809 1149 849 1211 23
872 1147 1015 1210 tradidit.

315 1257 378 1318 Sed
410 1265 576 1338 utramque
603 1251 681 1316 mibi
708 1251 956 1334 explicationem
983 1251 1151 1334 displicere
1177 1249 1296 1315 fateor.

251 1359 304 1422 En
332 1355 521 1441 fragmentis
546 1355 629 1419 enim
655 1367 749 1419 etex
772 1355 849 1419 loco
874 1353 967 1419 Curii
990 1345 1215 1418 Fortunatiani
1241 1375 1298 1437 ap·

249 1473 360 1543 paret,
387 1459 566 1524 orationem
597 1461 679 1522 hanc
704 1480 768 1522 non
796 1462 836 1522 ad
863 1459 955 1521 ludos
979 1457 1147 1534 Florales,
1178 1460 1234 1520 sed
1259 1460 1299 1520 ed

251 1585 377 1629 causam
397 1567 554 1648 quandam
578 1561 776 1625 iudiciariam
796 1561 997 1624 referendam
1015 1581 1095 1624 esse.
1141 1560 1203 1623 Sed
1219 1581 1297 1644 qua·

249 1666 289 1730 lis
318 1665 372 1728 illa
404 1686 498 1729 causa
526 1664 625 1728 fucrit
658 1678 689 1727 et
718 1686 783 1749 quo
817 1685 902 1727 anno
933 1662 977 1726 sit
1007 1675 1091 1739 acts,
1121 1660 1296 1736 incertum,

251 1791 311 1833 nec
335 1767 438 1831 minus
460 1767 640 1843 incertum,
667 1768 708 1831 de
732 1790 769 1830 re
794 1767 912 1831 Floria
935 1787 974 1828 an
1002 1767 1044 1829 de
1071 1789 1108 1830 re
1133 1765 1299 1829 Floriana

250 1893 361 1935 verum
383 1870 435 1934 sit.
482 1869 703 1934 Coniiciebam
724 1869 863 1954 quidem,
884 1869 1039 1934 Catonem
1055 1867 1195 1932 fortasse
1216 1867 1294 1930 Flo·

250 1973 372 2038 roniam
402 1971 558 2056 virginem
583 1972 767 2047 Vestalem,
792 1994 873 2057 quiae
899 1993 929 2034 a.
954 1973 1016 2035 538
1039 1973 1129 2049 (216)
1154 1974 1298 2033 damnata

252 2089 300 2142 est
319 2075 455 2156 (Livius
477 2075 500 2139 l.
524 2077 575 2151 22,
601 2077 690 2153 bb),
713 2075 815 2157 stupri
837 2096 1020 2149 accusasse,
1045 2095 1145 2160 caque
1170 2095 1298 2136 accusa·

251 2179 338 2244 tione
357 2178 539 2243 tirocinium
562 2178 761 2265 eloquentiae
782 2177 927 2260 posuisse
949 2177 1106 2259 (Quintil.
1130 2178 1181 2253 12,
1194 2179 1222 2251 t,
1236 2177 1297 2254 4.),
1392 2224 1394 2230 .

252 2305 323 2346 cum
352 2281 410 2346 illo
437 2303 519 2347 anno
552 2280 730 2346 octodecim
763 2303 862 2346 annos
894 2283 1042 2356 haberet3
1070 2284 1150 2343 unde
1181 2280 1299 2342 oratio

252 2386 294 2449 de
320 2409 358 2448 re
380 2387 546 2450 Floronia
569 2383 770 2448 inscribenda
801 2397 901 2448 esset:
926 2387 981 2447 sed
1010 2406 1048 2447 en
1075 2382 1144 2446 aliis
1167 2401 1298 2466 quoque

252 2490 331 2552 hacc
356 2487 469 2571 opinio
499 2487 679 2571 probabilis
707 2487 869 2564 videatur,
896 2488 1019 2552 dubito.

543 2675 591 2734 71.
626 2673 726 2733 Oratio
747 2676 784 2732 de
807 2691 838 2732 re
862 2675 898 2731 Α.
923 2676 1004 2732 Atili.

300 2787 491 2869 inscriptio
518 2809 652 2870 prorsus
677 2788 811 2850 incerta.

316 2889 429 2952 Festus
461 2912 496 2973 p.
522 2891 596 2954 344.
640 2890 828 2972 (Sonticu)
871 2909 964 2951 causa
992 2887 1109 2952 dicitur
1134 2911 1150 2951 a
1180 2893 1298 2954 morbo

252 2991 404 3072 (sontico,
427 3003 565 3076 propter
587 3015 690 3078 quem,
717 2995 802 3078 quod
820 3002 867 3055 est
891 2994 1091 3074 g)erendum,
1111 3013 1208 3074 agere
1231 2994 1300 3071 (de-

254 3093 406 3158 sistimus.
451 3099 507 3162 M.
531 3093 688 3180 Por·ciu)s
713 3093 799 3162 Cato
820 3095 861 3158 de
884 3118 922 3158 re
946 3099 991 3159 A.
1017 3095 1104 3159 Atili
1125 3095 1225 3179 (quid
1247 3095 1299 3156 di·

253 3218 330 3260 cam
360 3219 485 3260 causae
515 3198 713 3280 extitis)se‚
744 3199 930 3262 timidusne
961 3198 1049 3280 (sis,
1082 3219 1129 3260 an
1157 3198 1300 3281 impedi·

254 3311 369 3365 mento
390 3300 469 3382 t)ibi
487 3321 628 3364 causam
649 3301 819 3364 sonticam
838 3301 1001 3393 (fuisse).

288 3425 319 3472 de
335 3441 364 3471 re
384 3425 415 3472 A.
437 3423 511 3488 Atat]
548 3423 609 3472 Ouio
632 3425 663 3472 dn
687 3440 716 3470 ro
740 3419 848 3474 Floria:
878 3428 909 3474 A.
933 3427 996 3472 Atili
1015 3434 1061 3474 etc.
1099 3429 1200 3473 Ursinus
1223 3430 1302 3483 explet

322 3516 440 3570 probante
461 3517 577 3561 Miillero.
615 3513 674 3560 Cato
700 3515 730 3560 ds
761 3518 832 3576 regis
858 3515 939 3582 Attali
967 3517 1143 3578 vectigalibus,
1181 3517 1299 3574 Scaliger.

323 3603 376 3662 Ego
396 3605 529 3649 cretionem
549 3603 588 3648 Dc
609 3617 638 3646 rc
661 3602 693 3648 A.
713 3602 775 3648 Attii
796 3605 971 3650 inscribendam
994 3611 1018 3651 et
1038 3607 1069 3650 Α.
1093 3604 1192 3650 Atilium
1213 3603 1299 3646 inteili-

324 3694 426 3751 gendum
446 3694 525 3746 duco,
555 3693 595 3749 qui
619 3694 755 3748 praefectus
778 3698 829 3738 erat
849 3693 932 3737 clessis
952 3695 974 3737 in
997 3695 1061 3738 bello
1080 3695 1194 3736 adversus
1216 3691 1299 3736 Antio-

324 3779 396 3825 chum
419 3793 503 3838 regem
524 3785 608 3838 gesto,
638 3795 701 3825 anno
729 3777 777 3826 563
805 3777 897 3840 (191),
923 3795 970 3838 quo
996 3796 1057 3825 antio
1083 3781 1144 3824 Cato
1166 3782 1188 3824 iu
1215 3782 1299 3825 eodem

324 3867 388 3913 bello
417 3867 556 3912 Glabrionis
582 3870 687 3912 consulis
714 3870 755 3926 (v.
781 3881 853 3924 supra
878 3867 977 3912 Catonis
998 3873 1071 3916 orntt.
1093 3871 1209 3913 adversus
1231 3868 1298 3911 Man.

323 3955 426 4002 Acilium
446 3953 619 4010 Glabrionem)
639 3957 731 4015 legetur
750 3957 838 4001 fuerat.
876 3955 929 4000 Liv.
948 3951 990 4012 36,
1010 3953 1052 4006 30.

480 4130 528 4189 ib.
563 4128 663 4188 Oratio
686 4133 723 4186 de
745 4133 888 4202 potestate
908 4131 1072 4189 tribunicia.

318 4243 433 4310 Oratio
452 4241 528 4306 alias
543 4263 606 4306 non
625 4241 766 4327 cognita,
784 4242 828 4306 ait
841 4243 965 4308 Miiller
979 4246 1019 4307 ad
1033 4243 1162 4308 Festum
1178 4261 1212 4323 p.
1225 4239 1297 4302 163.

315 4347 416 4409 ludex
437 4344 577 4409 incertus
595 4354 655 4423 est,
675 4365 734 4409 nec
753 4345 785 4411 in
805 4346 994 4412 auctoritate
1017 4345 1153 4430 quadam
1174 4341 1299 4420 nititur,
