2992 4844
1197 385 1260 449 313

207 557 247 608 ut
256 509 449 628 ‘numquam
461 541 592 608 dixisse
613 542 736 608 melius
756 553 954 627 putaretur,
972 554 1088 607 tomen
1101 544 1256 608 omnium

208 667 378 712 consensu
400 646 450 712 sic
471 667 545 709 esse
578 657 651 708 tum
680 645 889 721 iudicatum,
918 656 1048 710 ceteros
1082 665 1104 708 a
1130 648 1257 712 Crasso

206 771 343 831 semper
372 769 510 824 omnes,
545 749 604 811 illo
629 761 746 812 autem
777 748 831 811 die
863 749 966 810 etiam
995 748 1107 830 ipsum
1131 769 1153 810 a
1179 769 1253 812 sese

207 863 421 935 superatum.
466 851 671 934 Deploravit
696 851 787 914 enim
811 873 931 914 casum
949 861 1051 935 atque
1068 851 1254 915 orbitatem

207 954 493 1028 senatus‚.cuius
522 954 657 1016 ordinis
683 975 706 1015 a
737 956 894 1029 consule,
921 954 980 1038 qui
1003 953 1104 1038 quasi
1128 975 1256 1036 parens

208 1059 316 1120 bonus
351 1068 413 1120 aut
445 1067 541 1119 tutor
566 1056 690 1135 fidelis
718 1079 792 1120 esse
826 1057 979 1130 deberet,
1007 1068 1184 1140 tamquam
1213 1058 1257 1120 ab

207 1159 324 1243 aliquo
352 1156 495 1248 nefario
543 1159 721 1241 praedone
761 1157 972 1241 diriperetur
1004 1159 1258 1242 patrimonium

207 1261 409 1346 dignitatis,
441 1282 548 1345 neque
574 1282 652 1324 vero
675 1283 749 1325 esse
773 1261 990 1337 mirandum,
1019 1261 1061 1336 si,
1090 1284 1168 1326 cum
1185 1265 1256 1326 suis

207 1364 360 1428 consiliis
380 1386 454 1427 rem
473 1364 646 1446 publicam
666 1364 917 1456 prestigasset,
949 1365 1131 1428 consilium
1157 1387 1257 1428 sena·

206 1479 264 1530 tus
294 1487 316 1528 a
347 1467 521 1549 republica
559 1467 771 1549 repudiaret.
837 1469 903 1532 Hic
938 1489 1016 1530 cum
1053 1469 1185 1533 bomini
1220 1480 1255 1531 et

207 1569 394 1632 uehementi
406 1581 438 1632 et
454 1569 584 1635 diserto
600 1582 632 1633 et
648 1570 682 1632 in
706 1570 830 1654 primis
840 1568 945 1660 forti
960 1571 1007 1632 ad
1024 1571 1253 1634 resistendum

207 1671 377 1754 Philippo,
399 1673 499 1756 quasi
513 1675 682 1757 quasdam
706 1675 889 1737 verborum
901 1671 1013 1763 faces
1035 1673 1253 1748 admovisset,

207 1795 274 1838 non
290 1776 370 1838 tulit
384 1776 441 1838 ille
460 1789 494 1839 et
512 1776 668 1858 grauiter
690 1776 827 1840 exarsit
845 1776 1116 1860 pignoribusque
1131 1775 1257 1840 ablatis

207 1882 374 1946 Crassum
389 1878 542 1941 instituit
564 1901 732 1942 coercere.
778 1883 856 1961 Quo
877 1880 1013 1962 quidem
1032 1879 1109 1960 ipso
1129 1878 1164 1940 in
1179 1880 1255 1942 loco

208 1984 317 2045 multa
337 2003 360 2043 a
383 1984 511 2046 Crasso
538 1982 703 2044 diuinitus
727 1981 819 2044 dicta
835 1979 1075 2070 ferebantur,'
1096 2002 1173 2043 cum
1190 1981 1256 2045 sibi

168 2155 171 2161 ‚
207 2085 304 2148 illum
325 2088 501 2147 consulem
527 2107 600 2148 esse
633 2096 806 2167 negaret,·
832 2085 889 2147 cui
918 2097 1060 2148 senator
1085 2084 1158 2166 ipse
1188 2105 1256 2149 non

206 2197 307 2250 esset.
352 2189 408 2251 An
433 2198 484 2261 tu,
508 2209 586 2249 eum
604 2208 738 2250 omnem
765 2187 1010 2250 auctoritatem
1029 2186 1254 2250 uniuersior·
1270 2233 1309 2258 χ

207 2289 298 2352 dinis
312 2312 380 2371 pro
391 2289 541 2372 pignore
561 2290 700 2372 putaris
726 2311 868 2372 eamque
884 2289 919 2351 in
938 2301 1118 2371 conspectu
1133 2289 1255 2370 populi

208 2391 344 2454 romani
361 2391 570 2467 concideris,
600 2415 652 2455 me
674 2392 726 2454 nis
751 2391 934 2454 existimas
953 2391 1159 2474 pignoribus
1182 2400 1252 2452 ter·

208 2493 305 2558 reri?
332 2497 414 2559 Non
442 2495 506 2559 tibi
531 2495 592 2557 illa
623 2506 703 2558 sunt
729 2494 919 2568 caedenda,
952 2493 983 2556 si
1013 2496 1054 2556 L.
1087 2495 1253 2556 Crassum

207 2597 257 2661 vis
275 2620 430 2662 coercere
437 2621 450 2671 ,·
474 2599 558 2661 baec
583 2598 645 2660 tibi
668 2609 719 2660 est
742 2596 935 2659 excidenda
955 2595 1088 2678 lingua,
1110 2616 1181 2678 qua
1202 2598 1254 2658 uel

206 2703 322 2764 euulsa
341 2701 470 2785 spiritu
493 2702 570 2783 ipso
596 2701 769 2765 libidinem
798 2712 896 2763 tuam
923 2699 1065 2761 libertas
1095 2718 1172 2760 mea
1201 2719 1254 2761 re-

194 2801 349 2894 futabit.
396 2808 573 2869 Permulta
607 2817 682 2872 tum
716 2801 1010 2866 vehementissima
1036 2801 1253 2864 contentione

205 2907 314 2969 animi
329 2905 461 2990 ingenii
484 2907 609 2969 virium
629 2908 673 2969 ab
698 2930 738 2969 eo
764 2907 857 2970 dicta
873 2927 946 2968 esse
966 2905 1158 2978 constabat,
1175 2923 1252 2966 sen-

205 3009 414 3094 tentiamque
432 3002 547 3084 earn,
591 3031 696 3092 quam
727 3021 867 3072 senatus
904 3007 1073 3095 frequens
1115 3017 1251 3070 secutus

206 3124 257 3174 est
278 3113 507 3176 ornatissimis
531 3123 563 3175 et
586 3113 802 3195 grauissimis
829 3112 958 3174 verbis:
983 3123 1021 3174 ut
1044 3113 1174 3194 populo
1194 3131 1251 3173 ro·

206 3235 309 3277 mano
324 3213 532 3292 satisfieret,
562 3236 750 3300 numquam
776 3226 916 3277 senatus
943 3235 1049 3298 neque
1070 3212 1253 3276 consilium

206 3319 339 3400 reipub.
373 3339 481 3400 neque
513 3318 628 3397 fidem
667 3316 845 3408 defuisse,
885 3319 928 3381 ab
956 3339 997 3381 eo
1033 3316 1180 3393 dietam,
1220 3327 1253 3379 et

205 3422 350 3484 eundem
376 3421 557 3485 scribendo
581 3419 740 3509 affuisse.

270 3523 407 3606 Quintil.
433 3525 462 3597 8,
487 3526 519 3602 3,
545 3525 599 3589 89.
644 3528 709 3590 Est
734 3536 767 3587 et
792 3545 872 3587 acre
897 3524 1077 3608 quiddam,
1107 3524 1252 3587 utillud

206 3627 343 3693 Crassi:
367 3631 447 3710 Ego
484 3638 517 3690 te
551 3631 724 3692 consulem
754 3638 894 3709 putem,
925 3648 1002 3688 cum
1036 3637 1075 3690 tu
1105 3649 1157 3690 me
1184 3648 1251 3690 non

203 3741 305 3808 putes
327 3731 548 3793 senatorem?

271 3830 492 3910 Quintil-11,
518 3837 552 3908 1,
575 3834 628 3896 37.
681 3836 761 3916 Ego
787 3845 819 3894 te
845 3835 1019 3898 consulem
1041 3843 1178 3912 putem,
1201 3831 1252 3892 in·

206 3932 282 4017 quit
314 3939 356 3997 L.
395 3938 540 4000 Crassus
573 3935 753 4017 Philippo,
788 3955 866 3997 cum
895 3946 933 3996 tu
965 3955 1017 3996 me
1053 3953 1121 3994 non
1151 3943 1252 4013 putes

205 4039 425 4101 senatorem?
451 4040 534 4103 Vox
554 4037 816 4100 honestissimae
840 4035 1023 4099 libertatis.

269 4141 386 4202 Valer-
414 4141 509 4201 Max.
534 4138 569 4212 6,
593 4139 623 4212 9,
647 4139 678 4199 2.
723 4143 765 4202 L.
789 4139 968 4221 Philippus
988 4136 1109 4195 consul
1130 4134 1251 4196 alluer-

205 4263 264 4306 sus
282 4251 442 4306 senatum
461 4241 654 4304 libertatem
674 4260 837 4305 exercere
858 4256 926 4303 non
947 4235 1128 4299 dubitauit.
1156 4239 1251 4302 Nam

204 4344 389 4429 segnitiem
421 4365 489 4427 pro
521 4343 644 4406 rostris
671 4344 888 4424 exprobrans
897 4367 912 4418 ,f
941 4339 1010 4402 alio
1041 4336 1106 4402 sibi
1131 4352 1253 4404 senatu
