2970 4836
528 549 564 606 V.
597 548 632 618 Q.
650 549 781 608 Caecilius
793 549 917 608 Metellus
928 550 962 608 L.
977 552 998 618 Ι.

308 677 430 744 Consul
448 701 477 743 a.
494 703 527 743 u.
543 681 604 744 518
617 683 719 760 (701)),
743 682 881 746 dictator
898 703 927 744 s.
945 703 977 744 u.
991 681 1052 744 549
1062 681 1163 759 (2051.
1189 680 1288 747 Cous.

245 781 446 846 Drumannus
463 785 563 847 Rome
580 785 700 846 Gesch.
717 795 741 848 t.
758 786 788 848 2.
806 807 837 866 p.
853 785 905 848 19.

307 884 386 948 Eius
406 885 489 948 lilius
506 891 581 964 (non
600 907 711 967 nepos,
728 899 762 948 ut
778 887 907 950 Ellendt
923 887 1089 951 Hallisohe
1105 887 1187 951 Litt.
1202 888 1286 956 Zelt.

244 989 326 1053 1831
340 990 460 1054 Januar
475 1011 509 1070 p.
528 989 580 1052 93.
598 988 774 1070 suspicatus
789 995 850 1067 est)
866 1001 913 1054 est
932 992 976 1072 Q.
995 989 1115 1054 Caecil.
1135 991 1286 1056 Metellus

243 1089 485 1166 Macedonicus,
507 1094 622 1177 dequo
640 1091 723 1154 iufra
741 1091 901 1156 dicemus:
921 1091 954 1155 id
969 1093 1052 1156 enim
1068 1103 1202 1158 testatur
1217 1094 1286 1179 ipse

243 1192 365 1257 Plinius
385 1193 416 1257 in
436 1191 523 1256 Hist.
542 1197 571 1268 7,
589 1196 641 1257 11.

304 1296 424 1362 Cicero
445 1299 547 1361 Bruto
560 1298 671 1371 1157.
687 1301 730 1380 Q.
743 1297 848 1362 etiam
864 1301 1049 1366 Maximus
1068 1305 1286 1368 Verrucosus

240 1413 361 1466 orator
376 1401 512 1464 habitus
527 1411 578 1464 est
593 1402 804 1483 temporibus
819 1402 907 1478 illis,
925 1416 957 1467 et
972 1407 1015 1487 Q.
1036 1407 1217 1479 Metellus,
1236 1403 1283 1478 is,

239 1505 299 1590 qui
314 1505 399 1568 bello
415 1503 544 1568 Punico
562 1503 712 1567 secundo
729 1527 806 1567 cum
828 1509 869 1568 L.
890 1509 1034 1570 Veturio
1049 1507 1190 1571 Philone
1207 1527 1286 1570 oon·

238 1605 398 1698 sulfuit.

305 1709 387 1775 lbid.
409 1732 439 1773 e.
463 1710 516 1787 19,
538 1711 589 1771 77.
629 1713 715 1776 Cum
735 1713 799 1774 hoc
822 1708 950 1775 Catone
969 1709 1178 1794 grandiores
1200 1722 1286 1773 natu

227 1813 388 1900 filerunt
411 1816 449 1877 0.
459 1813 660 1889 Flaminius,
678 1817 716 1877 C.
735 1817 863 1888 Varro,
881 1817 924 1897 Q.
941 1813 1139 1887 Maximus,
1153 1817 1284 1896 Q.Me·

239 1919 350 1992 tellus,
374 1919 412 1980 P.
427 1919 604 1992 Lentulus,
622 1920 660 1980 P.
678 1919 840 1981 Crassus.

381 2106 408 2162 1.
430 2105 571 2162 Laudatis
585 2105 713 2162 funebris
725 2104 758 2161 L.
775 2103 893 2161 Caecilii
906 2104 1016 2164 Metelli
1029 2106 1132 2177 petris.

302 2222 350 2284 Ea
366 2231 413 2282 est
427 2218 533 2280 habits
550 2241 576 2280 a.
593 2219 654 2281 533
667 2219 767 2295 (221).

303 2321 427 2386 Plinius
440 2321 525 2392 Hist,
539 2325 570 2397 7,
588 2321 639 2383 13.
657 2323 700 2403 Q.
714 2323 877 2385 Metellus
891 2320 926 2386 in
938 2342 980 2384 ea
992 2320 1162 2396 oratione,
1179 2343 1283 2406 quam

237 2425 356 2489 habuit
373 2424 545 2508 supremis
562 2423 722 2487 laudibus
741 2425 855 2507 patris
874 2426 931 2488 sni
949 2429 990 2488 L.
1003 2425 1149 2498 Metelli,
1166 2424 1283 2508 ponti·

230 2527 331 2608 ficis,
350 2529 401 2591 bis
417 2527 579 2600 consulis,
600 2527 798 2602 dictatoris,
818 2528 981 2610 magistri
996 2528 1164 2613 equitum,
1183 2526 1282 2612 quin·

238 2631 415 2694 deoimoiri
429 2632 528 2714 agris
545 2631 681 2704 dandis,
703 2631 763 2715 qui
780 2631 917 2714 primus
934 2633 1131 2712 elephantos
1150 2652 1197 2692 ex
1207 2629 1283 2712 pri·

238 2757 295 2798 mo
310 2733 440 2798 Punico
454 2735 539 2796 bello
554 2733 657 2796 duxit
676 2733 712 2797 iu
729 2733 924 2816 triumpho,
943 2733 1109 2812 seriptum
1124 2731 1280 2814 reliquit,

238 2837 353 2900 decem
374 2836 548 2898 maximas
564 2855 619 2897 res
635 2834 868 2914 optimosque,
891 2833 926 2894 in
941 2834 1062 2916 quibus
1076 2832 1282 2916 quaerendis

236 2940 408 3023 sapientes
420 2947 567 3002 aetatem
581 2935 775 3018 exigerent,
787 2956 1044 2998 consummasse
1059 2956 1150 2999 eum.
1175 2938 1211 3000 V
1208 2937 1282 2998 olu-

236 3045 304 3108 isse
321 3043 412 3106 enim
426 3040 636 3124 primarium
654 3041 853 3102 bellatorem
870 3058 957 3112 esse,
977 3037 1146 3119 optimum
1164 3050 1280 3102 orato-

237 3169 326 3222 rem,
348 3143 588 3230 fortissimum
609 3142 875 3224 imperatorem,
898 3141 1056 3223 auspicio
1078 3161 1142 3204 suo
1166 3142 1280 3208 maxi·

238 3271 313 3314 mas
332 3269 388 3312 res
407 3246 502 3331 geri,
530 3244 686 3308 maximo
711 3245 840 3308 honore
859 3243 930 3317 uti,
955 3265 1091 3306 summa
1109 3244 1281 3326 sapientia

237 3375 330 3429 esee,
354 3371 526 3414 summum
545 3360 741 3412 senatorem
760 3347 895 3422 haberi,
915 3347 1100 3430 pecuniam
1118 3368 1281 3432 magnam

236 3455 325 3520 bono
345 3455 447 3516 modo
466 3451 635 3526 invenire,
660 3452 785 3514 multos
805 3450 930 3515 liberos
949 3451 1143 3534 relinquere
1162 3461 1196 3512 et
1214 3452 1281 3511 cla·

236 3558 412 3621 rissimum
431 3556 466 3618 in
489 3555 626 3617 ciuitate
651 3573 723 3615 esse
731 3576 742 3624 ,·
763 3555 845 3617 liaeo
868 3554 1054 3636 contigisse
1079 3553 1112 3616 ei
1136 3572 1195 3614 nee
1220 3550 1281 3614 ulli

235 3661 297 3725 alii
310 3643 391 3743 post
406 3663 553 3723 Romam
567 3654 754 3720 conditam.

268 3801 411 3867 pontificis]
435 3803 464 3848 L.
480 3802 593 3849 Metellus
607 3803 666 3846 dnos
680 3807 704 3848 et
716 3803 798 3860 viginti
812 3817 887 3848 annos
901 3801 1006 3858 pontifex
1020 3797 1138 3844 maximus
1151 3797 1212 3851 iuit3
1226 3802 1279 3848 inde

305 3893 334 3938 ab
352 3905 414 3936 enno
435 3891 479 3938 511
502 3889 575 3950 (2131
589 3903 662 3948 usque
680 3891 709 3934 nd
730 3887 778 3934 533
800 3887 884 3949 (221).
914 3890 1002 3933 Cicero
1019 3891 1047 3933 de
1067 3891 1156 3934 sensti.
1178 3887 1201 3937 9.
1216 3894 1278 3940 Dru.

271 4090 309 4134 iis
320 4087 445 4148 consulis]
464 4103 487 4134 ι.
501 4085 550 4135 6113
565 4086 638 4143 (251)
652 4092 676 4132 et
689 4084 737 4132 tot
751 4080 838 4144 (itt).

268 4213 410 4273 dictatorie]
430 4226 454 4257 e.
471 4208 520 4257 530
533 4207 619 4267 (nit).
655 4208 805 4252 Freinsheim
826 4209 853 4251 sd
873 4207 966 4253 Livium
985 4203 1059 4269 l.20,
1075 4207 1116 4256 16.
1156 4213 1278 4257 neuma„

303 4307 434 4354 dictaturas
448 4315 494 4345 uon
508 4299 566 4342 iecit
582 4296 738 4342 mentionem.
