2966 4842
279 345 340 408 stt

610 495 697 554 cvtt.
722 495 861 552 ments.
882 493 988 554 Galles.

345 633 447 696 Natus
477 639 524 692 est
552 650 581 694 a.
616 626 678 690 688
700 628 786 707 (66),
819 629 931 691 eodem
964 647 1045 689 anno
1074 647 1140 710 quo
1174 625 1341 689 Horatius

287 731 478 810 Flaccus,in
494 732 584 794 Foro
607 729 681 793 lulli
703 728 735 791 in
745 729 850 794 Gallia
864 727 1081 794 Narbonensi.
1094 729 1208 792 Annus
1222 729 1342 792 natalis

282 857 386 901 exeo
409 848 528 909 certus,
553 835 641 916 quod
662 831 881 912 Hieronymus
903 831 1051 907 tradidit,
1084 853 1166 894 anno
1196 835 1341 917 quadra-

283 938 406 1023 gesimo
429 957 500 1000 enm
524 947 684 998 mortuum
712 956 793 997 esse.
839 933 938 1003 Conl.
961 933 1093 998 Clinton
1115 933 1206 998 Fasti
1236 938 1277 996 ad
1306 956 1338 1002 a.

283 1041 344 1103 778
367 1042 450 1117 (76).
507 1039 637 1104 Vo'llter
663 1035 695 1098 in
726 1037 1019 1102 commentatione
1048 1037 1089 1100 de
1119 1039 1157 1101 0.
1184 1037 1340 1102 Cornelii

282 1141 468 1208 Gallione
489 1150 523 1202 et
544 1139 682 1222 scriptis
704 1142 845 1202 Bonnae
869 1141 963 1203 1810.
987 1161 1020 1222 p.
1044 1141 1094 1208 17.
1110 1139 1188 1202 alios
1205 1137 1340 1202 codices

281 1244 426 1330 sequitur
449 1240 653 1321 Hieronymi,
676 1241 732 1326 qui
755 1262 837 1305 anno
859 1243 991 1310 XLIII.
1015 1263 1084 1305 eum
1104 1255 1264 1306 mortuum
1281 1263 1337 1303 re-

283 1348 410 1420 ferunt,
444 1342 488 1406 ita
521 1355 555 1406 ut
584 1365 612 1412 a.
640 1343 699 1408 685
730 1345 798 1422 (69)
822 1357 912 1407 natus
934 1345 987 1408 sit.
1031 1349 1128 1408 Anno
1170 1345 1229 1406 713
1265 1344 1339 1424 (11)
1462 1383 1463 1438 q

285 1452 326 1512 ab
348 1452 501 1531 Augusto
523 1444 673 1509 triumvir
702 1430 805 1509 faetus
839 1445 929 1531 agris
962 1447 1119 1510 veteranis
1142 1445 1339 1508 dividundis.

286 1555 330 1618 A.
358 1551 419 1614 723
442 1550 509 1628 (31)
530 1561 607 1632 post
627 1571 768 1632 pugnam
790 1553 873 1631 apud
895 1549 1024 1612 Actium
1046 1548 1077 1611 in
1094 1550 1280 1632 Aegyptum
1296 1549 1340 1609 ad

286 1653 463 1719 Antonium
486 1655 740 1734 persequendum
765 1651 876 1734 copias
896 1652 991 1720 ducit.
1013 1651 1079 1716 Dio
1099 1650 1189 1720 Cass.
1203 1652 1224 1718 l.
1247 1649 1340 1725 51,9.

284 1758 329 1820 A.
355 1756 417 1816 724
439 1754 507 1832 (30)
529 1752 716 1834 praeficitur
738 1756 778 1815 ab
794 1755 944 1838 Augusto
956 1755 1113 1839 Aegypto
1135 1751 1338 1836 provinciae.

348 1855 414 1920 Dio
439 1852 532 1918 Cass.
556 1855 610 1931 51,
635 1857 684 1921 17.
708 1856 826 1920 Strabo
851 1856 964 1922 XVII.
995 1879 1029 1938 p.
1053 1857 1127 1920 819.
1172 1855 1339 1934 Hierony-

287 1981 354 2022 mus
375 1957 409 2020 in
431 1957 552 2026 Euseb.
577 1954 702 2027 Chron.
716 1957 850 2039 Olymp.
864 1958 937 2034 187,
961 1967 1033 2024 3:
1051 1979 1081 2020 a.
1095 1982 1126 2027 u.
1143 1957 1213 2021 724.
1239 1960 1338 2022 Cleo·
1462 1951 1463 1984 ³

284 2073 393 2144 patra
414 2071 447 2122 et
471 2059 645 2122 Antonius
667 2073 773 2123 semet
794 2061 1011 2138 interficiunt
1033 2072 1066 2124 et
1090 2064 1273 2146 Aegyptus
1284 2057 1341 2136 fit

288 2183 435 2226 romano
458 2161 657 2242 prouincia,
697 2184 800 2245 quam
829 2163 984 2246 primum
1016 2164 1126 2226 tenuit
1157 2161 1338 2227 Cornelius

290 2268 423 2340 Gallus,
444 2263 485 2325 de
505 2286 572 2346 quo
583 2264 755 2346 Virgilius
771 2265 885 2328 scribit
896 2266 932 2327 in
943 2264 1125 2330 Bucolicis.
1139 2266 1184 2328 A.
1203 2263 1342 2340 778126)

288 2364 495 2431 calumniatus
507 2378 538 2428 et
547 2375 711 2428 aecusatus
721 2370 804 2448 apud
813 2368 1004 2450 Augustum,
1017 2366 1086 2449 ipse
1096 2378 1193 2430 semet
1206 2365 1339 2430 occidit.

288 2469 354 2535 Dio
372 2467 465 2533 Cass.
489 2468 512 2531 l.
536 2469 594 2544 53,
621 2469 674 2530 23.
700 2468 893 2551 Hieronym.
919 2474 958 2532 ad
974 2469 1108 2532 Eusebii
1135 2468 1261 2538 Chron.
1285 2466 1341 2533 Ol.

293 2571 367 2634 188.
400 2571 431 2635 2.
463 2593 504 2626 =
532 2571 593 2633 778
618 2571 705 2648 (76):
732 2574 912 2636 Cornelius
945 2575 1066 2636 Gallus
1094 2570 1342 2636 Foroiuliensis

285 2685 403 2756 poeta,
427 2692 539 2756 aquo
559 2670 714 2753 primum
736 2677 937 2760 Aegyptum
959 2686 1088 2737 rectam
1109 2695 1218 2756 supra
1242 2671 1338 2734 dixi-

289 2795 378 2850 mus,
393 2774 661 2857 quadragesimo
677 2777 803 2840 aetatis
818 2797 902 2840 suae
917 2797 1008 2840 anno
1022 2777 1170 2859 proprio
1181 2797 1217 2839 se
1232 2795 1340 2837 manu

293 2873 486 2966 interfecit.

356 2975 457 3042 Cous.
482 2977 569 3044 Suet.
593 2979 683 3062 Aug.
707 2982 761 3045 66.
779 2982 964 3046 Ammianus
985 2981 1135 3046 Marcell.
1154 2981 1204 3055 17,
1222 2982 1254 3044 t.

634 3137 661 3194 1.
684 3138 781 3196 Oratio
800 3140 831 3196 in
851 3140 997 3196 Alienum.

360 3245 409 3306 Ea
441 3255 488 3307 est
509 3247 617 3310 habita
640 3271 668 3314 a.
696 3251 756 3314 713
781 3253 862 3332 (tl).
908 3251 1069 3316 Antonius
1091 3262 1122 3314 et
1146 3249 1344 3316 Octavianus

293 3349 516 3424 decreverunt,
539 3362 573 3412 ut
595 3351 746 3414 militibus
767 3351 925 3416 veteranis
947 3354 980 3416 in
996 3351 1087 3416 Italia
1111 3352 1182 3436 agri
1198 3351 1343 3436 assigna·

293 3458 417 3512 rentur.
463 3448 634 3515 Cornelius
658 3452 770 3516 Gallus
795 3454 945 3518 triumvir
966 3455 1053 3540 agris
1074 3453 1253 3518 dividundis
1267 3453 1342 3522 fuit.

295 3551 359 3614 Sed
387 3553 502 3615 multae
532 3574 573 3615 ex
595 3575 630 3616 ea
662 3575 697 3616 re
727 3567 818 3621 ortae
843 3568 914 3621 sunt
938 3557 1021 3621 lites.
1068 3555 1149 3622 Cum
1175 3555 1257 3619 enim
1285 3575 1343 3618 ve-

293 3652 410 3727 temni,
440 3653 555 3738 quibus
583 3678 660 3740 ager
687 3657 913 3725 Cremonensis
935 3661 1174 3744 assignabatur,
1198 3656 1342 3722 contenti

293 3775 356 3818 non
384 3766 505 3828 essent,
536 3758 592 3819 sed
614 3781 725 3844 agrum
753 3785 882 3848 quoque
905 3765 1154 3830 Mantuanorum
1186 3781 1345 3842 occupas·

296 3868 376 3930 sent,
402 3857 570 3919 Mantuani
596 3863 700 3942 questi
732 3875 821 3941 sunt,
849 3886 1023 3952 eorumque
1052 3886 1177 3928 causant
1202 3862 1345 3944 suscepit

295 3955 468 4022 Cornelius
488 3957 600 4022 Gallus
625 3973 657 4024 et
679 3986 766 4027 reum
797 3966 875 4031 fecit
918 3969 1070 4033 Alfenum
1088 3969 1234 4042 Varum,
1259 3963 1344 4028 Cre·

295 4079 477 4122 monensem
501 4073 702 4142 metatorem,
735 4067 843 4152 quiin
867 4072 1062 4136 Mantuanos
1084 4068 1191 4154 inique
1219 4077 1344 4152 egerat.

296 4157 393 4224 Conf.
424 4162 587 4228 Drumann
621 4179 646 4230 t.
680 4172 710 4232 1.
744 4194 778 4253 p.
810 4174 870 4238 397
906 4197 980 4260 sqq.
1016 4171 1184 4236 Weiohert
1218 4170 1267 4234 De
1297 4169 1344 4232 L.

294 4260 401 4325 Vario
425 4285 458 4344 p.
484 4267 557 4332 128.
581 4270 711 4334 Vossius
735 4277 775 4338 ad
796 4276 896 4361 Virg.
924 4276 1043 4360 Eelog.
1071 4277 1102 4352 6,
1130 4275 1182 4341 61.
1212 4271 1347 4336 Viilltet·

295 4357 347 4422 De
372 4359 517 4427 Cornelii
542 4369 628 4433 Galli
654 4371 719 4436 vita
741 4398 776 4457 p.
808 4378 857 4447 22.
