2992 4844
297 362 356 425 tal

361 525 573 586 'eloquentissimo
600 523 629 568 I..
650 522 743 567 Crasso
768 538 844 580 saepe
865 522 978 570 aedilem
998 530 1048 575 sel,
1070 539 1126 568 carn
1146 540 1170 568 se
1189 527 1284 570 nullius
1304 527 1346 568 rei

273 605 277 612 ¹
368 621 418 657 lam
434 613 562 671 poenitere
582 610 690 658 diceret.
717 625 790 669 quam
809 609 875 669 quod
892 605 918 653 C.
939 607 1074 654 Carbonem
1095 625 1210 670 umquam
1230 613 1256 656 in
1275 613 1343 660 ludt-

365 702 430 746 cium
448 699 597 743 vocavisset.
619 699 689 741 Cant.
713 701 767 741 Val.
791 698 857 744 Max.
879 695 903 748 b,
925 699 948 748 5,
972 697 995 742 6.

361 837 433 904 Cic.
464 839 502 898 de
533 837 627 900 Orat.
663 837 696 914 2,
731 837 790 910 40,
822 837 891 899 170.
943 838 1003 898 Ex
1037 838 1277 900 consentaneis
1310 851 1344 900 et

295 939 599 1024 praecurrentibus
621 950 654 999 et
681 937 955 1020 repugnantibus
980 951 1189 1020 argumenta
1211 940 1343 1000 ducun-

239 1075 276 1094 ν
294 1055 370 1117 tur,
400 1054 438 1104 ut
469 1042 551 1104 olim
577 1043 726 1105 Crassus
747 1039 961 1102 adolescens:
991 1042 1071 1103 Non
1103 1040 1134 1102 si
1149 1039 1345 1122 'Opimium

296 1143 506 1234 defendisti,
525 1143 656 1215 Carbo,
685 1141 815 1206 illeirco
835 1154 867 1203 te
895 1141 953 1203 isti
975 1143 1101 1203 bonum
1120 1143 1226 1204 ciuem
1239 1156 1344 1224 puta·

296 1248 389 1310 bunt.
439 1245 626 1308 Simulasse
651 1256 742 1319 teet
768 1243 902 1326 aliquid
924 1245 1099 1326 qzeaesisse
1118 1245 1344 1326 perspicuum

296 1360 369 1420 est,
393 1347 486 1430 quod
508 1347 564 1410 Ti.
589 1345 736 1408 Gracchi
758 1357 903 1406 mortem
933 1367 1032 1426 saepe
1059 1345 1095 1407 in
1122 1347 1344 1409 concionibus

296 1448 494 1532 deplorasti,
511 1447 604 1530 quod
621 1451 660 1510 P.
682 1443 850 1536 Africani
870 1448 961 1508 necis
978 1446 1232 1534 sociusfuisti,
1250 1451 1346 1532 quod

296 1573 373 1614 eam
396 1553 507 1632 legent
528 1551 563 1610 in
587 1548 767 1610 tribunatu
790 1548 912 1623 tulisti,
934 1549 1027 1632 quod
1048 1571 1183 1632 semper
1203 1553 1344 1615 abonis

297 1652 483 1714 dissedisti.

331 1829 386 1858 eam
403 1812 495 1874 legem]
532 1811 571 1856 Eu
589 1815 633 1858 lex
657 1828 705 1858 non
730 1819 767 1858 est
789 1815 851 1858 talis
873 1827 896 1859 s.
922 1821 973 1858 tam
995 1816 1142 1874 perniciosa
1171 1817 1337 1874 reipublicae,

366 1900 411 1946 sed
427 1901 542 1946 omnibus
564 1909 622 1946 nolu
646 1903 701 1946 illu.
739 1903 844 1946 Ellendt.
883 1904 1026 1961 intelligitur
1046 1905 1109 1948 enirn
1135 1906 1174 1948 lex
1193 1905 1289 1958 Papiria
1311 1909 1341 1950 de

367 1990 468 2032 tribunis
488 1991 520 2044 pl.
541 1988 687 2033 reficiendis.
708 1991 763 2033 vid.
784 1983 907 2034 Carbonls
927 1989 1028 2035 Oratio.
1056 2005 1079 2046 p.
1103 1989 1162 2034 tlt.

533 2249 562 2304 2.
603 2247 702 2304 Oratio
721 2249 758 2304 de
778 2249 890 2304 colonia
910 2249 1100 2307 Narbonensi.

359 2400 407 2460 Ea
433 2397 538 2460 habita
568 2409 615 2464 est
643 2419 672 2460 a.
704 2397 764 2460 636
795 2400 895 2477 (118).
946 2398 1026 2464 Curn
1050 2401 1104 2464 lex
1125 2401 1285 2479 ferretur,
1309 2415 1343 2462 nt

295 2522 378 2564 nova
393 2499 520 2564 colonia
539 2498 571 2562 in
596 2499 731 2562 Galliam
753 2503 972 2576 deduceretur,
995 2515 1119 2564 senatus
1137 2525 1204 2565 earn
1222 2503 1342 2566 dissua-

294 2601 350 2676 sit,
379 2623 417 2663 ne
444 2601 601 2664 aerarium
631 2602 788 2664 reditibus
815 2626 856 2665 ex
879 2625 960 2686 agro
989 2604 1119 2684 publico
1145 2605 1341 2688 privaretur,

298 2715 330 2764 ut
352 2703 483 2776 Ellendt
500 2703 611 2766 scribit
629 2706 667 2765 ad
688 2703 762 2768 Cic.
787 2708 825 2766 de
848 2706 942 2768 Orat.
967 2708 996 2780 2,
1016 2709 1069 2782 55,
1089 2708 1161 2770 923.
1206 2708 1343 2772 Crassus

294 2816 396 2864 autem
423 2805 526 2888 legem
551 2805 738 2886 popularem
766 2805 880 2880 suasit,
913 2821 946 2870 ut
968 2830 1049 2890 agro
1076 2809 1238 2892 assignato
1260 2832 1340 2890 pau-

294 2905 410 2986 pertati
440 2906 557 2968 civium
588 2906 828 2981 subveniretur,
863 2921 1039 2994 contraque
1069 2925 1207 2974 senatum
1243 2913 1341 2974 multa

294 3018 325 3068 et
346 3009 460 3069 acerba
485 3007 578 3069 dixit.
624 3006 726 3072 Cons.
755 3010 908 3092 Madwig
929 3013 1051 3092 Opusc.
1074 3035 1107 3093 p.
1135 3015 1208 3076 290.
1256 3013 1339 3076 Cum

295 3129 374 3170 vero
396 3122 505 3190 postea
533 3109 710 3173 orationem
738 3111 913 3186 habuisset,
946 3113 977 3176 in
1008 3137 1070 3198 qua
1097 3116 1225 3178 suminis
1248 3138 1340 3178 sena-

293 3200 357 3269 tum
381 3223 553 3271 ornaverat
574 3211 731 3288 laudibus,
754 3212 786 3275 id
811 3216 913 3277 Bruto
941 3216 1117 3280 veteratori
1135 3216 1339 3281 occasionem

294 3311 379 3372 dedit
395 3311 496 3392 ipsum
519 3313 757 3396 perstringendi
778 3327 808 3377 et
834 3317 1026 3393 lacessendi,
1053 3330 1085 3380 ut
1101 3319 1157 3403 qui
1171 3341 1255 3381 nune
1275 3341 1339 3400 pro

229 3487 231 3491 ,
293 3423 424 3489 senatu,
448 3435 531 3476 nunc
558 3427 669 3479 contra
698 3438 767 3477 euin
794 3431 905 3481 staret.

355 3534 499 3596 Velleius
524 3538 557 3610 1,
588 3538 638 3597 15.
685 3539 806 3600 Narbo
836 3541 994 3604 Martius
1016 3541 1051 3603 in
1074 3543 1190 3606 Gallia
1211 3544 1336 3606 Porcio

291 3637 496 3720 Marcioque
511 3657 600 3698 coss.
616 3639 737 3720 abhinc
759 3661 870 3704 annos
890 3643 1027 3705 circiter
1045 3649 1171 3710 CLIII.
1191 3647 1339 3708 deducta

291 3737 426 3800 colonia
446 3748 510 3798 est.

325 3916 417 3961 Porcio
435 3913 582 3978 Marcioque
601 3921 680 3980 cosa]
717 3937 741 3966 a.
762 3938 784 3966 u.
807 3919 854 3968 636
875 3923 958 3982 (118).

354 4061 474 4128 Cicero
504 4067 608 4130 Bruto
636 4068 689 4129 ts.
754 4073 872 4134 Voluit
896 4077 1044 4138 Crassus
1075 4076 1274 4140 adolescens
1301 4079 1336 4138 in

291 4165 426 4226 colonia
435 4167 656 4230 Narbonensi
668 4191 793 4234 causae
805 4176 985 4256 popularis
1000 4177 1134 4259 aliquid
1148 4180 1333 4262 attingere,

289 4269 631 4346 eamquecoloniam,
656 4273 815 4361 sutfecit,
842 4278 914 4358 ipse
944 4278 1122 4342 deducere.
1169 4285 1282 4344 Extat
1298 4283 1334 4344 in
