2970 4836
253 347 293 408 llll

245 502 344 579 fides
367 503 567 566 maiorum?
589 503 780 586 Insignitas
800 503 961 578 iniurias,
979 506 1117 586 plagas,
1142 507 1296 577 verbera,

254 604 397 678 vibices,
428 627 487 668 eos
518 606 654 669 dolores
679 619 780 688 atque
806 605 1035 682 carnificinas
1060 629 1123 688 per
1152 608 1299 670 dedecus

253 719 354 790 atque
376 708 567 770 maximam
587 710 840 783 contumeliam,
864 708 1134 790 inspectantibus
1151 715 1297 791 popula-

253 809 350 871 ribus
372 810 445 871 suis
469 822 572 892 atque
591 811 708 872 multis
731 812 945 884 mortalibus,
972 823 1004 872 te
1019 809 1151 900 facere
1173 835 1298 874 ausum

253 916 350 972 esse!
392 912 460 974 Sed
485 924 653 994 quantum
684 916 814 974 luctum
846 925 1079 997 quantumque
1108 915 1295 995 gemitum,

253 1013 336 1096 quid
361 1016 597 1075 lacrumarum
625 1027 855 1097 quantumque
873 1015 1035 1108 fletuum
1055 1013 1204 1105 factum
1236 1037 1299 1079 au-

254 1115 346 1176 divit
371 1116 468 1178 Servi
490 1116 638 1178 iniurias
663 1117 766 1180 nimis
789 1139 893 1199 aegre
904 1115 1051 1206 serunt.
1091 1119 1184 1198 Quid
1205 1119 1294 1191 illos,

254 1217 342 1279 bono
364 1238 490 1299 genere
520 1230 665 1299 gnatos,
695 1241 823 1301 magna
849 1220 974 1281 virtute
995 1220 1194 1300 praeditos,
1222 1222 1296 1302 opi·

254 1319 387 1382 numini
407 1319 517 1382 animi
538 1321 697 1384 habuisse
718 1335 821 1405 atque
843 1323 1034 1396 habituros,
1058 1323 1139 1384 dum
1159 1322 1297 1385 uiuent?

286 1462 366 1524 ‹tia-n]
398 1465 428 1520 Q.
449 1466 577 1514 'thermus

288 1607 304 1634 a
324 1589 482 1648 decemuiris]
510 1593 555 1648 Qui
581 1591 696 1649 Ligurum
719 1597 787 1635 erent
809 1593 970 1648 magistratus.

288 1715 398 1774 cibaria]
424 1721 537 1774 Annona,
556 1729 627 1772 quem
646 1716 803 1769 provinciales
817 1717 997 1774 inegistrutibus
1012 1719 1187 1770 provinciarum
1201 1732 1229 1762 ex
1244 1723 1295 1777 tege

323 1806 380 1847 dere
403 1803 528 1847 debebunt.
562 1804 649 1847 Cicero
668 1805 696 1845 sd
715 1804 817 1846 Atticum
838 1801 861 1856 b,
881 1800 905 1862 3,
926 1798 950 1850 6.
980 1801 1085 1858 Gavius,
1100 1819 1156 1848 cnm
1172 1805 1296 1862 Apameae

323 1905 362 1934 ms
382 1905 461 1948 nuper
480 1889 584 1934 uidisset
604 1889 707 1934 Rolnam
724 1888 909 1950 proficiscens,
933 1905 971 1933 me
994 1893 1030 1934 ita
1052 1893 1209 1948 appellavit:
1232 1893 1296 1938 unde

324 1993 362 2022 ms
387 1979 456 2022 iubes
481 1985 565 2036 petere
595 1978 727 2021 cibaria
750 1973 941 2035 praefecti?
971 1979 1092 2035 respondi
1117 1981 1198 2023 lenius
1223 1995 1297 2039 quam

320 2067 443 2124 putabunt
460 2067 616 2126 oportuisse,
635 2068 678 2125 qui
696 2065 817 2118 aderant,
840 2079 878 2108 me
898 2078 946 2109 non
965 2067 1107 2109 instituisse
1126 2068 1159 2111 iis
1179 2068 1241 2111 durs
1261 2070 1296 2112 ei·

325 2155 407 2210 baria,
433 2169 537 2214 quorum
556 2168 633 2211 opera
654 2168 703 2197 non
730 2167 811 2197 essem
841 2166 913 2196 usus.
955 2152 1022 2197 Abiit
1045 2155 1139 2199 iratus.
1183 2157 1295 2210 Deputst·

321 2247 427 2302 getreide
452 2245 623 2296 interpretatur
645 2243 738 2285 Freund
761 2243 783 2284 in
802 2241 901 2285 Lexico.

287 2367 427 2427 Bruttiani]
457 2369 576 2414 Lictores.
614 2369 663 2412 Cur
683 2368 707 2412 id
730 2368 852 2410 hominum
874 2379 949 2423 genus
969 2367 1087 2410 Bruttiani
1108 2369 1293 2427 appellarentur,

323 2458 435 2512 explicuit
457 2456 550 2500 Gellius
567 2457 650 2499 eodem
674 2453 738 2500 loco.
770 2453 841 2496 Cani.
861 2454 980 2497 Kreutzer
1000 2454 1199 2512 Rambntiquit.
1214 2454 1236 2513 §.
1252 2452 1294 2503 39.

287 2595 329 2626 eos
344 2579 455 2639 dolores]
486 2583 546 2624 Vide
565 2581 628 2624 inlrs
649 2578 719 2622 Nouii
743 2576 830 2626 locum,

288 2713 452 2764 quantumque
473 2703 604 2764 gemitum]
636 2710 659 2748 et
680 2709 799 2762 quantum
820 2703 924 2758 luctum,
946 2709 1064 2761 quantum
1083 2704 1213 2762 gemitum,
1236 2704 1296 2761 quid

324 2793 499 2846 lacrimarum,
523 2797 641 2850 quantum
659 2790 756 2852 fletum.
791 2791 852 2834 Col.
876 2804 928 2847 reg.
952 2795 1012 2834 teste
1034 2789 1171 2838 Duebnero.

287 2923 453 2976 ostentumque
465 2913 584 2978 fletuum]
618 2915 705 2968 Recepi
728 2929 756 2958 ex
776 2918 832 2960 edit.
856 2915 995 2959 Cervices-ni
1016 2927 1039 2957 e.
1060 2911 1133 2959 1526.
1160 2920 1294 2971 quantum-

321 3020 367 3064 que
384 3004 473 3066 fletum
495 3005 576 3062 vulgo.

315 3124 440 3186 Nouius
466 3145 500 3204 p.
526 3123 599 3184 187.
637 3122 782 3187 Vibices.
819 3121 992 3204 Plagarum
1020 3121 1164 3183 vulnera.
1208 3125 1294 3185 Cato

253 3229 294 3290 de
303 3225 422 3317 salsis
443 3225 590 3308 pugnis:
617 3226 679 3287 Ubi
702 3225 876 3286 societas?
899 3225 957 3286 ubi
971 3223 1070 3300 fides
1094 3225 1294 3286 maiorum?

252 3330 438 3412 insignitas
464 3327 625 3402 iniurias,
651 3332 787 3408 plagas,
816 3328 968 3400 verbera,
1000 3328 1135 3400 vibices,
1161 3327 1211 3388 eis
1233 3327 1294 3388 do·

252 3434 344 3494 iores
363 3443 465 3514 atque
486 3429 712 3506 carnificinas
730 3452 795 3510 per
814 3429 961 3491 dedecus
980 3441 1081 3512 atque
1102 3428 1293 3489 maximam

252 3533 493 3597 contumetiam
518 3533 798 3614 inspectantibus.

288 3680 331 3724 ubi
350 3675 489 3736 societasl]
521 3679 611 3724 Nauius
637 3693 665 3724 ex
686 3676 765 3722 Gellio
790 3677 851 3720 huuc
874 3677 950 3720 locum
973 3677 995 3718 in
1016 3675 1104 3718 librum
1127 3685 1195 3714 suum
1216 3677 1292 3715 truns-

323 3768 384 3811 tulit.

285 3895 323 3938 eis
343 3893 454 3953 dotores]
484 3907 526 3938 eos
544 3893 644 3938 dolores
664 3891 765 3942 Gellius,
789 3889 835 3941 cis,
854 3884 954 3930 dolores
972 3886 1096 3938 Perottus,
1118 3899 1217 3942 enitique
1236 3900 1291 3929 eon-

321 3985 437 4027 ieetursm
458 3996 538 4028 veram
561 3995 613 4026 esse
635 3980 692 4024 dicit
713 3978 839 4020 Mercerus
863 3988 886 4028 p.
914 3970 973 4017 7⁰⁰.
1008 3971 1052 4016 Vis
1074 3975 1092 4019 i.
1114 3987 1136 4017 e.
1157 3975 1221 4018 vires
1242 3975 1291 4028 ptu-

320 4073 403 4115 reliter
429 4076 451 4114 et
475 4068 591 4112 Salustius
616 4073 639 4111 et
666 4069 706 4110 alii
734 4078 827 4121 quoque
849 4063 939 4108 disere.
972 4059 1003 4106 V.
1027 4063 1122 4106 Frsund
1146 4063 1168 4104 in
1191 4062 1289 4106 Lexico.

320 4159 391 4202 Vires
411 4161 427 4202 i.
449 4173 470 4201 e.
494 4157 606 4200 violentia
627 4155 703 4198 ornnis
726 4167 831 4211 generis.
