2970 4836
415 871 617 935 Praelatio
639 869 817 932 editionis
839 869 1052 930 secundae.

288 1061 380 1140 Cum
407 1073 490 1138 aute
516 1064 584 1140 hos
613 1063 742 1138 deeem
769 1065 883 1136 annos
912 1059 1103 1136 Oratorum
1136 1082 1257 1134 roma-

194 1208 337 1281 norum
351 1183 550 1257 edidissem
561 1184 774 1279 fragmenta,
790 1189 922 1254 tautum
941 1180 1117 1272 abfuit,'ut
1133 1178 1260 1252 librum

214 1325 329 1376 meum
354 1300 556 1374 absolutum
580 1322 666 1372 esse
686 1302 866 1398 opinarer,
892 1307 931 1372 ut
957 1298 1151 1394 aliquande
1169 1321 1258 1396 spe-

215 1443 332 1493 rarem
360 1428 397 1493 et
423 1441 603 1493 numerum
632 1441 756 1492 eorum
781 1415 1051 1518 multiplicatum
1069 1439 1260 1516 argumen-

211 1548 321 1636 taque
348 1563 547 1630 causarum,
575 1561 718 1636 quarum
746 1538 941 1638 plerasque
967 1536 1086 1612 adhue
1111 1540 1260 1636 ignora-

215 1660 307 1747 bam,
334 1661 491 1759 repetita
517 1682 604 1733 eura
636 1681 706 1734 nee
732 1660 946 1732 intermissis
977 1657 1108 1732 studiis
1135 1657 1259 1757 expli-

207 1788 330 1854 eatum
355 1781 411 1850 iri.
449 1777 517 1855 Sic
535 1778 668 1856 fautum
686 1787 755 1871 est,
776 1787 815 1852 ut
832 1777 914 1853 aliis
933 1781 1095 1876 quamvis
1114 1777 1261 1852 deditus

189 1898 341 1972 ⁴studiis
368 1892 453 1972 huie
479 1901 702 1998 potissimum
728 1902 782 1974 rei
810 1921 957 1998 operam
978 1898 1110 1976 sedulo
1139 1898 1262 1974 darem

212 2028 250 2092 et
275 2018 438 2116 quotidie
462 2019 541 2096 iere
560 2019 695 2116 aliquid
721 2018 952 2094 addiscerem
970 2017 1151 2116 multaque
1169 2042 1261 2116 quae

213 2147 324 2212 antea
349 2142 578 2237 scripseram,
608 2138 837 2214 emendarem
854 2137 1106 2212 veldelerem.
1137 2138 1263 2236 ltaque

211 2283 294 2334 eum
322 2259 437 2332 editio
464 2258 627 2334 secunda
653 2259 813 2358 paranda
839 2259 923 2332 mihi
951 2267 1064 2350 esset,
1084 2257 1122 2332 id
1146 2262 1263 2357 potis·

122 2467 124 2472 ,
209 2382 338 2452 simum
366 2380 511 2468 curavi,
538 2386 578 2451 ut
605 2387 802 2468 oraturum,
839 2401 930 2474 quos
959 2381 1143 2451 orationes
1170 2378 1260 2451 reli-

212 2499 339 2594 quisse
367 2503 531 2586 eenstat,
566 2505 762 2591 augeretur
797 2517 985 2582 uumerus,
1020 2518 1099 2568 eum
1132 2495 1263 2570 multus

211 2614 485 2689 intellexissem
518 2615 820 2714 praetermissus3
864 2611 1000 2686 deiude
1042 2621 1080 2685 ut
1123 2623 1263 2688 aetates

212 2752 335 2810 eorum
362 2733 476 2833 prebe
505 2734 825 2830 distinguerentur,
852 2742 890 2806 et
908 2735 1138 2831 magistratus
1157 2742 1264 2831 atque

211 2855 384 2958 honores,
412 2878 503 2951 quos
530 2853 666 2950 singuli
694 2853 932 2945 obtinuerant,
957 2863 1128 2930 accurate
1147 2879 1261 2930 anuu-

212 2999 289 3048 rum
318 2973 447 3046 urdine
475 2980 749 3064 enarrarentur,
786 2964 999 3073 praesertim
1025 2999 1103 3050 eum
1132 2976 1263 3052 multae

215 3117 363 3184 causae,
391 3117 479 3190 quas
507 3092 571 3167 vel
597 3095 633 3164 in
660 3101 788 3168 senatu
815 3092 881 3168 vel
906 3095 943 3166 in
972 3094 1054 3169 fore
1081 3073 1142 3168 aut
1168 3096 1263 3196 apud

215 3213 386 3314 populum
405 3212 575 3310 agebant,
596 3213 683 3287 iude
700 3213 817 3289 lucem
836 3215 1057 3315 acciperent.
1090 3213 1263 3290 Ceterum

216 3332 418 3434 explorare
446 3333 605 3408 conabar
629 3337 815 3433 (quantum
834 3334 977 3431 quidem
994 3336 1072 3408 fieri
1091 3343 1263 3435 poterat),

211 3477 284 3550 que
312 3450 447 3550 singuli
475 3460 643 3526 oratore·
671 3479 766 3528 anuo
785 3454 919 3528 fuerint
935 3458 1019 3529 nati.
1038 3479 1108 3530 nee
1131 3457 1264 3532 frustra

215 3577 401 3675 (opiner),
418 3599 497 3650 eum
514 3576 740 3649 verissimam
758 3573 822 3648 lex
844 3573 981 3647 annalis
999 3576 1136 3651 indicet
1157 3582 1262 3652 viam.
1305 3635 1307 3645 ,

217 3717 264 3768 ea
290 3698 383 3769 euim
411 3694 499 3794 lege
533 3697 763 3772 coustitutum
803 3702 861 3767 est
870 3721 888 3786 ,·
921 3702 1007 3792 quot
1039 3721 1153 3770 annes
1190 3701 1263 3771 nati

213 3837 390 3912 quemque
417 3817 661 3912 magistratum
687 3822 855 3914 peterent
875 3826 1130 3916 eaperentque.
1149 3817 1261 3891 ldeo·

213 3957 284 4032 que
329 3936 482 4008 omnium
522 3935 603 4008 fere
638 3935 900 4027 Rumanorum,
939 3959 1030 4032 ques
1070 3937 1262 4032 aliquando
1359 3979 1363 3986 ·

212 4055 462 4150 magistratum
489 4057 657 4150 gessisse
684 4057 719 4126 in
757 4053 943 4128 annalibus
975 4055 1154 4156 proditum
1192 4070 1261 4149 est,

213 4197 328 4247 annus
356 4170 486 4245 natalis
514 4173 655 4246 definiri
682 4181 825 4274 petest:
853 4195 967 4271 eaque
985 4175 1050 4248 lex
1069 4176 1131 4251 diu
1149 4177 1263 4254 valuit

216 4311 285 4363 nee
322 4297 406 4361 ante
444 4285 541 4361 bella
574 4289 699 4365 civilia
725 4290 900 4369 Caesaris
935 4302 1041 4391 atque
1069 4295 1261 4372 Octaviani
