2976 4844
236 356 306 433 122

281 520 310 583 Q.
334 520 435 568 Fulvius
453 521 581 582 Nobilior]
618 525 654 574 Μ.
673 525 765 578 Fulvii,
785 524 902 570 adsersus
921 539 992 584 quem
1014 529 1072 572 cluss
1091 529 1216 573 orationes
1235 528 1296 574 Calc

316 613 384 664 dixit,
409 618 433 657 ut
457 625 529 667 supra
552 613 669 668 vidimus,
695 610 768 665 filius,
791 626 861 669 quem
884 629 931 659 non
953 616 1097 660 indisertum
1121 617 1196 662 fuisse
1222 622 1294 662 testa·

317 705 354 744 tur
375 701 461 744 Cicero
486 701 509 744 in
532 701 607 744 Bruto
630 715 651 748 c.
677 695 718 759 20,
740 697 781 745 79.

311 817 432 884 Cicero
454 821 559 884 Bruto
580 841 609 882 c.
632 819 685 896 20,
703 820 755 882 80.
801 823 888 886 Cato
907 842 1019 885 annos
1045 826 1216 890 LXXXV
1234 845 1295 888 na·

247 935 303 986 tus
328 923 478 986 excessit
503 946 521 986 e
545 923 629 997 vita,
657 943 735 986 cum
761 923 899 1007 quidem
926 945 967 988 eo
992 925 1069 1008 ipso
1097 947 1189 990 anno
1215 948 1295 990 con·

245 1038 303 1093 tra
336 1029 412 1090 Ser.
445 1026 591 1090 Galbam
624 1026 672 1088 ad
704 1029 873 1108 populum
905 1049 1042 1092 summa
1079 1029 1295 1092 contentione

245 1128 416 1204 dixisset,
447 1150 552 1212 quam
580 1129 685 1208 etiam
719 1128 913 1192 orationem
942 1131 1111 1212 scriptam
1140 1132 1293 1216 reliquit.

309 1230 439 1294 Ibidem¹
456 1254 486 1294 c.
511 1232 564 1294 23.
609 1231 790 1296 Lusitanis
821 1252 844 1294 a
873 1237 949 1298 Ser.
987 1234 1098 1298 Galba
1130 1247 1294 1316 praetore

246 1346 369 1398 contra
394 1334 648 1416 interpositam,
672 1346 710 1398 ut
738 1335 1019 1411 existimabatur,
1044 1336 1161 1414 fidem
1184 1337 1291 1404 inter-

233 1437 370 1530 fectis,
406 1443 448 1501 L.
473 1437 602 1502 Libone
632 1437 772 1502 tribuno
800 1440 907 1520 plebis
932 1443 1102 1520 populum
1129 1441 1294 1504 incitante

245 1553 278 1604 et
300 1541 519 1626 rogationem
545 1541 580 1604 in
601 1542 746 1606 Galbam
773 1542 951 1626 privilegii
973 1543 1121 1606 similem
1139 1541 1291 1631 ferente,

244 1665 382 1708 summa
414 1655 585 1708 senectute
617 1646 674 1708 Μ.
701 1647 787 1707 Cato
821 1647 932 1727 legem
962 1646 1114 1708 suadens
1145 1647 1180 1709 in
1211 1650 1293 1710 Gal·

246 1749 325 1811 bam
360 1749 470 1810 multa
500 1745 609 1820 dixit,
651 1767 773 1830 quam
796 1748 1041 1812 orationem
1069 1748 1113 1812 in
1142 1750 1293 1832 Origi-

245 1871 320 1912 nes
344 1871 444 1913 suas
473 1849 650 1924 retulit,
684 1850 808 1932 paucis
837 1862 1024 1934 antequam
1058 1863 1217 1914 mortuus
1242 1863 1294 1916 est

245 1954 364 2017 diebus
395 1973 441 2014 an
478 1952 664 2016 mensibus.
724 1957 817 2018 Tum
855 1953 967 2036 igitur
1006 1954 1093 2018 nihil
1128 1975 1294 2018 recusans

245 2059 357 2122 Galba
381 2078 450 2139 pro
477 2078 551 2118 sese
578 2068 611 2119 et
637 2057 760 2140 populi
795 2056 932 2120 romani
957 2056 1075 2133 sidem
1103 2057 1293 2139 implorans

245 2183 324 2226 cum
353 2181 436 2224 suos
458 2181 601 2243 pueros,
632 2171 707 2222 tum
733 2163 772 2226 C.
797 2160 890 2223 Galli
917 2160 1025 2230 etiam
1043 2159 1167 2236 ,tilium
1188 2160 1293 2252 flens

244 2263 517 2338 commendabat,
547 2261 646 2326 cuius
675 2263 807 2326 orbitas
838 2273 872 2325 et
886 2261 1007 2352 fletus
1036 2262 1122 2324 mire
1151 2264 1293 2326 misera·

244 2366 323 2430 bilis
354 2363 440 2456 fuit
472 2377 619 2448 propter
659 2377 829 2428 recentem
865 2365 1069 2429 memoriam
1106 2365 1293 2428 clarissimi

244 2468 380 2554 patris,
412 2469 572 2553 isquese
598 2480 672 2533 tum
698 2468 827 2551 eripuit
839 2468 1011 2561 flamma,
1036 2481 1182 2551 propter
1208 2490 1293 2550 pue·

245 2594 302 2638 ros
325 2573 449 2658 populi
477 2557 718 2636 misericordie}
743 2584 926 2647 commota,
951 2571 1041 2634 sicut
1067 2572 1158 2636 idem
1183 2572 1292 2654 scrip-

243 2684 319 2737 tum
345 2673 485 2757 reliquit
511 2675 610 2738 Gato.

308 2774 407 2840 Cani.
427 2786 595 2857 praeterea
614 2773 688 2840 Cic.
711 2778 749 2839 dc
768 2777 861 2840 Orat.
884 2778 912 2851 1,
932 2775 985 2838 53.
1012 2811 1053 2823 -
1076 2778 1216 2840 Murena
1240 2777 1291 2856 28,

243 2878 299 2944 59.
344 2878 480 2942 Sueten.
505 2878 609 2942 Galba
633 2879 666 2942 3.
713 2877 819 2944 Corn.
843 2878 955 2961 Nepos
974 2876 1103 2943 catone
1120 2877 1153 2942 3.
1199 2880 1288 2944 Plus.

244 2979 319 3048 Cat.
344 2979 419 3045 mai.
446 2981 499 3047 15.

306 3085 432 3148 Fronto
461 3107 497 3167 p.
529 3084 582 3148 85.
611 3087 664 3148 ed.
691 3087 791 3150 Rom.
836 3071 982 3149 Galbam
1009 3097 1101 3148 certe
1126 3083 1174 3148 ad
1205 3087 1291 3150 Gen·

244 3189 424 3254 tunicellas
449 3188 636 3270 produces.
680 3191 766 3253 Cato
795 3187 880 3271 quid
907 3187 1000 3251 dicat
1026 3188 1068 3251 de
1097 3189 1207 3253 Galba
1231 3188 1290 3250 ab·

242 3295 378 3366 soluto,¹
401 3301 440 3354 tu
469 3291 591 3353 melius
624 3290 710 3367 scis,
742 3311 808 3374 ego
838 3290 979 3354 memini
1014 3303 1159 3376 propter
1185 3290 1291 3370 filios

242 3415 321 3458 eum
349 3393 558 3456 absolutum.
604 3387 642 3457 τὸ
674 3393 709 3458 δὲ
740 3387 876 3480 ἀκριβὲς
909 3394 981 3477 ipse
1015 3395 1167 3477 inspice.
1204 3399 1291 3460 Cato

241 3495 353 3580 igitur
379 3496 579 3569 dissuadet,
609 3515 690 3558 neve
718 3516 802 3558 suos
831 3518 912 3560 neve
941 3497 1074 3562 alienos
1103 3497 1181 3579 quis
1206 3496 1288 3557 libe-

242 3619 303 3664 ros
330 3599 379 3662 ad
408 3598 682 3664 misericordiam
709 3599 961 3664 conciliandam
989 3599 1174 3681 producat,
1209 3617 1289 3660 neve

242 3723 375 3768 necares
405 3723 486 3765 neve
521 3700 660 3779 adfines
689 3705 741 3766 vel
770 3689 866 3766 ullas¹
891 3700 1032 3764 omnino
1051 3695 1230 3788 feminas.

248 3865 251 3872 .
276 3825 396 3886 Galbam]
432 3830 449 3874 i.
475 3843 497 3874 e.
519 3827 611 3874 Gelbes
629 3830 762 3877 crationes.
800 3829 890 3874 Maius.

278 3935 313 3982 ad
331 3933 526 3994 Centumcellas]
562 3935 682 3992 Oppidum
702 3934 826 3987 Etrurine,
850 3933 890 3978 ubi
910 3931 1028 3976 Traianus
1054 3933 1187 3986 imperator
1208 3935 1289 3978 sillem
1339 4001 1347 4006 ,

311 4029 473 4072 exstruxerat.
511 4023 584 4069 Gcnf.
604 4023 718 4068 Mennert
739 4021 809 4067 ltalia
828 4026 848 4065 t.
862 4019 887 4064 1.
909 4033 933 4078 p.
946 4015 1006 4066 373.

305 4133 456 4198 vnaius
478 4114 580 4196 Max,
594 4131 697 4207 vin,
724 4131 753 4206 r,
780 4133 809 4193 1.
854 4134 942 4196 caeo
970 4131 1006 4192 n
1030 4131 1108 4214 ipso
1132 4131 1288 4194 cmnn-
1343 4189 1346 4194 ,

244 4257 296 4299 me
315 4248 412 4299 actae
432 4235 521 4298 vitae
533 4233 614 4312 fine
632 4233 854 4297 disertissimi
869 4234 1022 4298 oratoris
1039 4235 1170 4300 Galbae
1188 4255 1288 4294 accu-

243 4338 371 4401 sationi
404 4335 644 4426 defensionem
672 4357 773 4400 suam
798 4359 866 4422 pro
890 4336 1063 4420 Hispania
1092 4334 1266 4420 opposuit.

1475 2455 1481 2492 1
