2992 4840
279 341 341 402 illl

344 497 462 562 Livius
488 497 577 578 Epit.
604 498 661 560 lib.
685 498 737 558 bt.
785 498 821 560 0.
840 497 1015 558 Gracchus
1039 497 1331 564 seditiosotribu·

281 614 367 664 natu
388 613 483 676 acto,
512 623 591 664 cum
616 598 822 664 Aventinum
848 619 981 682 ortoque
1011 611 1150 662 armata
1177 602 1332 666 multitu·

281 705 359 766 dine
392 715 615 785 occupasset,
650 725 673 764 a
701 705 742 766 L.
771 701 910 784 Opimio
938 703 1075 764 consule
1106 725 1153 764 ex
1187 717 1332 768 senatus

280 809 436 870 consulto
467 818 586 870 vocato
614 807 661 868 ad
694 827 795 868 arma
822 806 952 886 populo
982 807 1105 885 pulsus
1135 817 1169 867 et
1199 807 1332 870 occisus

281 921 329 972 est
350 921 383 971 et
402 931 535 972 crimea
550 909 688 972 Fulvius
709 911 850 971 Flaccus
872 907 1085 982 consularis,
1109 907 1225 972 socius
1240 909 1333 972 eius·

282 1013 359 1076 dem
370 1009 533 1101 furoris.
560 1047 598 1058 —
621 1041 661 1054 -
694 1013 737 1074 L.
757 1009 915 1091 Opimius
942 1021 1126 1072 accusatus
1152 1010 1247 1091 apud
1264 1033 1332 1093 po-

279 1117 400 1196 pulum
415 1134 437 1175 a
450 1117 494 1196 Q.
512 1113 619 1178 Decio
642 1113 782 1177 tribuno
800 1115 871 1193 pt,
896 1111 989 1195 quod
1011 1111 1227 1176 indemnatos
1243 1112 1332 1178 cives

282 1217 318 1277 in
341 1237 514 1277 carcerem
537 1215 755 1290 coniecisset,
781 1215 959 1277 absolutus
985 1225 1048 1278 cst.

346 1353 465 1418 Cicero
495 1357 532 1417 de
558 1355 700 1418 Oratore
729 1355 768 1427 2,
794 1353 846 1414 25.
892 1356 1000 1434 Saepe
1029 1366 1144 1414 autem
1182 1373 1333 1418 resnou

282 1458 328 1520 sit
347 1479 470 1532 necne,
495 1459 557 1519 sed
582 1458 693 1540 qualis
721 1457 784 1532 sit,
810 1456 1008 1539 quaeritur,
1036 1468 1073 1518 ut
1099 1479 1176 1519 cum
1201 1457 1332 1541 Opimii

282 1580 424 1622 causam
454 1558 664 1649 defendebat
692 1559 787 1642 apud
815 1562 984 1640 populum
1020 1559 1179 1622 audiente
1211 1581 1263 1624 me
1291 1565 1329 1625 O.

285 1662 397 1726 Carbo
435 1665 579 1734 consul,
615 1661 702 1722 nihil
734 1660 774 1721 de
813 1664 851 1725 G.
876 1662 1024 1724 Gracchi
1056 1682 1135 1724 nece
1166 1664 1331 1745 negabat,

284 1763 345 1825 sed
369 1763 406 1825 ist
430 1763 506 1826 iure
535 1785 603 1844 pro
627 1765 738 1824 salute
758 1762 895 1844 patriae
908 1759 1058 1851 sactum
1083 1785 1156 1827 esse
1179 1765 1331 1842 dicebat,

285 1875 323 1927 ut
339 1865 448 1928 eidem
465 1866 615 1929 Carboni
634 1866 773 1928 tribuno
794 1865 918 1947 plebis,
944 1865 1016 1927 alia
1038 1878 1111 1926 tum
1133 1879 1242 1930 mente
1258 1889 1331 1929 rem

282 1968 456 2048 publicam
484 1967 698 2050 capessenti,
732 1971 772 2030 P.
798 1966 994 2057 Africanus
1025 1968 1066 2031 de
1092 1969 1149 2032 Ti.
1177 1971 1333 2033 Graccho

285 2071 517 2152 interroganti
540 2070 783 2153 responderat,
809 2071 884 2133 iure
904 2065 1043 2133 caesum
1069 2072 1189 2135 videri.

257 2271 273 2284 „
351 2209 472 2273 Cicero
492 2212 530 2271 de
553 2211 646 2274 Orat.
672 2211 708 2286 2,
734 2211 787 2274 39.
826 2211 956 2274 Carbo:
979 2211 1018 2274 Si
1039 2214 1161 2274 consul
1181 2224 1252 2288 est,
1276 2213 1335 2296 qui

286 2313 434 2376 consulit
453 2311 605 2394 patriae,
630 2313 714 2396 quid
740 2311 838 2374 aliud
861 2310 949 2395 fecit
974 2313 1160 2394 Opimius?

253 2489 274 2508 ι
348 2451 471 2516 Ibidem
502 2453 540 2527 i,
577 2455 629 2514 to.
687 2452 725 2518 Si
754 2455 930 2516 Gracchus
964 2450 1123 2542 nefarie,
1154 2455 1335 2535 praeclare

288 2554 459 2639 Opimius.

417 2837 445 2891 b.
477 2836 576 2893 Oratio
595 2854 646 2908 pro
663 2855 695 2894 se
718 2842 818 2894 contra
838 2839 870 2893 l..
890 2838 1031 2894 Licinium
1050 2837 1197 2894 Crassum.

352 2985 391 3049 C.
424 2984 535 3049 Carbo
563 3009 590 3052 a.
616 2989 676 3050 635
717 2986 807 3070 (119)
840 2986 1010 3051 maiestatis
1043 2991 1208 3048 accusatur
1244 3006 1261 3045 a
1291 2985 1334 3048 L.

292 3085 418 3150 Licinio
449 3085 591 3165 Crasso,
623 3088 677 3174 qui
712 3103 776 3152 tum
807 3113 900 3152 unnim
932 3103 963 3153 et
998 3087 1186 3172 vigesimum
1223 3108 1336 3150 annum

286 3187 397 3250 aetatis
417 3193 545 3272 agebat.
591 3192 655 3254 Sed
685 3192 814 3268 nescio,
848 3192 1025 3256 orationem
1057 3188 1334 3253 habueritCarbo

290 3311 328 3351 an
354 3291 456 3353 statim
480 3315 551 3356 reus
575 3293 677 3355 laetus
706 3298 743 3356 de
770 3296 868 3357 salute
895 3317 950 3356 sua
978 3292 1197 3373 desperaverit
1223 3301 1255 3354 et
1280 3312 1337 3354 ve·

288 3413 371 3456 neno
397 3393 492 3458 vitem
508 3394 661 3458 finiverit.
709 3395 795 3458 Vide
818 3398 912 3464 Orat.
933 3395 1063 3461 Crassi.

352 3531 476 3608 Cicero
498 3535 601 3597 Bruto
625 3557 653 3597 c.
679 3536 731 3598 27.
777 3537 890 3600 Carbo
911 3547 1056 3618 propter
1076 3545 1281 3618 perpetuam
1302 3531 1339 3594 in

284 3636 450 3716 populari
488 3637 621 3700 ratione
655 3637 825 3701 levitatem
860 3651 969 3702 morte
1008 3633 1205 3700 voluntaria
1243 3655 1282 3696 se
1316 3653 1339 3694 a

287 3737 464 3799 severitate
490 3737 641 3800 iudicum
668 3740 865 3803 vindicavit.

353 3865 472 3930 Cicero
508 3870 547 3928 ad
574 3867 761 3931 Familiares
794 3869 830 3943 9,
857 3869 910 3931 tt.
964 3869 1070 3934 Caius
1098 3867 1212 3934 Carbo
1240 3885 1340 3928 accu-

289 3978 385 4030 sante
409 3972 451 4030 L.
477 3971 604 4032 Crasso
630 3971 853 4033 cantharidas
873 3971 1038 4034 sumsisse
1071 3969 1218 4034 dicitur:
1248 3968 1278 4030 is
1306 3977 1341 4030 et

289 4069 449 4130 tribunus
471 4072 521 4152 pl.
545 4070 729 4133 seditiosus
760 4084 793 4134 et
817 4075 855 4138 P.
884 4070 1061 4162 Africano
1090 4071 1157 4136 vim
1183 4069 1340 4136 attulisse

290 4170 512 4253 existimatus
535 4183 597 4234 est.
