2958 4840
1124 355 1184 418 5119

196 509 275 572 ibid.
289 533 329 571 r.
347 512 387 571 t.
432 514 516 572 Cum
539 510 580 571 de
601 509 780 591 prouiuria
802 509 922 572 Aelius
944 511 1103 578 redisset.
1127 525 1180 576 at·¹

138 635 202 695 que
224 613 416 676 orationem
436 611 715 694 pulcherrimam,
738 633 825 695 quae
846 612 1012 694 hodieque
1041 615 1179 695 legitur,

138 716 208 776 siue
227 737 291 798 per
312 738 348 776 se
371 716 439 776 siue
459 737 522 798 per
544 715 752 776 scriniorum
768 726 829 776 ant
845 713 979 776 dicendi
995 717 1182 797 magistros

134 829 305 898 parasset,
331 839 398 900 qna
420 819 502 882 Kal.
534 816 710 880 Ianuariis
740 816 898 879 Adriano
924 816 1020 898 patri
1047 820 1183 898 gratias

137 931 268 1000 ageret,
293 933 432 1000 arrepta
460 920 616 1000 potione,
647 940 715 1002 qna
744 939 780 979 ee
809 918 1035 982 existimaret.
1056 919 1181 994 iuuari,

133 1020 301 1084 Kalendis
324 1021 410 1102 ipsis
432 1021 608 1085 Ianuariis
630 1021 747 1101 periit.

169 1142 230 1189 Kal.
250 1144 390 1203 Ianuariis]
429 1159 448 1188 0.
471 1161 494 1189 0.
516 1143 561 1190 891
585 1143 670 1202 (1³8),

360 1263 484 1319 cxtvt.
511 1263 544 1320 T.
567 1265 666 1321 Aelius
687 1269 851 1323 Antoninus
871 1269 949 1324 Pius.

199 1370 300 1428 Natus
323 1387 351 1426 a.
372 1388 403 1427 0.
426 1366 486 1428 839
510 1363 586 1450 (85).
629 1369 717 1444 (tutti
736 1368 913 1450 Capitolini
936 1369 1000 1431 vita
1023 1369 1180 1433 Antonini

136 1467 185 1532 Pii
203 1491 233 1529 r.
255 1471 299 1544 t.)
347 1472 529 1546 Adoptatur
551 1471 590 1530 ab
615 1471 782 1533 Hadriano
805 1493 833 1540 a.
860 1473 916 1535 891
939 1471 1028 1554 (138)
1052 1475 1181 1534 eodem-

133 1593 195 1654 que
233 1591 315 1632 anno
352 1569 519 1650 imperium
554 1571 687 1653 aceepit.
743 1573 892 1634 Mortuus
920 1586 966 1635 est
995 1596 1025 1635 a.
1057 1595 1088 1635 0.
1121 1575 1182 1637 911

150 1678 234 1734 ibi.

134 1679 144 1746 (
199 1671 401 1856 (iapitolinue
428 1777 491 1838 vita
522 1777 676 1842 Antonini
712 1777 763 1840 Pii
797 1800 824 1847 0,
857 1778 886 1838 2.
917 1779 1014 1842 'Fuit
1045 1779 1185 1860 ingenio

134 1881 260 1950 (florus,
287 1881 440 1942 moribus
463 1883 618 1952 clemens,
644 1879 766 1942 nobilis
783 1884 889 1954 vultu,
907 1895 940 1942 et
960 1881 1184 1962 [11αοί1111010-

134 1981 248 2061 genio,
273 1981 466 2062 singularis
489 1983 712 2062 eloquentiae,
738 1983 866 2043 nitidae
890 1984 1119 2044 litteraturae.

200 2081 277 2144 ibid.
302 2105 330 2148 c.
356 2088 406 2142 tt.
452 2083 637 2144 Orationes
659 2083 813 2164 plerique
836 2084 967 2144 alienas
989 2107 1062 2145 esse
1086 2085 1185 2146 dixe·

135 2195 227 2256 runt,
253 2205 339 2266 quae.
361 2183 424 2243 sub
446 2183 520 2242 eius
543 2184 678 2244 nomine
689 2181 879 2270 feruntur,
906 2185 1182 2248 MariusMaxi·

137 2307 212 2346 mus
234 2287 308 2346 eius
327 2286 493 2366 proprias
509 2283 636 2372 facisse
659 2284 751 2346 dicit.

169 2430 270 2474 alienae
288 2427 354 2487 eree]
391 2429 440 2472 veri
459 2431 538 2473 sitnite
559 2444 571 2472 e
593 2431 713 2474 Frontone
733 2437 831 2488 oratore
851 2445 891 2476 era
912 2446 964 2476 esse
984 2433 1113 2476 confectas.

169 2515 270 2559 Marius
291 2513 435 2574 uteremur}
473 2517 611 2570 historicus,
631 2520 697 2560 cuiue
718 2519 772 2561 libri
793 2521 822 2560 01)
841 2519 980 2562 stratoribus
1003 2520 1117 2563 historiae
1137 2521 1184 2562 Au-

205 2610 287 2661 gustae
307 2605 447 2656 saepissime
466 2605 608 2648 efferuntur.

476 2723 503 2778 1.
526 2723 625 2780 Oratio
646 2725 682 2779 ed
703 2730 845 2781 senatum.

176 2831 279 2894 ,Eam
304 2827 396 2904 dixit,
422 2849 492 2888 0100
519 2829 555 2892 L.
580 2829 703 2908 Verum
728 2830 888 2892 consulem
911 2827 1052 2892 fecisset.
1085 2827 1185 2894 Cani.

138 2931 246 2995 Maius
269 2953 303 3011 p.
326 2931 397 2992 131.

201 3035 326 3096 Fronto
350 3035 387 3094 ad
411 3035 463 3095 M.
483 3031 653 3096 Caesarem
679 3033 701 3094 l.
727 3036 756 3101 5.
780 3054 832 3113 ep.
859 3035 910 3096 38.
952 3035 1075 3094 Utrum
1086 3031 1189 3121 faeti

137 3136 246 3198 uirtus
266 3137 439 3197 ornaverit
458 3136 661 3209 orationem,
685 3155 731 3195 an
754 3135 868 3196 oratio
878 3131 1026 3224 facturn
1045 3135 1185 3196 nobilis·

138 3239 263 3300 simum
285 3239 573 3321 aequiparaverit,
599 3237 750 3312 incertus
779 3258 868 3298 sum.

202 3341 254 3402 M.
279 3339 399 3405 Caesar
423 3342 461 3400 ad
488 3341 686 3402 Frontonem
710 3341 728 3403 1.
752 3341 780 3401 5.
822 3339 935 3418 epau.
986 3339 1188 3403 Orationem

137 3443 250 3522 patris
273 3445 339 3505 mei
359 3464 479 3525 parem
504 3441 668 3502 materiae
690 3461 774 3501 suae
798 3441 905 3502 uisam
927 3441 999 3513 tibi,
1024 3442 1110 3503 nihil
1125 3441 1187 3502 nu'-

140 3566 217 3606 rnm
240 3557 304 3606 est.

406 3628 544 3684 cxtvtt.
586 3627 626 3684 tt.
651 3625 790 3682 Corneliae
812 3625 925 3679 Fronto.

204 3731 305 3791 Natus
329 3731 386 3791 sub
407 3729 603 3804 Domitiano,
632 3750 713 3791 anno
738 3727 869 3790 circiter
891 3726 954 3788 830
976 3729 1054 3804 (11),
1089 3725 1189 3790 cons.

142 3829 290 3893 Niebuhr
308 3830 340 3893 in
361 3831 498 3894 editione
523 3832 699 3894 Frontonis
722 3853 755 3910 p.
777 3831 857 3892 XX.
895 3827 934 3889 Ei
962 3829 1001 3888 ab
1028 3827 1191 3890 Antonino

144 3932 205 3996 Pio
230 3935 279 3996 M.
304 3934 454 3996 Aurelius
475 3935 558 3996 fitius
586 3915 758 4013 adoptivus
780 3931 810 3993 in
834 3928 1031 4010 disciplinam
1057 3929 1192 3991 traditur

142 4058 170 4097 a.
195 4058 223 4100 0.
250 4036 312 4097 892
338 4034 439 4116 (139).
486 4035 550 4098 Dio
576 4035 668 4099 Cass.
698 4035 718 4096 Ι.
747 4038 797 4109 11,
824 4033 877 4096 35.
925 4034 1040 4112 Zumpt
1069 4031 1099 4092 in
1127 4034 1193 4096 An·

143 4137 277 4199 nulibus.
309 4136 512 4220 Capitolinus
533 4137 564 4198 in
589 4137 706 4218 Marco
722 4140 842 4197 Antan.
859 4133 982 4196 Philos.
1001 4157 1030 4194 c.
1057 4135 1087 4195 2.
1110 4133 1192 4195 idem

142 4239 173 4302 iu
196 4241 289 4303 Vero
317 4263 346 4302 0.
376 4241 407 4302 2.
437 4239 614 4322 Eutropius
639 4240 661 4302 1.
684 4241 715 4313 8,
747 4241 777 4297 b.
826 4240 864 4297 A.
884 4259 913 4298 u.
930 4235 990 4297 895
1011 4233 1100 4319 (113)
1117 4258 1194 4301 000·

143 4343 203 4405 001.
251 4343 376 4408 Fronto
404 4346 442 4405 ad
470 4343 519 4406 M.
547 4341 716 4405 Caesarem
742 4341 764 4400 1.
789 4339 818 4411 2,
844 4343 874 4400 1.
900 4359 934 4418 p.
959 4338 1000 4400 35
1025 4341 1194 4402 00111010.

194 4452 267 4492 0000
278 4450 399 4492 ouen...
410 4450 489 4500 rag...
505 4447 559 4488 err
983 4451 1022 4512 39
