2958 4840
256 517 371 580 liunus
395 517 430 580 in
453 517 668 582 Fanatico.
700 518 818 593 latud,
846 516 980 601 inquit,
1012 515 1044 579 si
1072 514 1158 578 deus
1189 515 1309 598 cogit,

256 621 370 684 iratus
393 631 458 682 est.

506 759 694 820 cxxxvin.
735 759 900 832 Colperruus
920 757 1045 816 Placuit.

322 865 440 926 Fertur
462 874 563 925 aetate
586 861 742 926 Hadriani
767 862 905 926 vixisse:
929 862 1011 924 idem
1036 859 1117 923 enim
1140 881 1209 922 esse
1226 857 1310 922 dici·

257 977 328 1039 tur,
352 964 402 1028 cui
426 965 609 1028 Hadrianus
631 963 800 1045 rescripsit
820 975 900 1027 teste
923 963 1009 1027 libro
1034 963 1073 1025 37
1096 960 1308 1045 Digestorum

262 1070 302 1130 T.
325 1067 358 1130 8.
402 1071 450 1132 D.
475 1067 676 1130 Hadrianus
698 1067 887 1148 Calpurnio
917 1069 1038 1130 Flacco
1073 1061 1309 1150 differendam

258 1171 512 1232 accusationem
547 1169 711 1234 adulterii
740 1169 928 1250 rescripsit.
988 1167 1029 1229 Ei
1060 1163 1309 1228 declamationes

260 1273 324 1334 LI.
355 1271 455 1356 vulgo
482 1270 683 1346 tribuuntur,
712 1291 795 1354 quaa
827 1291 887 1332 una
919 1289 988 1332 cum
1021 1266 1308 1330 declamationibus

261 1372 451 1452 Quintiliani
470 1372 502 1435 iu
521 1372 597 1436 edit.
607 1372 738 1436 Pitboei
758 1384 854 1458 atqua
866 1369 1039 1435 Burmanni
1057 1370 1225 1451 leguntur:
1252 1370 1310 1429 sad

257 1473 432 1550 incertum,
469 1486 571 1538 utrum
604 1475 674 1556 ipse
698 1495 750 1537 eas
775 1473 957 1555 scripserit,
994 1494 1032 1534 an
1063 1470 1309 1534 declamationes

259 1574 394 1638 aliorum
417 1578 582 1640 rhetorum
604 1575 637 1638 in
660 1598 754 1638 unnim
778 1576 927 1639 volumen
949 1573 1162 1637 coniunxerit.
1207 1575 1310 1636 Extat

257 1676 339 1739 enim
368 1677 400 1739 in
426 1680 492 1742 Ms.
522 1680 602 1741 haee
625 1678 815 1759 inscriptio:
848 1676 1021 1759 Incipiunt
1050 1697 1096 1738 esc
1118 1675 1309 1756 Calpurnio

260 1781 381 1842 Flacco
412 1783 610 1862 Excerptae
638 1784 674 1844 X
693 1782 870 1841 rhetorum
901 1780 1085 1840 minorum.
1115 1774 1216 1840 Cani.
1245 1777 1310 1838 Fa·

215 1915 225 1924 ·
259 1877 354 1940 bricii
382 1879 467 1942 Bibl.
492 1880 547 1943 lat.
572 1903 602 1942 c.
628 1879 770 1942 Ernestii
793 1891 817 1942 t.
846 1881 877 1942 2.
905 1901 939 1960 p.
966 1881 1039 1940 328.

443 2015 601 2079 CXXXIX.
633 2017 661 2074 G.
682 2019 791 2075 Plinius
812 2018 946 2076 Caecilius
968 2018 1117 2078 Secundus.
1231 1971 1242 1990 =

263 2099 268 2211 ἶ
321 2123 423 2183 Natus
445 2142 513 2182 esse
538 2119 655 2182 dicitur
679 2144 709 2183 a.
736 2121 797 2182 815
822 2119 900 2206 (62).
946 2121 1081 2186 Messon
1105 2115 1181 2181 Vita
1210 2117 1307 2181 Plinii

260 2217 397 2286 Secundi
421 2221 554 2286 iunioris
573 2245 606 2306 p.
633 2229 663 2285 1.
690 2225 913 2286 Westermann
937 2244 972 2303 p.
1000 2221 1071 2290 288.
1116 2221 1202 2284 Held
1229 2223 1311 2283 iiber

261 2328 320 2388 den
339 2325 457 2386 Warth
473 2328 529 2386 der
546 2323 815 2408 Brielsammlung
832 2327 886 2387 des
903 2323 1038 2387 Plinius.
1065 2325 1196 2385 Breslau
1215 2323 1309 2388 1833.

259 2451 293 2515 p.
316 2429 347 2489 6.
392 2427 588 2490 Adolescens
617 2425 847 2509 Quintilianum
873 2439 904 2488 et
930 2425 1074 2489 Nicetem
1100 2427 1308 2488 Sacerdotem

264 2527 423 2592 audiebat.
468 2527 556 2592 Ptin.
580 2529 687 2610 Epist.
711 2527 733 2600 l,
761 2531 797 2602 6,
823 2530 854 2590 6.
878 2527 899 2597 Ι.
928 2529 957 2602 2,
988 2529 1037 2591 11.
1082 2531 1125 2590 Α.
1150 2529 1210 2589 Sto
1240 2529 1310 2606 (93)

264 2642 397 2713 praetor
427 2632 575 2696 urbanus.
620 2631 664 2693 A.
689 2631 750 2692 853
780 2633 868 2708 (100)
899 2631 1009 2692 consul
1041 2629 1182 2692 Traiano
1209 2628 1312 2710 irnpe-

261 2724 383 2799 'rato're
415 2733 502 2804 A.u.
528 2733 588 2795 856
613 2733 716 2814 (103)
738 2733 920 2814 praefectus
936 2731 1105 2816 Bithyniae
1131 2755 1167 2794 ac
1193 2734 1313 2796 Ponto.

261 2827 316 2897 'De
347 2855 429 2897 anuo
461 2834 572 2916 rnortis
600 2833 678 2895 nihil
707 2845 851 2911 constat,
886 2856 944 2898 nec
973 2833 1107 2916 sinplius
1137 2833 1311 2919 quidquam

260 2935 386 3011 sciurus,
409 2957 501 3022 quarn
523 2935 661 2998 Plinium
689 2959 719 3000 a.
747 2935 809 2999 865
832 2937 919 3018 (113)
941 2937 1032 2999 etiam
1054 2959 1137 2999 nunc
1157 2932 1312 3020 supersti-

261 3052 322 3102 teur
346 3037 456 3104 inisse.
483 3035 696 3106 Cassiodorus
718 3037 800 3101 enim
823 3039 855 3100 in
872 3037 1040 3104 Chronico
1062 3037 1194 3104 scribit:
1213 3038 1312 3101 Celso

259 3152 295 3203 ct
318 3139 478 3224 Crispino
503 3141 700 3202 consulibus
721 3140 840 3220 (idest
863 3162 892 3202 a.
917 3164 948 3201 u.
970 3140 1049 3213 865,
1080 3141 1138 3204 113
1162 3163 1194 3220 p.
1212 3136 1311 3214 Chr.)

258 3242 391 3306 Plinius
420 3242 596 3304 Secundus
619 3241 1037 3308 Nouocomensis'orator
1067 3255 1100 3306 et
1125 3241 1313 3304 historicus

259 3341 406 3424 insignis
431 3341 594 3421 habetur,
626 3345 725 3404 cuius
753 3340 907 3426 plurima
937 3344 1068 3427 ingenii
1090 3353 1313 3407 monumenta

259 3455 394 3506 extant.

299 3549 437 3597 historicus
456 3549 579 3610 insignis]
617 3553 668 3598 veri
686 3555 765 3598 simite
784 3561 834 3609 est,
864 3555 1039 3599 Cassiodorurn
1067 3555 1103 3597 bis
1132 3553 1212 3598 verbis
1231 3553 1313 3597 Plinio

329 3641 418 3683 iuniori
439 3641 531 3686 laudem
549 3652 633 3684 errore
652 3641 778 3696 tribuisse,
798 3657 858 3700 quae
878 3645 901 3686 in
921 3643 1025 3686 Plinium
1045 3644 1161 3686 inriorem
1185 3641 1262 3684 cadit:
1292 3641 1314 3682 is

334 3729 396 3771 errius
415 3729 544 3772 historicus
564 3730 675 3787 insignis.

325 3817 516 3881 Macrobius
538 3819 696 3884 Saturnal.
722 3820 742 3888 l,
767 3823 796 3894 5,
823 3827 850 3889 1,
893 3825 1053 3902 Quattuor
1075 3831 1155 3882 sunt
1184 3839 1316 3902 genera

264 3921 418 3984 dicendi:
439 3921 634 4002 copiosum,
658 3922 694 3983 in
716 3943 785 4003 quo
807 3923 924 3986 Cicero
953 3922 1172 4000 dominatum
1202 3922 1313 3994 breue,

261 4023 297 4086 in
319 4043 387 4105 quc
409 4021 581 4084 Salustius
603 4034 747 4103 regnan
772 4023 919 4099 siccum,
950 4025 1043 4108 quod
1064 4023 1314 4087 11661οηίαᾶ-

263 4123 442 4194 scribitur:
462 4123 626 4205 pingue
647 4120 946 4208 etfloridum,
971 4126 1013 4186 in
1035 4147 1116 4209 quo
1139 4124 1316 4189 Plinius

264 4225 483 4287 Secundus
510 4225 682 4307 quondam
712 4237 745 4286 at
773 4247 863 4288 nunc
892 4231 985 4288 nrrllo
1015 4239 1168 4290 ueterum
1199 4225 1316 4288 minor·

262 4337 379 4384 noster
400 4327 628 4406 Symmachus
650 4327 868 4390 luacrrriatur.
