2966 4842
1150 411 1210 473 673

447 571 503 628 to.¹
526 569 624 627 atauo
644 570 675 626 tn
694 533 797 625 senatu
817 569 925 625 nauita.

225 708 269 770 A.
295 706 353 768 767
378 705 413 782 (1
434 725 470 784 p.
481 701 571 782 Ch.).
595 703 763 784 Augustus
783 698 921 762 Tiberio
945 720 975 762 a.
998 699 1212 762 7187616661·

164 809 245 872 eiam
268 817 458 904 potestatem
480 805 512 867 in
534 802 783 889 quinquennium
807 801 1004 877 contulerat,
1037 799 1149 865 deinde
1180 823 1210 866 a.

162 913 222 975 767
245 911 360 973 iterum
383 920 524 972 senatum
546 905 690 990 rogavit,
714 918 749 968 ut
768 904 869 968 eidem
885 901 1057 968 tribunicia
1073 915 1213 986 potestas

159 1013 192 1075 in
215 1011 399 1076 decennium
423 1015 566 1073 daretur.

227 1115 359 1177 Tacitus
371 1111 490 1175 Annal.
516 1114 618 1174 1.10.
648 1113 833 1194 Augustus
853 1109 976 1193 paucis
998 1120 1078 1170 ante
1093 1108 1206 1184 annis,

160 1239 239 1280 oum
261 1214 403 1278 Tiberio
424 1213 647 1275 tribunitiam
666 1223 873 1294 potestatem
900 1235 923 1274 a
948 1211 1110 1294 patribus
1132 1232 1212 1273 rur·

163 1340 241 1381 sum
260 1319 467 1398 postularet,
491 1335 698 1397 quamquam
719 1317 854 1376 honora
870 1314 1027 1376 oratioue
1043 1313 1213 1396 quaedam

162 1420 203 1482 de
225 1417 344 1482 habitu
365 1419 524 1501 cultuque
546 1427 580 1478 et
601 1415 769 1478 institutis
791 1416 866 1478 eius
887 1415 1026 1490 iecerat,
1050 1435 1213 1500 quaeve·

166 1524 217 1584 lut
238 1519 440 1584 excusando
462 1520 705 1600 exprobraret.

228 1623 360 1691 Sueten.
383 1613 534 1686 Tiberius
557 1621 610 1684 68.
655 1623 751 1702 Quae
787 1619 906 1682 omnia
935 1611 1079 1703 ingrata
1110 1631 1212 1703 atque

162 1726 392 1809 arrogantiae
410 1727 515 1807 plena
546 1735 580 1787 et
607 1722 853 1786 animadvertit
872 1725 1057 1806 Augustus
1085 1721 1121 1785 in
1149 1742 1209 1798 eo,

163 1839 196 1890 et
218 1849 388 1891 excusare
410 1826 553 1890 tentavit
567 1846 669 1907 saepe
683 1825 779 1908 apud
799 1837 958 1890 senatum
972 1845 1013 1888 ae
1030 1826 1210 1909 populum,

160 1928 350 2021 professus
371 1941 518 1994 naturae
541 1927 625 1992 vitia
645 1949 728 2006 esse,
753 1949 822 1993 uon
844 1928 965 1992 animi.

231 2219 365 2284 Ceteras
388 2219 528 2300 Augusti
561 2218 742 2295 orationes,
773 2221 824 2283 vel
848 2219 989 2303 Appiani
1023 2223 1074 2285 vel
1096 2223 1215 2287 Dionis

170 2322 275 2389 Cassii
296 2321 431 2386 insertas
460 2321 615 2399 historiis,
635 2320 856 2403 praetermisi,
892 2323 967 2408 quia
994 2326 1033 2388 ab
1057 2325 1211 2408 Appiano

168 2438 262 2511 atque
284 2424 389 2488 Dione
411 2435 483 2486 sunt
503 2424 609 2488 fictae.

445 2615 521 2678 clx.
561 2617 603 2679 Μ.
628 2617 775 2690 Vipsanius
794 2616 930 2692 Aprtppa.

229 2750 333 2814 Natus
360 2759 466 2812 esta.
495 2749 554 2813 691
579 2749 659 2829 (63),
689 2751 802 2812 eodem
830 2770 912 2815 anno
941 2773 1006 2836 quo
1034 2752 1213 2836 Augustus.

166 2853 306 2918 Praetor
328 2873 358 2915 a.
389 2850 451 2914 711
478 2853 558 2932 (to).
604 2851 728 2916 Consul
754 2873 837 2916 anno
868 2854 928 2916 717
957 2854 1038 2932 (37).
1088 2852 1215 2918 Aedilis

166 2975 249 3017 anno
273 2955 332 3016 771
356 2954 437 3032 (33).
494 2953 616 3018 Consul
644 2954 760 3017 iterum
789 2966 883 3039 atque
905 2976 1019 3020 censor
1048 2977 1131 3020 anno
1156 2957 1217 3018 776

167 3056 246 3134 (78).
291 3055 413 3120 Consul
434 3055 563 3120 tertium
585 3079 613 3125 a.
644 3057 705 3118 777
733 3057 814 3135 (77).
865 3057 1054 3122 Praefectus
1087 3057 1159 3121 urbi
1188 3047 1233 3120 a.'

167 3157 227 3219 733
240 3157 319 3236 (71).
350 3156 571 3222 Tribuniciam
593 3168 782 3240 potestatem
805 3162 936 3242 adeptus
959 3171 1007 3224 est
1021 3182 1051 3223 a.
1069 3161 1129 3222 736
1147 3160 1216 3239 (18)

166 3279 298 3343 eamque
335 3281 434 3344 usque
471 3263 510 3323 ad
544 3271 680 3324 mortem
718 3259 868 3325 obtinuit.
918 3263 1074 3326 Mortuus
1104 3274 1152 3324 est
1183 3284 1213 3326 a.

167 3360 229 3422 717
252 3360 330 3440 (17),
354 3382 436 3426 anno
460 3361 572 3426 aetatis
593 3361 859 3448 quinquagesimo
882 3384 959 3428 uno.
983 3362 1110 3428 Plinius
1125 3363 1215 3428 Hist.

165 3463 195 3538 7,
219 3461 251 3540 8,
276 3464 308 3526 6.
352 3463 519 3549 Augustus
543 3464 720 3529 orationem
742 3465 909 3529 funebrem
934 3464 1033 3541 dixit,
1062 3477 1217 3547 utsupra

164 3565 425 3629 memoravimus.
472 3565 574 3630 Cani.
606 3571 662 3630 Μ.
689 3567 876 3647 Vipsanius
897 3566 1073 3646 Agrippa.
1128 3566 1216 3630 Eine

165 3663 369 3726 historisehe
382 3667 645 3745 Untersuehuug
666 3665 750 3726 u'ber
771 3667 891 3727 dassen
899 3665 1012 3728 Leben
1033 3665 1106 3727 und
1122 3667 1217 3729 Wir·

166 3765 245 3825 ken.
293 3767 369 3830 Von
391 3767 439 3827 D.
464 3764 651 3826 Frandsen.
696 3762 818 3826 Altona
842 3765 936 3829 1836.
984 3765 1094 3852 Atque
1123 3767 1216 3832 Wei-

166 3865 263 3926 rhert
284 3863 368 3946 Imp.
393 3863 541 3928 Caesaris
566 3863 707 3949 Augusti
726 3865 894 3946 Reliquiae
916 3869 955 3932 F.
980 3872 1011 3931 1.
1034 3890 1068 3950 p.
1092 3868 1143 3932 81.

449 4002 477 4058 1.
499 3999 599 4060 Oratio
620 4003 774 4077 contra-C.
794 4003 936 4065 Cassium.

232 4132 318 4194 Aeta
331 4141 378 4194 est
390 4152 483 4196 eausa
498 4154 526 4198 a.
544 4133 602 4196 711
619 4133 700 4213 (13).
714 4133 835 4201 Caesar
851 4133 1046 4201 Octavianus
1059 4134 1092 4200 in
1108 4134 1214 4218 primo

170 4234 338 4300 consulatu
360 4255 390 4298 a.
416 4235 475 4297 711
505 4231 572 4320 (13)
597 4235 813 4322 quaestionem
836 4235 973 4302 instituit
997 4241 1035 4301 de
1061 4236 1216 4302 interfec-

169 4334 295 4401 toribus
327 4335 370 4404 C.
400 4336 475 4404 Iulii
508 4336 675 4406 Caesaries
714 4339 767 4407 M.
794 4339 946 4428 Agrippa
985 4339 1215 4408 aoensationem
