<?xml version="1.0" encoding="UTF-8"?>
<!DOCTYPE html PUBLIC "-//W3C//DTD XHTML 1.0 Transitional//EN"
    "http://www.w3.org/TR/xhtml1/DTD/xhtml1-transitional.dtd">
<html xmlns="http://www.w3.org/1999/xhtml" xml:lang="en" lang="en">
 <head>
  <title>
</title>
<meta http-equiv="Content-Type" content="text/html;charset=utf-8" />
  <meta name='ocr-system' content='tesseract 3.04.00' />
  <meta name='ocr-capabilities' content='ocr_page ocr_carea ocr_par ocr_line ocrx_word'/>
</head>
<body>
  <div class='ocr_page' id='page_1' title='image "./oratorumromanor02meyegoog_0032.png"; bbox 0 0 2970 4836; ppageno 0'>
   <div class='ocr_carea' id='block_1_1' title="bbox 227 350 266 413">
    <p class='ocr_par' dir='ltr' id='par_1_1' title="bbox 227 350 266 413">
     <span class='ocr_line' id='line_1_1' title="bbox 227 350 266 413; baseline 0.051 -2"><span class='ocrx_word' id='word_1_1' title='bbox 227 350 266 413; x_wconf 75' lang='lat' dir='ltr'><strong><em>ll</em></strong></span> 
     </span>
    </p>
   </div>
   <div class='ocr_carea' id='block_1_2' title="bbox 145 506 1274 4384">
    <p class='ocr_par' dir='ltr' id='par_1_2' title="bbox 145 506 1274 4384">
     <span class='ocr_line' id='line_1_2' title="bbox 226 506 1274 600; baseline 0.001 -28"><span class='ocrx_word' id='word_1_2' title='bbox 226 532 438 594; x_wconf 89' lang='lat' dir='ltr'><strong><em>quocumque</em></strong></span> <span class='ocrx_word' id='word_1_3' title='bbox 452 515 528 574; x_wconf 91' lang='lat' dir='ltr'><strong><em>loco</em></strong></span> <span class='ocrx_word' id='word_1_4' title='bbox 546 521 649 572; x_wconf 84' lang='lat' dir='ltr'><strong><em>natus</em></strong></span> <span class='ocrx_word' id='word_1_5' title='bbox 665 520 766 583; x_wconf 82' lang='lat' dir='ltr'><strong><em>esset,</em></strong></span> <span class='ocrx_word' id='word_1_6' title='bbox 774 506 971 598; x_wconf 81' lang='lat' dir='ltr'><strong><em>fortunam</em></strong></span> <span class='ocrx_word' id='word_1_7' title='bbox 987 511 1052 572; x_wconf 86' lang='lat' dir='ltr'><strong><em>sibi</em></strong></span> <span class='ocrx_word' id='word_1_8' title='bbox 1066 509 1274 600; x_wconf 85' lang='lat' dir='ltr'><strong><em>ipsefaetu·</em></strong></span> 
     </span>
     <span class='ocr_line' id='line_1_3' title="bbox 226 611 1274 703; baseline 0.001 -28"><span class='ocrx_word' id='word_1_9' title='bbox 226 611 419 703; x_wconf 77' lang='lat' dir='ltr'><strong><em>messuisse</em></strong></span> <span class='ocrx_word' id='word_1_10' title='bbox 438 614 624 676; x_wconf 77' lang='lat' dir='ltr'><strong><em>videretur.</em></strong></span> <span class='ocrx_word' id='word_1_11' title='bbox 659 615 768 676; x_wconf 87' lang='lat' dir='ltr'><strong><em>Nulla</em></strong></span> <span class='ocrx_word' id='word_1_12' title='bbox 788 633 848 674; x_wconf 83' lang='lat' dir='ltr'><strong><em>ars</em></strong></span> <span class='ocrx_word' id='word_1_13' title='bbox 867 633 974 695; x_wconf 89' lang='lat' dir='ltr'><strong><em>neque</em></strong></span> <span class='ocrx_word' id='word_1_14' title='bbox 993 615 1149 694; x_wconf 86' lang='lat' dir='ltr'><strong><em>privatae</em></strong></span> <span class='ocrx_word' id='word_1_15' title='bbox 1167 634 1274 697; x_wconf 85' lang='lat' dir='ltr'><strong><em>neque</em></strong></span> 
     </span>
     <span class='ocr_line' id='line_1_4' title="bbox 145 712 1273 800; baseline 0.002 -24"><span class='ocrx_word' id='word_1_16' title='bbox 145 741 148 750; x_wconf 61' lang='lat'>¹</span> <span class='ocrx_word' id='word_1_17' title='bbox 223 717 379 798; x_wconf 88' lang='lat' dir='ltr'><strong><em>publicae</em></strong></span> <span class='ocrx_word' id='word_1_18' title='bbox 404 717 456 778; x_wconf 90' lang='lat' dir='ltr'><strong><em>rei</em></strong></span> <span class='ocrx_word' id='word_1_19' title='bbox 479 715 649 796; x_wconf 82' lang='lat' dir='ltr'><strong><em>gerendae</em></strong></span> <span class='ocrx_word' id='word_1_20' title='bbox 674 715 705 776; x_wconf 90' lang='lat' dir='ltr'><strong><em>ei</em></strong></span> <span class='ocrx_word' id='word_1_21' title='bbox 728 712 855 798; x_wconf 76' lang='lat' dir='ltr'><strong><em>deficit,</em></strong></span> <span class='ocrx_word' id='word_1_22' title='bbox 885 717 1036 778; x_wconf 80' lang='lat' dir='ltr'><strong><em>urbanas</em></strong></span> <span class='ocrx_word' id='word_1_23' title='bbox 1059 716 1273 800; x_wconf 88' lang='lat' dir='ltr'><strong><em>rusticasque</em></strong></span> 
     </span>
     <span class='ocr_line' id='line_1_5' title="bbox 225 817 1272 899; baseline 0 -19"><span class='ocrx_word' id='word_1_24' title='bbox 225 840 281 881; x_wconf 90' lang='lat' dir='ltr'><strong><em>res</em></strong></span> <span class='ocrx_word' id='word_1_25' title='bbox 302 818 436 899; x_wconf 90' lang='lat' dir='ltr'><strong><em>pariter</em></strong></span> <span class='ocrx_word' id='word_1_26' title='bbox 459 817 614 879; x_wconf 78' lang='lat' dir='ltr'><strong><em>callebat.</em></strong></span> <span class='ocrx_word' id='word_1_27' title='bbox 654 817 711 879; x_wconf 89' lang='lat' dir='ltr'><strong><em>Ad</em></strong></span> <span class='ocrx_word' id='word_1_28' title='bbox 741 839 895 879; x_wconf 89' lang='lat' dir='ltr'><strong><em>summos</em></strong></span> <span class='ocrx_word' id='word_1_29' title='bbox 920 821 1068 881; x_wconf 87' lang='lat' dir='ltr'><strong><em>bonores</em></strong></span> <span class='ocrx_word' id='word_1_30' title='bbox 1095 819 1183 881; x_wconf 86' lang='lat' dir='ltr'><strong><em>alios</em></strong></span> <span class='ocrx_word' id='word_1_31' title='bbox 1206 818 1272 880; x_wconf 86' lang='lat' dir='ltr'><strong><em>sci·</em></strong></span> 
     </span>
     <span class='ocr_line' id='line_1_6' title="bbox 224 919 1273 1004; baseline 0.003 -22"><span class='ocrx_word' id='word_1_32' title='bbox 224 921 317 983; x_wconf 90' lang='lat' dir='ltr'><strong><em>entia</em></strong></span> <span class='ocrx_word' id='word_1_33' title='bbox 331 921 430 995; x_wconf 82' lang='lat' dir='ltr'><strong><em>iuris,</em></strong></span> <span class='ocrx_word' id='word_1_34' title='bbox 449 920 537 981; x_wconf 89' lang='lat' dir='ltr'><strong><em>alios</em></strong></span> <span class='ocrx_word' id='word_1_35' title='bbox 552 920 756 1002; x_wconf 76' lang='lat' dir='ltr'><strong><em>eloquentia,</em></strong></span> <span class='ocrx_word' id='word_1_36' title='bbox 776 919 863 981; x_wconf 87' lang='lat' dir='ltr'><strong><em>alios</em></strong></span> <span class='ocrx_word' id='word_1_37' title='bbox 881 921 997 1001; x_wconf 90' lang='lat' dir='ltr'><strong><em>gloria</em></strong></span> <span class='ocrx_word' id='word_1_38' title='bbox 1014 921 1176 984; x_wconf 89' lang='lat' dir='ltr'><strong><em>militaris</em></strong></span> <span class='ocrx_word' id='word_1_39' title='bbox 1188 944 1273 1004; x_wconf 91' lang='lat' dir='ltr'><strong><em>pro·</em></strong></span> 
     </span>
     <span class='ocr_line' id='line_1_7' title="bbox 223 1022 1273 1104; baseline 0.001 -19"><span class='ocrx_word' id='word_1_40' title='bbox 223 1024 335 1097; x_wconf 83' lang='lat' dir='ltr'><strong><em>vexit,</em></strong></span> <span class='ocrx_word' id='word_1_41' title='bbox 366 1022 444 1084; x_wconf 86' lang='lat' dir='ltr'><strong><em>huic</em></strong></span> <span class='ocrx_word' id='word_1_42' title='bbox 472 1022 629 1084; x_wconf 76' lang='lat' dir='ltr'><strong><em>versatile</em></strong></span> <span class='ocrx_word' id='word_1_43' title='bbox 660 1023 839 1104; x_wconf 90' lang='lat' dir='ltr'><strong><em>ingenium</em></strong></span> <span class='ocrx_word' id='word_1_44' title='bbox 864 1023 912 1084; x_wconf 91' lang='lat' dir='ltr'><strong><em>sie</em></strong></span> <span class='ocrx_word' id='word_1_45' title='bbox 932 1024 1068 1104; x_wconf 88' lang='lat' dir='ltr'><strong><em>pariter</em></strong></span> <span class='ocrx_word' id='word_1_46' title='bbox 1090 1025 1137 1085; x_wconf 88' lang='lat' dir='ltr'><strong><em>ad</em></strong></span> <span class='ocrx_word' id='word_1_47' title='bbox 1155 1023 1273 1088; x_wconf 90' lang='lat' dir='ltr'><strong><em>omnia</em></strong></span> 
     </span>
     <span class='ocr_line' id='line_1_8' title="bbox 213 1124 1271 1215; baseline 0.003 -28"><span class='ocrx_word' id='word_1_48' title='bbox 213 1124 312 1215; x_wconf 85' lang='lat' dir='ltr'><strong><em>suit,</em></strong></span> <span class='ocrx_word' id='word_1_49' title='bbox 332 1137 369 1187; x_wconf 88' lang='lat' dir='ltr'><strong><em>ut</em></strong></span> <span class='ocrx_word' id='word_1_50' title='bbox 389 1136 507 1186; x_wconf 90' lang='lat' dir='ltr'><strong><em>natum</em></strong></span> <span class='ocrx_word' id='word_1_51' title='bbox 528 1125 575 1184; x_wconf 88' lang='lat' dir='ltr'><strong><em>ad</em></strong></span> <span class='ocrx_word' id='word_1_52' title='bbox 592 1124 628 1186; x_wconf 91' lang='lat' dir='ltr'><strong><em>id</em></strong></span> <span class='ocrx_word' id='word_1_53' title='bbox 649 1147 755 1186; x_wconf 88' lang='lat' dir='ltr'><strong><em>unum</em></strong></span> <span class='ocrx_word' id='word_1_54' title='bbox 774 1125 916 1196; x_wconf 87' lang='lat' dir='ltr'><strong><em>diceres,</em></strong></span> <span class='ocrx_word' id='word_1_55' title='bbox 936 1127 1171 1210; x_wconf 85' lang='lat' dir='ltr'><strong><em>quodcumque</em></strong></span> <span class='ocrx_word' id='word_1_56' title='bbox 1188 1148 1271 1208; x_wconf 85' lang='lat' dir='ltr'><strong><em>age·</em></strong></span> 
     </span>
     <span class='ocr_line' id='line_1_9' title="bbox 224 1225 1270 1317; baseline 0.001 -26"><span class='ocrx_word' id='word_1_57' title='bbox 224 1239 286 1291; x_wconf 88' lang='lat' dir='ltr'><strong><em>ret.</em></strong></span> <span class='ocrx_word' id='word_1_58' title='bbox 320 1231 360 1293; x_wconf 88' lang='lat' dir='ltr'><strong><em>In</em></strong></span> <span class='ocrx_word' id='word_1_59' title='bbox 382 1229 468 1289; x_wconf 87' lang='lat' dir='ltr'><strong><em>bello</em></strong></span> <span class='ocrx_word' id='word_1_60' title='bbox 493 1249 597 1288; x_wconf 87' lang='lat' dir='ltr'><strong><em>manu</em></strong></span> <span class='ocrx_word' id='word_1_61' title='bbox 613 1225 846 1317; x_wconf 88' lang='lat' dir='ltr'><strong><em>fortissimus</em></strong></span> <span class='ocrx_word' id='word_1_62' title='bbox 870 1229 1051 1311; x_wconf 88' lang='lat' dir='ltr'><strong><em>multisque</em></strong></span> <span class='ocrx_word' id='word_1_63' title='bbox 1076 1228 1270 1312; x_wconf 80' lang='lat' dir='ltr'><strong><em>insignibus</em></strong></span> 
     </span>
     <span class='ocr_line' id='line_1_10' title="bbox 223 1330 1271 1414; baseline 0.001 -22"><span class='ocrx_word' id='word_1_64' title='bbox 223 1335 339 1394; x_wconf 88' lang='lat' dir='ltr'><strong><em>clarus</em></strong></span> <span class='ocrx_word' id='word_1_65' title='bbox 361 1330 503 1412; x_wconf 85' lang='lat' dir='ltr'><strong><em>pugnis.</em></strong></span> <span class='ocrx_word' id='word_1_66' title='bbox 541 1331 655 1404; x_wconf 79' lang='lat' dir='ltr'><strong><em>Idem,</em></strong></span> <span class='ocrx_word' id='word_1_67' title='bbox 675 1342 860 1414; x_wconf 79' lang='lat' dir='ltr'><strong><em>postquam</em></strong></span> <span class='ocrx_word' id='word_1_68' title='bbox 884 1332 931 1392; x_wconf 88' lang='lat' dir='ltr'><strong><em>ad</em></strong></span> <span class='ocrx_word' id='word_1_69' title='bbox 955 1353 1101 1414; x_wconf 88' lang='lat' dir='ltr'><strong><em>magnos</em></strong></span> <span class='ocrx_word' id='word_1_70' title='bbox 1122 1334 1271 1394; x_wconf 82' lang='lat' dir='ltr'><strong><em>honores</em></strong></span> 
     </span>
     <span class='ocr_line' id='line_1_11' title="bbox 221 1434 1271 1517; baseline -0.001 -20"><span class='ocrx_word' id='word_1_71' title='bbox 221 1435 397 1517; x_wconf 84' lang='lat' dir='ltr'><strong><em>pervenit,</em></strong></span> <span class='ocrx_word' id='word_1_72' title='bbox 423 1455 578 1496; x_wconf 88' lang='lat' dir='ltr'><strong><em>summus</em></strong></span> <span class='ocrx_word' id='word_1_73' title='bbox 607 1435 820 1516; x_wconf 90' lang='lat' dir='ltr'><strong><em>imperator,</em></strong></span> <span class='ocrx_word' id='word_1_74' title='bbox 853 1434 942 1495; x_wconf 89' lang='lat' dir='ltr'><strong><em>idem</em></strong></span> <span class='ocrx_word' id='word_1_75' title='bbox 966 1435 1000 1495; x_wconf 93' lang='lat' dir='ltr'><strong><em>in</em></strong></span> <span class='ocrx_word' id='word_1_76' title='bbox 1025 1455 1133 1516; x_wconf 87' lang='lat' dir='ltr'><strong><em>pace,</em></strong></span> <span class='ocrx_word' id='word_1_77' title='bbox 1162 1434 1192 1497; x_wconf 90' lang='lat' dir='ltr'><strong><em>si</em></strong></span> <span class='ocrx_word' id='word_1_78' title='bbox 1215 1434 1271 1496; x_wconf 81' lang='lat' dir='ltr'><strong><em>ius</em></strong></span> 
     </span>
     <span class='ocr_line' id='line_1_12' title="bbox 221 1535 1271 1618; baseline -0.002 -20"><span class='ocrx_word' id='word_1_79' title='bbox 221 1539 433 1612; x_wconf 85' lang='lat' dir='ltr'><strong><em>consuleres,</em></strong></span> <span class='ocrx_word' id='word_1_80' title='bbox 456 1537 707 1618; x_wconf 87' lang='lat' dir='ltr'><strong><em>peritissimus,</em></strong></span> <span class='ocrx_word' id='word_1_81' title='bbox 731 1535 890 1598; x_wconf 81' lang='lat' dir='ltr'><strong><em>sisausa</em></strong></span> <span class='ocrx_word' id='word_1_82' title='bbox 911 1536 1046 1597; x_wconf 91' lang='lat' dir='ltr'><strong><em>oranda</em></strong></span> <span class='ocrx_word' id='word_1_83' title='bbox 1068 1547 1178 1608; x_wconf 83' lang='lat' dir='ltr'><strong><em>esset,</em></strong></span> <span class='ocrx_word' id='word_1_84' title='bbox 1203 1538 1271 1598; x_wconf 88' lang='lat' dir='ltr'><strong><em>elo-</em></strong></span> 
     </span>
     <span class='ocr_line' id='line_1_13' title="bbox 221 1637 1271 1724; baseline -0.004 -22"><span class='ocrx_word' id='word_1_85' title='bbox 221 1639 478 1724; x_wconf 88' lang='lat' dir='ltr'><strong><em>quentissimus.</em></strong></span> <span class='ocrx_word' id='word_1_86' title='bbox 508 1642 582 1703; x_wconf 89' lang='lat' dir='ltr'><strong><em>Nec</em></strong></span> <span class='ocrx_word' id='word_1_87' title='bbox 602 1638 632 1700; x_wconf 86' lang='lat' dir='ltr'><strong><em>is</em></strong></span> <span class='ocrx_word' id='word_1_88' title='bbox 655 1649 808 1713; x_wconf 85' lang='lat' dir='ltr'><strong><em>tantum,</em></strong></span> <span class='ocrx_word' id='word_1_89' title='bbox 827 1637 926 1700; x_wconf 89' lang='lat' dir='ltr'><strong><em>cuius</em></strong></span> <span class='ocrx_word' id='word_1_90' title='bbox 941 1638 1063 1718; x_wconf 89' lang='lat' dir='ltr'><strong><em>lingua</em></strong></span> <span class='ocrx_word' id='word_1_91' title='bbox 1079 1637 1153 1700; x_wconf 83' lang='lat' dir='ltr'><strong><em>vino</em></strong></span> <span class='ocrx_word' id='word_1_92' title='bbox 1168 1659 1208 1700; x_wconf 87' lang='lat' dir='ltr'><strong><em>eo</em></strong></span> <span class='ocrx_word' id='word_1_93' title='bbox 1224 1637 1271 1698; x_wconf 88' lang='lat' dir='ltr'><strong><em>vi·</em></strong></span> 
     </span>
     <span class='ocr_line' id='line_1_14' title="bbox 220 1737 1269 1825; baseline -0.002 -21"><span class='ocrx_word' id='word_1_94' title='bbox 220 1742 359 1825; x_wconf 85' lang='lat' dir='ltr'><strong><em>guerit,</em></strong></span> <span class='ocrx_word' id='word_1_95' title='bbox 388 1753 644 1804; x_wconf 71' lang='lat' dir='ltr'><strong><em>monumentum</em></strong></span> <span class='ocrx_word' id='word_1_96' title='bbox 666 1741 878 1823; x_wconf 81' lang='lat' dir='ltr'><strong><em>eloquentiae</em></strong></span> <span class='ocrx_word' id='word_1_97' title='bbox 901 1742 1034 1800; x_wconf 88' lang='lat' dir='ltr'><strong><em>nullum</em></strong></span> <span class='ocrx_word' id='word_1_98' title='bbox 1051 1749 1169 1800; x_wconf 78' lang='lat' dir='ltr'><strong><em>extet:</em></strong></span> <span class='ocrx_word' id='word_1_99' title='bbox 1191 1737 1269 1802; x_wconf 82' lang='lat' dir='ltr'><strong><em>uiuit</em></strong></span> 
     </span>
     <span class='ocr_line' id='line_1_15' title="bbox 221 1841 1268 1927; baseline -0.002 -21"><span class='ocrx_word' id='word_1_100' title='bbox 221 1845 292 1908; x_wconf 91' lang='lat' dir='ltr'><strong><em>imo</em></strong></span> <span class='ocrx_word' id='word_1_101' title='bbox 312 1845 468 1927; x_wconf 84' lang='lat' dir='ltr'><strong><em>vigetque</em></strong></span> <span class='ocrx_word' id='word_1_102' title='bbox 491 1846 685 1926; x_wconf 83' lang='lat' dir='ltr'><strong><em>eloquentia</em></strong></span> <span class='ocrx_word' id='word_1_103' title='bbox 708 1844 801 1917; x_wconf 88' lang='lat' dir='ltr'><strong><em>eius,</em></strong></span> <span class='ocrx_word' id='word_1_104' title='bbox 830 1853 970 1904; x_wconf 88' lang='lat' dir='ltr'><strong><em>sacrata</em></strong></span> <span class='ocrx_word' id='word_1_105' title='bbox 994 1841 1134 1923; x_wconf 88' lang='lat' dir='ltr'><strong><em>scriptis</em></strong></span> <span class='ocrx_word' id='word_1_106' title='bbox 1156 1841 1268 1904; x_wconf 88' lang='lat' dir='ltr'><strong><em>omnis</em></strong></span> 
     </span>
     <span class='ocr_line' id='line_1_16' title="bbox 220 1943 1268 2031; baseline 0 -23"><span class='ocrx_word' id='word_1_107' title='bbox 220 1947 371 2031; x_wconf 87' lang='lat' dir='ltr'><strong><em>generis.</em></strong></span> <span class='ocrx_word' id='word_1_108' title='bbox 409 1948 594 2012; x_wconf 77' lang='lat' dir='ltr'><strong><em>Orationes</em></strong></span> <span class='ocrx_word' id='word_1_109' title='bbox 620 1957 653 2007; x_wconf 85' lang='lat' dir='ltr'><strong><em>et</em></strong></span> <span class='ocrx_word' id='word_1_110' title='bbox 675 1968 742 2027; x_wconf 91' lang='lat' dir='ltr'><strong><em>pro</em></strong></span> <span class='ocrx_word' id='word_1_111' title='bbox 765 1967 801 2007; x_wconf 89' lang='lat' dir='ltr'><strong><em>se</em></strong></span> <span class='ocrx_word' id='word_1_112' title='bbox 829 1946 956 2006; x_wconf 90' lang='lat' dir='ltr'><strong><em>multae</em></strong></span> <span class='ocrx_word' id='word_1_113' title='bbox 982 1955 1015 2006; x_wconf 85' lang='lat' dir='ltr'><strong><em>et</em></strong></span> <span class='ocrx_word' id='word_1_114' title='bbox 1038 1965 1104 2024; x_wconf 87' lang='lat' dir='ltr'><strong><em>pro</em></strong></span> <span class='ocrx_word' id='word_1_115' title='bbox 1130 1943 1209 2008; x_wconf 88' lang='lat' dir='ltr'><strong><em>aliis</em></strong></span> <span class='ocrx_word' id='word_1_116' title='bbox 1235 1956 1268 2008; x_wconf 88' lang='lat' dir='ltr'><strong><em>et</em></strong></span> 
     </span>
     <span class='ocr_line' id='line_1_17' title="bbox 220 2047 1268 2122; baseline -0.002 -10"><span class='ocrx_word' id='word_1_117' title='bbox 220 2051 257 2112; x_wconf 88' lang='lat' dir='ltr'><strong><em>in</em></strong></span> <span class='ocrx_word' id='word_1_118' title='bbox 274 2049 386 2112; x_wconf 86' lang='lat' dir='ltr'><strong><em>alios:</em></strong></span> <span class='ocrx_word' id='word_1_119' title='bbox 411 2071 492 2110; x_wconf 92' lang='lat' dir='ltr'><strong><em>nam</em></strong></span> <span class='ocrx_word' id='word_1_120' title='bbox 512 2070 580 2111; x_wconf 89' lang='lat' dir='ltr'><strong><em>non</em></strong></span> <span class='ocrx_word' id='word_1_121' title='bbox 603 2051 716 2110; x_wconf 91' lang='lat' dir='ltr'><strong><em>solum</em></strong></span> <span class='ocrx_word' id='word_1_122' title='bbox 740 2048 951 2122; x_wconf 87' lang='lat' dir='ltr'><strong><em>accusando,</em></strong></span> <span class='ocrx_word' id='word_1_123' title='bbox 976 2048 1035 2110; x_wconf 89' lang='lat' dir='ltr'><strong><em>sed</em></strong></span> <span class='ocrx_word' id='word_1_124' title='bbox 1058 2047 1162 2110; x_wconf 90' lang='lat' dir='ltr'><strong><em>etiam</em></strong></span> <span class='ocrx_word' id='word_1_125' title='bbox 1187 2067 1268 2110; x_wconf 88' lang='lat' dir='ltr'><strong><em>cau-</em></strong></span> 
     </span>
     <span class='ocr_line' id='line_1_18' title="bbox 221 2149 1266 2240; baseline -0.002 -25"><span class='ocrx_word' id='word_1_126' title='bbox 221 2173 297 2216; x_wconf 90' lang='lat' dir='ltr'><strong><em>sam</em></strong></span> <span class='ocrx_word' id='word_1_127' title='bbox 314 2149 644 2240; x_wconf 87' lang='lat' dir='ltr'><strong><em>dicendofatigauit</em></strong></span> <span class='ocrx_word' id='word_1_128' title='bbox 663 2150 833 2212; x_wconf 87' lang='lat' dir='ltr'><strong><em>inimicos.</em></strong></span> <span class='ocrx_word' id='word_1_129' title='bbox 858 2150 1056 2213; x_wconf 79' lang='lat' dir='ltr'><strong><em>Simultates</em></strong></span> <span class='ocrx_word' id='word_1_130' title='bbox 1069 2149 1177 2213; x_wconf 90' lang='lat' dir='ltr'><strong><em>nimio</em></strong></span> <span class='ocrx_word' id='word_1_131' title='bbox 1188 2152 1266 2232; x_wconf 88' lang='lat' dir='ltr'><strong><em>plu·</em></strong></span> 
     </span>
     <span class='ocr_line' id='line_1_19' title="bbox 220 2249 1266 2341; baseline -0.005 -23"><span class='ocrx_word' id='word_1_132' title='bbox 220 2277 277 2318; x_wconf 84' lang='lat' dir='ltr'><strong><em>res</em></strong></span> <span class='ocrx_word' id='word_1_133' title='bbox 292 2263 326 2317; x_wconf 84' lang='lat' dir='ltr'><strong><em>et</em></strong></span> <span class='ocrx_word' id='word_1_134' title='bbox 341 2265 571 2316; x_wconf 84' lang='lat' dir='ltr'><strong><em>exercuerunt</em></strong></span> <span class='ocrx_word' id='word_1_135' title='bbox 588 2274 667 2314; x_wconf 90' lang='lat' dir='ltr'><strong><em>eum</em></strong></span> <span class='ocrx_word' id='word_1_136' title='bbox 683 2264 716 2314; x_wconf 88' lang='lat' dir='ltr'><strong><em>et</em></strong></span> <span class='ocrx_word' id='word_1_137' title='bbox 739 2251 811 2334; x_wconf 90' lang='lat' dir='ltr'><strong><em>ipse</em></strong></span> <span class='ocrx_word' id='word_1_138' title='bbox 831 2252 987 2314; x_wconf 81' lang='lat' dir='ltr'><strong><em>exercuit</em></strong></span> <span class='ocrx_word' id='word_1_139' title='bbox 1004 2274 1075 2314; x_wconf 87' lang='lat' dir='ltr'><strong><em>eas.</em></strong></span> <span class='ocrx_word' id='word_1_140' title='bbox 1112 2254 1185 2316; x_wconf 90' lang='lat' dir='ltr'><strong><em>Nec</em></strong></span> <span class='ocrx_word' id='word_1_141' title='bbox 1194 2249 1266 2341; x_wconf 81' lang='lat' dir='ltr'><strong><em>fa-</em></strong></span> 
     </span>
     <span class='ocr_line' id='line_1_20' title="bbox 221 2355 1266 2438; baseline -0.002 -20"><span class='ocrx_word' id='word_1_142' title='bbox 221 2356 283 2419; x_wconf 85' lang='lat' dir='ltr'><strong><em>cile</em></strong></span> <span class='ocrx_word' id='word_1_143' title='bbox 304 2356 451 2430; x_wconf 80' lang='lat' dir='ltr'><strong><em>dixeris,</em></strong></span> <span class='ocrx_word' id='word_1_144' title='bbox 470 2367 588 2418; x_wconf 88' lang='lat' dir='ltr'><strong><em>utrum</em></strong></span> <span class='ocrx_word' id='word_1_145' title='bbox 612 2355 725 2438; x_wconf 86' lang='lat' dir='ltr'><strong><em>magis</em></strong></span> <span class='ocrx_word' id='word_1_146' title='bbox 743 2355 912 2436; x_wconf 89' lang='lat' dir='ltr'><strong><em>presserit</em></strong></span> <span class='ocrx_word' id='word_1_147' title='bbox 931 2377 1008 2416; x_wconf 86' lang='lat' dir='ltr'><strong><em>eum</em></strong></span> <span class='ocrx_word' id='word_1_148' title='bbox 1029 2355 1201 2431; x_wconf 87' lang='lat' dir='ltr'><strong><em>nobilitas,</em></strong></span> <span class='ocrx_word' id='word_1_149' title='bbox 1220 2376 1266 2416; x_wconf 90' lang='lat' dir='ltr'><strong><em>an</em></strong></span> 
     </span>
     <span class='ocr_line' id='line_1_21' title="bbox 219 2457 1265 2542; baseline -0.008 -16"><span class='ocrx_word' id='word_1_150' title='bbox 219 2460 277 2526; x_wconf 80' lang='lat' dir='ltr'><strong><em>itte</em></strong></span> <span class='ocrx_word' id='word_1_151' title='bbox 295 2459 481 2542; x_wconf 78' lang='lat' dir='ltr'><strong><em>agitaverit</em></strong></span> <span class='ocrx_word' id='word_1_152' title='bbox 503 2458 728 2523; x_wconf 81' lang='lat' dir='ltr'><strong><em>nobilitatem.</em></strong></span> <span class='ocrx_word' id='word_1_153' title='bbox 772 2458 901 2539; x_wconf 86' lang='lat' dir='ltr'><strong><em>Asperi</em></strong></span> <span class='ocrx_word' id='word_1_154' title='bbox 920 2460 1045 2539; x_wconf 90' lang='lat' dir='ltr'><strong><em>procul</em></strong></span> <span class='ocrx_word' id='word_1_155' title='bbox 1066 2457 1169 2520; x_wconf 90' lang='lat' dir='ltr'><strong><em>dubio</em></strong></span> <span class='ocrx_word' id='word_1_156' title='bbox 1190 2457 1265 2519; x_wconf 91' lang='lat' dir='ltr'><strong><em>ani·</em></strong></span> 
     </span>
     <span class='ocr_line' id='line_1_22' title="bbox 221 2558 1267 2650; baseline -0.004 -24"><span class='ocrx_word' id='word_1_157' title='bbox 221 2563 268 2626; x_wconf 90' lang='lat' dir='ltr'><strong><em>mi</em></strong></span> <span class='ocrx_word' id='word_1_158' title='bbox 284 2575 317 2626; x_wconf 91' lang='lat' dir='ltr'><strong><em>et</em></strong></span> <span class='ocrx_word' id='word_1_159' title='bbox 337 2562 477 2644; x_wconf 88' lang='lat' dir='ltr'><strong><em>linguae</em></strong></span> <span class='ocrx_word' id='word_1_160' title='bbox 503 2562 645 2624; x_wconf 80' lang='lat' dir='ltr'><strong><em>acerbae</em></strong></span> <span class='ocrx_word' id='word_1_161' title='bbox 671 2573 703 2624; x_wconf 90' lang='lat' dir='ltr'><strong><em>et</em></strong></span> <span class='ocrx_word' id='word_1_162' title='bbox 732 2560 913 2623; x_wconf 81' lang='lat' dir='ltr'><strong><em>immodice</em></strong></span> <span class='ocrx_word' id='word_1_163' title='bbox 937 2561 1063 2622; x_wconf 87' lang='lat' dir='ltr'><strong><em>liberae</em></strong></span> <span class='ocrx_word' id='word_1_164' title='bbox 1071 2558 1177 2650; x_wconf 85' lang='lat' dir='ltr'><strong><em>fuit,</em></strong></span> <span class='ocrx_word' id='word_1_165' title='bbox 1205 2559 1267 2622; x_wconf 90' lang='lat' dir='ltr'><strong><em>sed</em></strong></span> 
     </span>
     <span class='ocr_line' id='line_1_23' title="bbox 219 2663 1261 2746; baseline -0.004 -18"><span class='ocrx_word' id='word_1_166' title='bbox 219 2665 335 2728; x_wconf 87' lang='lat' dir='ltr'><strong><em>invicti</em></strong></span> <span class='ocrx_word' id='word_1_167' title='bbox 355 2685 379 2726; x_wconf 90' lang='lat' dir='ltr'><strong><em>a</em></strong></span> <span class='ocrx_word' id='word_1_168' title='bbox 402 2663 648 2746; x_wconf 82' lang='lat' dir='ltr'><strong><em>cupiditatibus</em></strong></span> <span class='ocrx_word' id='word_1_169' title='bbox 673 2663 782 2726; x_wconf 90' lang='lat' dir='ltr'><strong><em>animi</em></strong></span> <span class='ocrx_word' id='word_1_170' title='bbox 803 2675 837 2726; x_wconf 90' lang='lat' dir='ltr'><strong><em>et</em></strong></span> <span class='ocrx_word' id='word_1_171' title='bbox 863 2663 999 2746; x_wconf 83' lang='lat' dir='ltr'><strong><em>rigidae</em></strong></span> <span class='ocrx_word' id='word_1_172' title='bbox 1027 2663 1261 2736; x_wconf 85' lang='lat' dir='ltr'><strong><em>innocentiae,</em></strong></span> 
     </span>
     <span class='ocr_line' id='line_1_24' title="bbox 218 2764 1264 2848; baseline -0.006 -18"><span class='ocrx_word' id='word_1_173' title='bbox 218 2780 409 2832; x_wconf 87' lang='lat' dir='ltr'><strong><em>contemtor</em></strong></span> <span class='ocrx_word' id='word_1_174' title='bbox 425 2767 583 2848; x_wconf 89' lang='lat' dir='ltr'><strong><em>gratiae,</em></strong></span> <span class='ocrx_word' id='word_1_175' title='bbox 603 2766 814 2838; x_wconf 87' lang='lat' dir='ltr'><strong><em>divitiarum,</em></strong></span> <span class='ocrx_word' id='word_1_176' title='bbox 837 2766 873 2827; x_wconf 86' lang='lat' dir='ltr'><strong><em>ia</em></strong></span> <span class='ocrx_word' id='word_1_177' title='bbox 891 2765 1120 2846; x_wconf 84' lang='lat' dir='ltr'><strong><em>parsimonia,</em></strong></span> <span class='ocrx_word' id='word_1_178' title='bbox 1144 2764 1179 2825; x_wconf 89' lang='lat' dir='ltr'><strong><em>in</em></strong></span> <span class='ocrx_word' id='word_1_179' title='bbox 1199 2784 1264 2844; x_wconf 89' lang='lat' dir='ltr'><strong><em>pa·</em></strong></span> 
     </span>
     <span class='ocr_line' id='line_1_25' title="bbox 219 2865 1263 2957; baseline -0.007 -24"><span class='ocrx_word' id='word_1_180' title='bbox 219 2869 342 2934; x_wconf 84' lang='lat' dir='ltr'><strong><em>tientia</em></strong></span> <span class='ocrx_word' id='word_1_181' title='bbox 363 2868 502 2942; x_wconf 89' lang='lat' dir='ltr'><strong><em>laboris,</em></strong></span> <span class='ocrx_word' id='word_1_182' title='bbox 522 2867 681 2949; x_wconf 86' lang='lat' dir='ltr'><strong><em>periculi,</em></strong></span> <span class='ocrx_word' id='word_1_183' title='bbox 692 2865 817 2957; x_wconf 87' lang='lat' dir='ltr'><strong><em>ferrei</em></strong></span> <span class='ocrx_word' id='word_1_184' title='bbox 831 2890 940 2948; x_wconf 90' lang='lat' dir='ltr'><strong><em>prope</em></strong></span> <span class='ocrx_word' id='word_1_185' title='bbox 960 2865 1116 2948; x_wconf 87' lang='lat' dir='ltr'><strong><em>corporis</em></strong></span> <span class='ocrx_word' id='word_1_186' title='bbox 1139 2865 1263 2927; x_wconf 77' lang='lat' dir='ltr'><strong><em>animi·</em></strong></span> 
     </span>
     <span class='ocr_line' id='line_1_26' title="bbox 218 2965 1262 3056; baseline -0.002 -22"><span class='ocrx_word' id='word_1_187' title='bbox 218 2994 294 3056; x_wconf 85' lang='lat' dir='ltr'><strong><em>que,</em></strong></span> <span class='ocrx_word' id='word_1_188' title='bbox 316 2992 416 3053; x_wconf 89' lang='lat' dir='ltr'><strong><em>quem</em></strong></span> <span class='ocrx_word' id='word_1_189' title='bbox 430 2989 471 3032; x_wconf 89' lang='lat' dir='ltr'><strong><em>ne</em></strong></span> <span class='ocrx_word' id='word_1_190' title='bbox 486 2980 642 3032; x_wconf 88' lang='lat' dir='ltr'><strong><em>senectus</em></strong></span> <span class='ocrx_word' id='word_1_191' title='bbox 657 2969 804 3052; x_wconf 86' lang='lat' dir='ltr'><strong><em>quidem,</em></strong></span> <span class='ocrx_word' id='word_1_192' title='bbox 822 2991 910 3052; x_wconf 91' lang='lat' dir='ltr'><strong><em>quae</em></strong></span> <span class='ocrx_word' id='word_1_193' title='bbox 925 2969 1025 3032; x_wconf 86' lang='lat' dir='ltr'><strong><em>soluit</em></strong></span> <span class='ocrx_word' id='word_1_194' title='bbox 1040 2965 1262 3056; x_wconf 68' lang='lat' dir='ltr'><strong><em>omnimfre·</em></strong></span> 
     </span>
     <span class='ocr_line' id='line_1_27' title="bbox 219 3071 1262 3156; baseline 0 -20"><span class='ocrx_word' id='word_1_195' title='bbox 219 3073 323 3155; x_wconf 88' lang='lat' dir='ltr'><strong><em>gerit,</em></strong></span> <span class='ocrx_word' id='word_1_196' title='bbox 343 3071 402 3156; x_wconf 91' lang='lat' dir='ltr'><strong><em>qui</em></strong></span> <span class='ocrx_word' id='word_1_197' title='bbox 423 3083 563 3134; x_wconf 79' lang='lat' dir='ltr'><strong><em>sextum</em></strong></span> <span class='ocrx_word' id='word_1_198' title='bbox 581 3083 614 3133; x_wconf 89' lang='lat' dir='ltr'><strong><em>et</em></strong></span> <span class='ocrx_word' id='word_1_199' title='bbox 634 3073 882 3154; x_wconf 82' lang='lat' dir='ltr'><strong><em>octogesimum</em></strong></span> <span class='ocrx_word' id='word_1_200' title='bbox 902 3093 1031 3133; x_wconf 89' lang='lat' dir='ltr'><strong><em>annum</em></strong></span> <span class='ocrx_word' id='word_1_201' title='bbox 1049 3091 1159 3153; x_wconf 86' lang='lat' dir='ltr'><strong><em>agens</em></strong></span> <span class='ocrx_word' id='word_1_202' title='bbox 1180 3094 1262 3136; x_wconf 88' lang='lat' dir='ltr'><strong><em>caa-</em></strong></span> 
     </span>
     <span class='ocr_line' id='line_1_28' title="bbox 218 3173 1262 3258; baseline -0.002 -20"><span class='ocrx_word' id='word_1_203' title='bbox 218 3197 293 3238; x_wconf 89' lang='lat' dir='ltr'><strong><em>sam</em></strong></span> <span class='ocrx_word' id='word_1_204' title='bbox 309 3175 452 3249; x_wconf 80' lang='lat' dir='ltr'><strong><em>dixerit,</em></strong></span> <span class='ocrx_word' id='word_1_205' title='bbox 467 3175 539 3255; x_wconf 88' lang='lat' dir='ltr'><strong><em>ipse</em></strong></span> <span class='ocrx_word' id='word_1_206' title='bbox 556 3193 678 3255; x_wconf 89' lang='lat' dir='ltr'><strong><em>prose</em></strong></span> <span class='ocrx_word' id='word_1_207' title='bbox 698 3175 859 3249; x_wconf 85' lang='lat' dir='ltr'><strong><em>oraverit,</em></strong></span> <span class='ocrx_word' id='word_1_208' title='bbox 880 3173 1137 3258; x_wconf 87' lang='lat' dir='ltr'><strong><em>scripseritque,</em></strong></span> <span class='ocrx_word' id='word_1_209' title='bbox 1154 3197 1262 3239; x_wconf 89' lang='lat' dir='ltr'><strong><em>nona-</em></strong></span> 
     </span>
     <span class='ocr_line' id='line_1_29' title="bbox 217 3275 1261 3362; baseline -0.004 -22"><span class='ocrx_word' id='word_1_210' title='bbox 217 3279 351 3362; x_wconf 85' lang='lat' dir='ltr'><strong><em>gesimo</em></strong></span> <span class='ocrx_word' id='word_1_211' title='bbox 376 3298 468 3340; x_wconf 92' lang='lat' dir='ltr'><strong><em>anno</em></strong></span> <span class='ocrx_word' id='word_1_212' title='bbox 489 3279 566 3343; x_wconf 82' lang='lat' dir='ltr'><strong><em>Ser.</em></strong></span> <span class='ocrx_word' id='word_1_213' title='bbox 581 3277 725 3340; x_wconf 89' lang='lat' dir='ltr'><strong><em>Galbam</em></strong></span> <span class='ocrx_word' id='word_1_214' title='bbox 750 3278 797 3340; x_wconf 91' lang='lat' dir='ltr'><strong><em>ad</em></strong></span> <span class='ocrx_word' id='word_1_215' title='bbox 815 3275 937 3358; x_wconf 90' lang='lat' dir='ltr'><strong><em>populi</em></strong></span> <span class='ocrx_word' id='word_1_216' title='bbox 958 3276 1148 3338; x_wconf 82' lang='lat' dir='ltr'><strong><em>adduxerit</em></strong></span> <span class='ocrx_word' id='word_1_217' title='bbox 1171 3275 1261 3338; x_wconf 86' lang='lat' dir='ltr'><strong><em>iudi·</em></strong></span> 
     </span>
     <span class='ocr_line' id='line_1_30' title="bbox 218 3377 1262 3462; baseline -0.006 -18"><span class='ocrx_word' id='word_1_218' title='bbox 218 3381 322 3444; x_wconf 89' lang='lat' dir='ltr'><strong><em>cium.</em></strong></span> <span class='ocrx_word' id='word_1_219' title='bbox 336 3413 375 3426; x_wconf 94' lang='grc'>-</span> <span class='ocrx_word' id='word_1_220' title='bbox 400 3377 481 3442; x_wconf 91' lang='lat' dir='ltr'><strong><em>Cum</em></strong></span> <span class='ocrx_word' id='word_1_221' title='bbox 501 3389 582 3440; x_wconf 89' lang='lat' dir='ltr'><strong><em>esset</em></strong></span> <span class='ocrx_word' id='word_1_222' title='bbox 604 3380 702 3441; x_wconf 87' lang='lat' dir='ltr'><strong><em>homo</em></strong></span> <span class='ocrx_word' id='word_1_223' title='bbox 723 3401 837 3454; x_wconf 87' lang='lat' dir='ltr'><strong><em>novus,</em></strong></span> <span class='ocrx_word' id='word_1_224' title='bbox 860 3391 891 3440; x_wconf 93' lang='lat' dir='ltr'><strong><em>at</em></strong></span> <span class='ocrx_word' id='word_1_225' title='bbox 913 3378 1049 3462; x_wconf 74' lang='lat' dir='ltr'><strong><em>antiquis</em></strong></span> <span class='ocrx_word' id='word_1_226' title='bbox 1069 3377 1211 3440; x_wconf 87' lang='lat' dir='ltr'><strong><em>moribus</em></strong></span> <span class='ocrx_word' id='word_1_227' title='bbox 1231 3387 1262 3438; x_wconf 90' lang='lat' dir='ltr'><strong><em>et</em></strong></span> 
     </span>
     <span class='ocr_line' id='line_1_31' title="bbox 218 3477 1261 3564; baseline -0.009 -18"><span class='ocrx_word' id='word_1_228' title='bbox 218 3485 258 3546; x_wconf 88' lang='lat' dir='ltr'><strong><em>ab</em></strong></span> <span class='ocrx_word' id='word_1_229' title='bbox 279 3479 364 3545; x_wconf 86' lang='lat' dir='ltr'><strong><em>omni</em></strong></span> <span class='ocrx_word' id='word_1_230' title='bbox 383 3479 509 3542; x_wconf 83' lang='lat' dir='ltr'><strong><em>luxuria</em></strong></span> <span class='ocrx_word' id='word_1_231' title='bbox 529 3480 660 3557; x_wconf 87' lang='lat' dir='ltr'><strong><em>alienus,</em></strong></span> <span class='ocrx_word' id='word_1_232' title='bbox 686 3479 858 3554; x_wconf 86' lang='lat' dir='ltr'><strong><em>nobilitati,</em></strong></span> <span class='ocrx_word' id='word_1_233' title='bbox 880 3492 1046 3564; x_wconf 84' lang='lat' dir='ltr'><strong><em>quactum</em></strong></span> <span class='ocrx_word' id='word_1_234' title='bbox 1066 3477 1207 3560; x_wconf 87' lang='lat' dir='ltr'><strong><em>potentia</em></strong></span> <span class='ocrx_word' id='word_1_235' title='bbox 1230 3488 1261 3540; x_wconf 92' lang='lat' dir='ltr'><strong><em>et</em></strong></span> 
     </span>
     <span class='ocr_line' id='line_1_32' title="bbox 218 3577 1260 3661; baseline -0.008 -13"><span class='ocrx_word' id='word_1_236' title='bbox 218 3583 340 3648; x_wconf 85' lang='lat' dir='ltr'><strong><em>divitiis</em></strong></span> <span class='ocrx_word' id='word_1_237' title='bbox 359 3584 554 3658; x_wconf 82' lang='lat' dir='ltr'><strong><em>abundabat,</em></strong></span> <span class='ocrx_word' id='word_1_238' title='bbox 578 3596 679 3645; x_wconf 87' lang='lat' dir='ltr'><strong><em>tuma</em></strong></span> <span class='ocrx_word' id='word_1_239' title='bbox 704 3597 810 3646; x_wconf 88' lang='lat' dir='ltr'><strong><em>vetere</em></strong></span> <span class='ocrx_word' id='word_1_240' title='bbox 834 3581 1036 3661; x_wconf 84' lang='lat' dir='ltr'><strong><em>simplicitate</em></strong></span> <span class='ocrx_word' id='word_1_241' title='bbox 1058 3580 1089 3642; x_wconf 92' lang='lat' dir='ltr'><strong><em>in</em></strong></span> <span class='ocrx_word' id='word_1_242' title='bbox 1111 3579 1173 3640; x_wconf 82' lang='lat' dir='ltr'><strong><em>vite</em></strong></span> <span class='ocrx_word' id='word_1_243' title='bbox 1192 3577 1260 3659; x_wconf 89' lang='lat' dir='ltr'><strong><em>pri·</em></strong></span> 
     </span>
     <span class='ocr_line' id='line_1_33' title="bbox 219 3681 1259 3768; baseline -0.004 -20"><span class='ocrx_word' id='word_1_244' title='bbox 219 3699 289 3748; x_wconf 85' lang='lat' dir='ltr'><strong><em>vata</em></strong></span> <span class='ocrx_word' id='word_1_245' title='bbox 314 3688 507 3768; x_wconf 83' lang='lat' dir='ltr'><strong><em>degenerare</em></strong></span> <span class='ocrx_word' id='word_1_246' title='bbox 534 3685 660 3767; x_wconf 88' lang='lat' dir='ltr'><strong><em>eoepit,</em></strong></span> <span class='ocrx_word' id='word_1_247' title='bbox 684 3706 717 3747; x_wconf 90' lang='lat' dir='ltr'><strong><em>se</em></strong></span> <span class='ocrx_word' id='word_1_248' title='bbox 741 3683 894 3765; x_wconf 87' lang='lat' dir='ltr'><strong><em>opposuit</em></strong></span> <span class='ocrx_word' id='word_1_249' title='bbox 918 3704 955 3742; x_wconf 88' lang='lat' dir='ltr'><strong><em>ac</em></strong></span> <span class='ocrx_word' id='word_1_250' title='bbox 977 3681 1127 3760; x_wconf 85' lang='lat' dir='ltr'><strong><em>princeps</em></strong></span> <span class='ocrx_word' id='word_1_251' title='bbox 1149 3701 1259 3744; x_wconf 87' lang='lat' dir='ltr'><strong><em>eorum</em></strong></span> 
     </span>
     <span class='ocr_line' id='line_1_34' title="bbox 216 3781 1259 3871; baseline -0.007 -19"><span class='ocrx_word' id='word_1_252' title='bbox 216 3786 294 3862; x_wconf 80' lang='lat' dir='ltr'><strong><em>fuit,</em></strong></span> <span class='ocrx_word' id='word_1_253' title='bbox 314 3787 368 3871; x_wconf 93' lang='lat' dir='ltr'><strong><em>qui</em></strong></span> <span class='ocrx_word' id='word_1_254' title='bbox 389 3787 555 3868; x_wconf 84' lang='lat' dir='ltr'><strong><em>superbiae</em></strong></span> <span class='ocrx_word' id='word_1_255' title='bbox 579 3786 777 3868; x_wconf 87' lang='lat' dir='ltr'><strong><em>optimatium</em></strong></span> <span class='ocrx_word' id='word_1_256' title='bbox 796 3783 955 3855; x_wconf 86' lang='lat' dir='ltr'><strong><em>resistere,</em></strong></span> <span class='ocrx_word' id='word_1_257' title='bbox 979 3792 1097 3842; x_wconf 83' lang='lat' dir='ltr'><strong><em>sumtus</em></strong></span> <span class='ocrx_word' id='word_1_258' title='bbox 1117 3781 1163 3844; x_wconf 84' lang='lat' dir='ltr'><strong><em>rei</em></strong></span> <span class='ocrx_word' id='word_1_259' title='bbox 1178 3785 1259 3864; x_wconf 90' lang='lat' dir='ltr'><strong><em>pub·</em></strong></span> 
     </span>
     <span class='ocr_line' id='line_1_35' title="bbox 216 3881 1258 3969; baseline -0.002 -19"><span class='ocrx_word' id='word_1_260' title='bbox 216 3889 296 3953; x_wconf 86' lang='lat' dir='ltr'><strong><em>licae</em></strong></span> <span class='ocrx_word' id='word_1_261' title='bbox 321 3888 483 3966; x_wconf 87' lang='lat' dir='ltr'><strong><em>minuere,</em></strong></span> <span class='ocrx_word' id='word_1_262' title='bbox 507 3889 616 3952; x_wconf 86' lang='lat' dir='ltr'><strong><em>luxum</em></strong></span> <span class='ocrx_word' id='word_1_263' title='bbox 642 3887 744 3951; x_wconf 85' lang='lat' dir='ltr'><strong><em>omnis</em></strong></span> <span class='ocrx_word' id='word_1_264' title='bbox 765 3884 892 3969; x_wconf 83' lang='lat' dir='ltr'><strong><em>generis</em></strong></span> <span class='ocrx_word' id='word_1_265' title='bbox 917 3883 1001 3944; x_wconf 87' lang='lat' dir='ltr'><strong><em>etin</em></strong></span> <span class='ocrx_word' id='word_1_266' title='bbox 1026 3881 1153 3962; x_wconf 85' lang='lat' dir='ltr'><strong><em>privata</em></strong></span> <span class='ocrx_word' id='word_1_267' title='bbox 1175 3896 1206 3947; x_wconf 88' lang='lat' dir='ltr'><strong><em>et</em></strong></span> <span class='ocrx_word' id='word_1_268' title='bbox 1227 3886 1258 3949; x_wconf 86' lang='lat' dir='ltr'><strong><em>in</em></strong></span> 
     </span>
     <span class='ocr_line' id='line_1_36' title="bbox 216 3984 1259 4072; baseline -0.013 -18"><span class='ocrx_word' id='word_1_269' title='bbox 216 3991 345 4072; x_wconf 89' lang='lat' dir='ltr'><strong><em>publica</em></strong></span> <span class='ocrx_word' id='word_1_270' title='bbox 363 3991 428 4054; x_wconf 84' lang='lat' dir='ltr'><strong><em>vita</em></strong></span> <span class='ocrx_word' id='word_1_271' title='bbox 449 3991 634 4070; x_wconf 82' lang='lat' dir='ltr'><strong><em>extirpare,</em></strong></span> <span class='ocrx_word' id='word_1_272' title='bbox 662 3985 858 4067; x_wconf 83' lang='lat' dir='ltr'><strong><em>direptiones</em></strong></span> <span class='ocrx_word' id='word_1_273' title='bbox 884 3985 1046 4048; x_wconf 87' lang='lat' dir='ltr'><strong><em>sociorum</em></strong></span> <span class='ocrx_word' id='word_1_274' title='bbox 1070 3984 1101 4048; x_wconf 88' lang='lat' dir='ltr'><strong><em>in</em></strong></span> <span class='ocrx_word' id='word_1_275' title='bbox 1124 3987 1259 4068; x_wconf 81' lang='lat' dir='ltr'><strong><em>provin.</em></strong></span> 
     </span>
     <span class='ocr_line' id='line_1_37' title="bbox 216 4088 1257 4178; baseline -0.003 -23"><span class='ocrx_word' id='word_1_276' title='bbox 216 4093 285 4170; x_wconf 84' lang='lat' dir='ltr'><strong><em>ciis,</em></strong></span> <span class='ocrx_word' id='word_1_277' title='bbox 306 4117 383 4178; x_wconf 89' lang='lat' dir='ltr'><strong><em>quas</em></strong></span> <span class='ocrx_word' id='word_1_278' title='bbox 404 4104 572 4174; x_wconf 82' lang='lat' dir='ltr'><strong><em>praetores</em></strong></span> <span class='ocrx_word' id='word_1_279' title='bbox 593 4111 686 4170; x_wconf 86' lang='lat' dir='ltr'><strong><em>saepe</em></strong></span> <span class='ocrx_word' id='word_1_280' title='bbox 707 4088 962 4170; x_wconf 74' lang='lat' dir='ltr'><strong><em>committebant,</em></strong></span> <span class='ocrx_word' id='word_1_281' title='bbox 981 4088 1174 4169; x_wconf 86' lang='lat' dir='ltr'><strong><em>prohibere,</em></strong></span> <span class='ocrx_word' id='word_1_282' title='bbox 1198 4090 1257 4152; x_wconf 89' lang='lat' dir='ltr'><strong><em>im·</em></strong></span> 
     </span>
     <span class='ocr_line' id='line_1_38' title="bbox 213 4188 1257 4277; baseline -0.003 -20"><span class='ocrx_word' id='word_1_283' title='bbox 213 4209 396 4277; x_wconf 87' lang='lat' dir='ltr'><strong><em>peratorum</em></strong></span> <span class='ocrx_word' id='word_1_284' title='bbox 418 4195 581 4274; x_wconf 86' lang='lat' dir='ltr'><strong><em>peculatus</em></strong></span> <span class='ocrx_word' id='word_1_285' title='bbox 606 4188 721 4272; x_wconf 89' lang='lat' dir='ltr'><strong><em>punire</em></strong></span> <span class='ocrx_word' id='word_1_286' title='bbox 749 4201 842 4273; x_wconf 86' lang='lat' dir='ltr'><strong><em>atque</em></strong></span> <span class='ocrx_word' id='word_1_287' title='bbox 867 4190 989 4254; x_wconf 88' lang='lat' dir='ltr'><strong><em>nobiles</em></strong></span> <span class='ocrx_word' id='word_1_288' title='bbox 1010 4214 1027 4254; x_wconf 86' lang='lat' dir='ltr'><strong><em>a</em></strong></span> <span class='ocrx_word' id='word_1_289' title='bbox 1049 4192 1176 4254; x_wconf 85' lang='lat' dir='ltr'><strong><em>summis</em></strong></span> <span class='ocrx_word' id='word_1_290' title='bbox 1197 4194 1257 4254; x_wconf 91' lang='lat' dir='ltr'><strong><em>ho·</em></strong></span> 
     </span>
     <span class='ocr_line' id='line_1_39' title="bbox 213 4291 1255 4384; baseline -0.008 -22"><span class='ocrx_word' id='word_1_291' title='bbox 213 4297 365 4384; x_wconf 76' lang='lat' dir='ltr'><strong><em>naribus,</em></strong></span> <span class='ocrx_word' id='word_1_292' title='bbox 385 4316 467 4379; x_wconf 86' lang='lat' dir='ltr'><strong><em>quos</em></strong></span> <span class='ocrx_word' id='word_1_293' title='bbox 486 4292 534 4356; x_wconf 87' lang='lat' dir='ltr'><strong><em>illi</em></strong></span> <span class='ocrx_word' id='word_1_294' title='bbox 557 4303 713 4378; x_wconf 83' lang='lat' dir='ltr'><strong><em>tamquam</em></strong></span> <span class='ocrx_word' id='word_1_295' title='bbox 737 4291 806 4356; x_wconf 86' lang='lat' dir='ltr'><strong><em>iure</em></strong></span> <span class='ocrx_word' id='word_1_296' title='bbox 829 4313 887 4358; x_wconf 85' lang='lat' dir='ltr'><strong><em>suo</em></strong></span> <span class='ocrx_word' id='word_1_297' title='bbox 909 4293 1071 4358; x_wconf 87' lang='lat' dir='ltr'><strong><em>vindicare</em></strong></span> <span class='ocrx_word' id='word_1_298' title='bbox 1094 4296 1255 4368; x_wconf 85' lang='lat' dir='ltr'><strong><em>solebant,</em></strong></span> 
     </span>
    </p>
   </div>
   <div class='ocr_carea' id='block_1_3' title="bbox 0 0 1490 4836">
    <p class='ocr_par' dir='ltr' id='par_1_3' title="bbox 0 0 1490 4836">
     <span class='ocr_line' id='line_1_40' title="bbox 0 0 1490 4836; baseline 0 3"><span class='ocrx_word' id='word_1_299' title='bbox 0 0 1490 4836; x_wconf 95' lang='lat' dir='ltr'><strong><em> </em></strong></span> 
     </span>
    </p>
   </div>
  </div>
 </body>
</html>
