2992 4840
271 385 332 448 228

271 544 370 624 δῆλος
398 528 439 623 ἦν
468 537 527 608 οὐκ
554 535 744 631 ἠρεμήσων,
776 541 868 623 δίκην
894 566 928 608 τε
949 545 1013 610 τινὶ
1031 541 1095 610 τῶν
1116 541 1222 634 φίλων
1242 540 1322 637 φευ-

270 669 363 730 γονει
386 646 510 735 Βεττίῳ
531 641 705 726 συνειπὼν,
729 645 789 712 τοῦ
810 641 916 732 δήμου
937 647 1244 724 συνενθουσιῶντος
1261 643 1318 740 ὑφ’

269 744 389 828 ἡδονῆς
408 753 464 813 καὶ
484 743 703 834 βακχεύοντος
724 753 797 833 περὶ
819 744 920 814 αὐτὸν
938 744 1080 830 ἀπέδειξε
1101 745 1178 827 τοὺς
1199 746 1321 826 ἄλλους

270 845 414 939 ῥήτορας
444 851 570 916 παίδων
600 853 703 936 μηδὲν
731 854 973 942 διαφέροντας,
1005 853 1051 928 a,
1077 847 1187 942 φόβον
1213 839 1321 927 cicuitu

270 948 303 1018 ὁι
328 949 465 1020 δυνατὸι
486 953 715 1033 καθίσταντο,
745 958 800 1019 καὶ
826 951 929 1031 πολὺς
950 941 992 1034 ἦν
1014 955 1047 1020 ἐν
1072 949 1186 1032 αὐτοῖς
1206 947 1319 1038 λόγος,

271 1047 359 1134 ὅπως
378 1052 437 1122 οὐκ
452 1051 607 1122 ἐάσουσιν
622 1057 673 1122 ἐπὶ
694 1057 878 1146 δημαρχίαν
900 1053 957 1123 sir
973 1059 998 1122 Ι
1000 1060 1078 1122 utor
1098 1060 1288 1142 προελθεῖν.

470 1307 500 1364 2.
535 1307 652 1379 Oratio,
674 1312 704 1364 ut
723 1309 771 1364 tcx
790 1298 905 1379 Papiria
924 1309 1094 1379 accipiatur.

334 1451 377 1518 C.
399 1457 567 1518 Gracchus
590 1455 651 1519 iam
678 1469 748 1521 autc
773 1468 974 1542 quaesturam
1005 1457 1107 1542 legem
1132 1457 1174 1522 C.
1191 1456 1317 1539 Papirii

272 1556 432 1621 Carbonis
453 1560 492 1619 dc
512 1557 648 1622 tribunis
663 1559 767 1641 plebis
789 1558 971 1623 reficiendis
991 1563 1086 1640 (iiber
1102 1558 1152 1622 die
1168 1559 1319 1622 Wieder·

271 1659 523 1734 erwiihiharhcit
555 1665 611 1724 der
638 1661 903 1740 Volhstrihuuen)
935 1685 965 1725 a.
997 1663 1059 1724 623
1088 1662 1178 1742 (131)
1207 1659 1317 1724 suasit.

270 1759 351 1824 Vid.
377 1761 552 1826 orationem
577 1768 615 1828 0.
639 1765 773 1847 Papirii
797 1765 963 1829 Carbonis
987 1788 1021 1847 p.
1048 1765 1122 1827 219.
1163 1765 1231 1827 Iam
1257 1765 1318 1826 hac

271 1862 417 1926 oratioue
440 1862 481 1928 C.
501 1866 669 1928 Gracchus
691 1878 801 1948 aperte
823 1868 990 1948 professus
1015 1879 1077 1940 est,
1107 1887 1140 1929 se
1162 1887 1227 1930 nou
1254 1863 1319 1928 dis·

272 1967 424 2029 ccdcrca
451 1980 552 2031 mente
576 1978 606 2030 et
631 1968 773 2032 consiliis
797 1970 923 2034 Tiberii
943 1969 1054 2033 fratris
1078 1982 1172 2053 atquc
1198 1969 1318 2032 abhor-

273 2089 344 2130 rere
373 2071 413 2130 ah
442 2070 658 2152 optimatibus.

333 2171 449 2234 Livius
473 2173 564 2255 Epit.
588 2173 647 2238 tib.
665 2175 717 2239 59.
763 2179 849 2241 Cum
869 2175 981 2240 Carbo
1003 2173 1163 2236 tribunus
1186 2177 1236 2256 pt.
1261 2194 1318 2236 ro·

268 2274 446 2355 gationem
471 2277 622 2352 tulisset,
646 2290 685 2340 ut
710 2279 855 2342 eandem
879 2279 1056 2342 tribunum
1079 2276 1208 2359 plebis,
1232 2297 1318 2359 quo·

269 2375 334 2438 ties
361 2380 474 2450 uellet,
503 2401 621 2442 creare
644 2381 780 2456 liceret,
805 2381 1023 2464 rogationem
1048 2379 1123 2442 eius
1150 2382 1189 2444 P.
1212 2376 1317 2468 Afri·

269 2499 376 2541 canus
407 2482 620 2563 grauissima
652 2485 810 2548 oratione
842 2483 1032 2558 dissuasit,
1073 2486 1111 2548 C.
1142 2482 1319 2546 Gracchus

269 2594 391 2646 contra
414 2585 526 2648 suasit
549 2586 786 2669 rogationem,
811 2587 873 2650 sed
895 2585 1011 2668 Scipio
1037 2585 1158 2646 tenuit.

228 2746 259 2772 st
335 2683 501 2748 Charisius
524 2709 557 2768 p.
576 2689 649 2751 tus.
672 2692 752 2752 Em.
769 2692 806 2754 C.
822 2691 1018 2762 Gracchus,
1043 2698 1081 2750 ut
1102 2688 1161 2748 tex
1174 2683 1319 2766 Papiria

271 2787 481 2866 accipiatur:
508 2791 653 2854 Pessimi
680 2790 876 2866 Tiberium,
895 2789 1060 2880 fratrem
1090 2809 1203 2850 meum
1228 2787 1317 2870 opti·

271 2907 382 2964 mum,
400 2887 669 2979 interfeceruntr
691 2915 757 2969 em,
783 2893 904 2968 uidete,
929 2914 1032 2976 quam
1050 2911 1117 2972 par
1129 2889 1211 2970 pari
1229 2888 1319 2950 sint!

271 2992 317 3050 At
333 2990 459 3074 quidam
476 3015 530 3056 em
551 3016 613 3076 pro
637 3017 678 3058 en
698 2997 808 3059 voluat
831 3017 919 3072 esse,
944 2997 1000 3056 scd
1015 2995 1105 3056 dccet
1121 3009 1316 3054 commemo·

272 3090 394 3155 ratione
417 3093 579 3158 fraternae
603 3096 715 3160 mortis
741 3096 963 3183 ingemiscere.

303 3235 366 3295 Ena]
403 3240 419 3282 i.
439 3255 461 3284 e.
483 3243 537 3285 hcm
559 3243 704 3290 interiectio.

302 3363 428 3422 perairni]
466 3366 494 3412 C.
519 3366 641 3410 Gracchus
662 3367 691 3415 P.
714 3369 851 3423 Scipionem
870 3367 982 3413 Nasicam
1013 3372 1153 3424 ceterosque
1172 3364 1315 3417 actitantes,

338 3453 377 3507 qui
401 3455 480 3497 caedis
502 3455 595 3498 Tiberii
617 3455 701 3499 fratris
725 3462 835 3500 auctores
855 3457 964 3510 fuerant,
985 3455 1111 3512 inteiligit,
1131 3453 1230 3508 dicens,
1256 3463 1316 3506 ecs,

339 3541 378 3594 qui
401 3555 461 3584 nunc
484 3544 560 3600 tegam
577 3543 700 3597 Papiriam
722 3545 873 3599 dissuadent,
894 3546 1010 3596 illorum,
1034 3544 1073 3600 qui
1095 3542 1223 3585 'liberium
1244 3539 1318 3582 iuter·

339 3627 461 3682 fecerant,
483 3630 619 3674 simillimos
642 3645 704 3680 esse.
731 3632 804 3676 Caius
818 3633 941 3676 Gracchus
960 3633 989 3674 ad
1008 3644 1061 3674 earn
1082 3643 1165 3673 vocem
1185 3632 1249 3671 tanto
1268 3639 1319 3668 ma-

338 3717 376 3772 gis
405 3717 568 3768 incitabatur,
601 3721 662 3775 quod
687 3719 717 3764 Ρ.
740 3720 868 3764 africanus
893 3723 916 3763 iu
940 3720 1089 3762 dissuasione
1122 3715 1182 3775 tegis
1206 3713 1317 3770 Papiriae

338 3804 445 3856 dixerat,
466 3804 591 3850 Tiberium
613 3806 748 3851 Gracchum
771 3809 823 3852 iure
844 3820 940 3850 caesum
962 3820 1024 3852 esse.
1054 3803 1090 3861 (v.
1106 3817 1161 3862 pag.
1178 3799 1249 3853 189.)

305 3926 406 3984 quidam
424 3942 462 3972 cm
480 3943 528 3986 pro
546 3927 592 3988 ert]
630 3931 696 3973 fland
714 3932 891 3974 inl'urselliuo
912 3935 929 3979 t.
951 3927 975 3974 3.
996 3943 1019 3985 p.
1037 3924 1068 3972 53
1090 3928 1189 3974 scribit:
1222 3923 1318 3970 Tamen

339 4029 426 4060 verum
444 4016 562 4062 uiderunt
584 4018 637 4072 itti,
659 4018 702 4076 qui
719 4031 767 4075 pro
785 4032 824 4062 err
847 4017 1014 4074 accipiebant.
1051 4015 1142 4062 Aliena
1161 4016 1228 4060 anim
1243 4025 1318 4072 pror·

339 4118 383 4149 sur
401 4112 439 4150 art
458 4105 489 4148 ab
512 4103 560 4149 hac
578 4118 637 4150 voce
656 4103 817 4158 dolcrtsiaur
834 4108 958 4150 moeroris
977 4103 1144 4164 significatio.

266 4302 294 4317 ,
335 4239 503 4305 Charisius
521 4265 555 4326 p·
573 4245 647 4307 116.
671 4245 973 4310 communirent).
994 4243 1183 4314 Gracchus,
1206 4249 1244 4300 ut
1259 4237 1319 4298 tex

271 4365 412 4439 Papiria
441 4361 657 4442 accipiatur:
689 4353 759 4435 Qui
787 4348 976 4432 sapientem
997 4365 1076 4407 eum
1090 4341 1233 4432 faciet,
1259 4337 1319 4422 qui
1348 4401 1352 4410 ¹
