2984 4842
258 379 320 444 368

322 533 426 598 Huius
449 555 560 600 causac
582 531 696 598 mentio
719 539 765 592 est
793 525 877 590 facta
900 546 952 607 ap.
975 523 1049 590 Cic.
1080 523 1213 588 Verrin.
1239 522 1296 590 lib.

256 639 284 696 l.
316 633 374 712 38,
410 637 482 710 97.,
515 634 631 698 exitum
662 627 770 694 iudicii
805 638 1034 692 commemorat
1071 627 1231 692 Asconius
1267 628 1297 692 iu

259 735 462 800 Scaurianam
477 759 511 818 p.
535 736 586 797 26.
608 737 756 796 alterum
780 731 995 796 Dolabellam
1016 733 1071 796 M.
1095 734 1248 795 scaena
1264 743 1297 794 ct

256 841 430 903 accusauit
448 850 479 901 et
499 836 685 898 damnauit.

256 1005 284 1062 l.
325 1003 422 1061 Oratio
440 1017 492 1072 pro
506 999 559 1058 Cn.
577 1001 713 1059 Cornelio
732 1003 884 1058 Dolabella
904 1001 957 1059 Cn.
980 1003 999 1058 l.
1022 1005 1122 1056 contra
1139 999 1171 1057 G.
1193 999 1297 1058 lolium

689 1095 855 1153 Gaesarem.

316 1209 395 1269 Acta
415 1215 463 1268 est
486 1227 579 1270 causa
604 1229 633 1270 a.
657 1209 717 1270 677
743 1209 824 1288 (77).
850 1206 911 1272 Cn.
934 1205 1106 1271 Cornelius
1127 1205 1296 1270 Dolabella

253 1319 418 1392 postquam
438 1329 454 1371 a
467 1309 553 1372 Sulla
570 1312 768 1374 consulatum
782 1333 811 1373 a.
825 1312 887 1374 673
901 1310 969 1391 (81)
985 1306 1139 1373 etdeinde
1156 1328 1296 1390 procon-

249 1409 381 1474 sulatum
414 1411 631 1477 Macedoniae
657 1425 842 1496 acceperat,
871 1413 1048 1496 multasque
1076 1410 1121 1474 ibi
1146 1409 1295 1493 pecunias

252 1521 475 1578 contraxerat:
505 1536 522 1576 a
557 1513 596 1581 C.
622 1515 707 1580 Iulio
730 1513 887 1591 Caesare,
919 1514 974 1599 qui
998 1513 1134 1577 Sullanis
1161 1513 1296 1576 maxime

250 1618 452 1680 adversarius
467 1629 552 1694 erat,
575 1631 740 1682 accusatus
766 1631 814 1682 est
827 1619 1070 1698 repetundarum
1092 1637 1120 1676 a.
1139 1617 1198 1676 677
1215 1619 1247 1691 (7
1252 1619 1295 1690 7),

249 1721 342 1781 seda
367 1719 464 1783 Cotta
490 1731 521 1782 et
543 1719 721 1784 Hortensio
749 1720 906 1792 defensus,
933 1719 973 1778 ab
995 1716 1114 1780 indicio
1130 1715 1295 1780 senatorio

249 1819 401 1885 liberatus
424 1834 482 1883 est.
510 1820 597 1883 Vide
624 1832 714 1884 orat.
746 1824 784 1884 0.
809 1823 874 1884 lut.
902 1819 1079 1891 Caesaris,
1105 1829 1135 1879 et
1157 1821 1196 1882 0.
1221 1821 1294 1881 Au-

250 1923 328 1986 relii
349 1927 469 1987 Cottae
489 1945 523 2004 p.
551 1922 624 1984 sul.

314 2024 387 2088 Cic.
415 2027 507 2088 Brut.
533 2046 562 2086 c.
592 2024 645 2086 92.
691 2027 774 2089 Duo
796 2036 869 2088 tum
890 2026 1100 2088 excellebant
1122 2036 1290 2098 oratores,

248 2129 308 2213 qui
331 2150 382 2192 me
404 2125 563 2190 imitandi
585 2125 773 2208 cupiditate
801 2127 999 2200 incitarent,
1025 2131 1127 2191 Cotta
1147 2139 1180 2190 et
1202 2130 1293 2191 Hor-

248 2231 392 2295 tensius.
445 2229 512 2291 Sed
540 2249 617 2290 cum
648 2229 836 2292 Hortensio
867 2230 980 2313 magis
1001 2230 1199 2293 arbitrabar
1221 2251 1293 2294 rem

180 2355 186 2364 ·
248 2354 338 2407 esse,
362 2331 455 2415 quod
476 2342 509 2392 et
530 2330 665 2394 dicendi
687 2331 814 2394 ardore
843 2354 939 2394 eram
960 2332 1106 2415 propior
1128 2345 1160 2394 et
1181 2344 1294 2396 aelate

249 2433 476 2497 coniunctior.
516 2433 653 2498 Etenim
674 2433 828 2496 uideram
850 2436 885 2496 in
908 2435 1030 2498 iisdem
1048 2435 1162 2497 causis
1177 2447 1215 2496 ut
1228 2456 1295 2516 pro

250 2539 304 2602 M.
324 2537 497 2610 Canuleio,
520 2556 587 2618 pro
609 2539 671 2600 Gn.
696 2537 876 2600 Dolabella
897 2537 1083 2611 consulari,
1101 2557 1178 2600 cum
1194 2540 1296 2601 Cotta

249 2637 409 2721 princepe
430 2639 603 2702 adhibitus
626 2649 732 2712 esset,
758 2639 893 2710 priores
914 2651 1028 2703 tamen
1051 2661 1156 2723 agere
1175 2651 1294 2721 partes

249 2741 487 2806 Hortensium.

268 2899 297 2954 8.
338 2896 439 2955 Oratio
459 2914 512 2969 pro
533 2897 669 2955 Terentio
688 2899 820 2956 Varrone
845 2905 946 2957 contra
965 2901 1090 2972 Appium
1111 2899 1272 2955 Claudium.

314 3011 398 3073 Acta
421 3020 468 3072 est
495 3030 586 3074 causa
611 3033 641 3074 a.
669 3012 730 3075 679
754 3014 836 3092 (75).
883 3013 1052 3092 'forentius
1080 3013 1211 3087 Varro,
1238 3009 1293 3094 qui

250 3124 444 3194 propraetor
464 3111 561 3176 Asiae
585 3115 667 3175 haud
687 3112 873 3178 innocenter
899 3138 933 3179 se
956 3125 1108 3198 gesserat,
1132 3124 1296 3176 accusatus

249 3226 296 3278 est
327 3216 367 3276 ab
398 3213 509 3296 Appio
545 3214 700 3289 Claudio,
735 3219 773 3281 de
806 3239 872 3301 quo
903 3217 986 3279 inira
1017 3217 1167 3278 dicemus.
1200 3214 1296 3281 Cous.

251 3316 414 3380 Drumaun
435 3329 459 3378 t.
479 3318 510 3379 l.
538 3340 573 3399 p.
599 3319 670 3382 186.
700 3317 905 3394 Hortensius,
928 3317 985 3402 qui
1008 3327 1073 3378 tum
1090 3314 1200 3377 aedilis
1216 3326 1294 3389 erat,

251 3439 320 3482 eum
345 3417 485 3481 defendit
511 3440 569 3483 nec
595 3419 656 3482 uisi
678 3419 835 3484 iudicibus
863 3415 1025 3498 corruptis
1048 3415 1202 3478 servavit.
1231 3415 1295 3480 Ce-

249 3531 350 3583 terum
385 3521 464 3583 haec
504 3544 596 3585 causa
633 3521 760 3585 nonnisi
797 3543 837 3583 ex
871 3513 1191 3582 Pseudo-Asconio
1221 3528 1295 3581 nota

252 3641 319 3686 esse
345 3622 483 3687 videtur.
514 3623 614 3688 Conf.
641 3622 795 3703 Madwig
816 3622 854 3682 de
882 3617 1027 3682 Asconio
1050 3641 1084 3700 p.
1112 3619 1180 3680 106.

317 3726 444 3789 Pseudo
461 3726 654 3790 -'Asconius
677 3725 709 3788 in
728 3721 969 3787 Divinatioaern
992 3739 1026 3803 p.
1056 3722 1128 3786 109.
1167 3725 1294 3786 Teren·

249 3828 320 3890 tius
351 3830 485 3902 Varro,
516 3828 742 3891 consobrinus
760 3821 890 3913 frater
917 3823 1120 3900 Hortensii,
1145 3845 1224 3887 reus
1249 3846 1296 3886 ex

251 3929 338 3993 Asia
359 3929 454 4011 apud
481 3932 523 3992 L.
548 3929 690 3991 Darium
716 3937 915 4008 praetorem
943 3927 1058 4008 primo
1080 3927 1121 3988 de
1142 3925 1296 4008 pecuniis

250 4030 467 4112 repetundis,
509 4030 630 4093 deinde
663 4028 758 4112 apud
796 4031 835 4091 P.
871 4032 1052 4092 Lentulum
1085 4031 1212 4092 Suram
1245 4037 1297 4089 est

250 4144 441 4207 aremulus,
465 4133 707 4214 absolutusque
731 4144 782 4195 est
806 4154 828 4193 a
851 4134 893 4213 Q.
917 4130 1117 4203 Hortensio,
1144 4132 1203 4214 qui
1222 4151 1297 4191 cor-

251 4235 364 4312 ruptis
387 4234 556 4297 iudicibus
578 4237 667 4296 hunc
691 4247 818 4297 metum
836 4233 1000 4295 adiunxit
1017 4233 1063 4292 ad
1076 4233 1241 4314 gratiam,
1259 4241 1297 4292 ut

252 4331 478 4396 discoloribus
489 4337 578 4399 ceris
593 4336 779 4419 insignitas
795 4335 924 4400 iudices
936 4334 1076 4397 tabellas
1090 4334 1295 4414 acciperent.
