2992 4840
218 532 417 624 Africanus
440 535 703 610 adversaretur,
716 533 904 623 seratisque
927 557 966 598 ac
994 535 1127 598 ualidus
1149 538 1263 602 dedic

217 637 359 700 domum
384 658 421 700 se
452 637 649 718 recepisset,
684 648 842 700 mortuus
867 638 903 700 in
928 638 1082 700 cubiculo
1107 638 1263 702 inuentus

217 751 281 802 est.
326 743 495 820 Suspecta
510 739 613 828 fuit,
646 751 822 822 tamquam
848 741 880 802 ei
906 762 1073 802 venenum
1098 741 1261 816 dedisset,

216 843 420 923 Sempronia
456 863 568 916 uxor,
602 841 679 902 hinc
713 841 886 916 maxime,
922 843 1015 925 quod
1045 864 1147 906 soror
1174 857 1262 908 esset

216 945 472 1018 Gracchorum,
514 964 591 1004 cum
624 943 747 1026 ¹quilms
779 943 938 1006 simultas
972 941 1148 1032 Africano
1169 945 1261 1034 fue·

216 1058 285 1107 rat.
331 1049 385 1110 De
410 1057 520 1108 morte
543 1057 657 1108 tamen
684 1046 758 1108 eius
781 1048 876 1107 nulla
901 1046 1057 1129 quaestio
1081 1060 1171 1110 acta.

278 1185 368 1248 Plut.
390 1184 463 1246 Vit.
491 1183 552 1249 Cai
576 1185 716 1247 Gracchi
741 1208 771 1247 c.
798 1187 849 1248 10.
886 1177 962 1251 Ὅτε
977 1182 1260 1278 ΣκιπίωνἎιμρι-

216 1283 315 1362 πανὸς
330 1287 363 1366 ἐξ
377 1282 508 1364 οὐδενὸς
531 1283 639 1352 αἰτίου
658 1288 852 1377 προφανοῦς
867 1283 1050 1367 ἐτελεύτησε
1071 1293 1125 1352 καὶ
1144 1285 1261 1374 σημεῖα

216 1413 290 1454 τινα
311 1389 358 1480 τῷ
382 1390 484 1480 νεκρῷ
511 1390 641 1474 πληγῶν
667 1393 722 1469 uui
750 1390 827 1474 βίας
856 1391 1044 1479 ἐπιὸραμεῑν
1071 1389 1192 1469 ἔδοξεν,
1222 1389 1260 1456 τὸ

214 1497 274 1574 μὲν
288 1493 440 1556 πλεῖστον
459 1493 509 1556 ἐπὶ
525 1487 582 1556 τὸν
600 1487 768 1574 (helidim)
784 1479 872 1572 hide
889 1492 946 1572 τῆς
958 1493 1117 1577 διαβολῆς
1135 1489 1261 1580 ἐχθρὸν

216 1587 296 1658 ὄντα
323 1598 378 1658 καὶ
405 1591 463 1659 cir
487 1587 611 1683 ἡμέραν
635 1595 754 1674 ἐκείνην
777 1596 827 1658 ἐπὶ
852 1594 911 1659 τοῦ
932 1589 1083 1680 βήματος
1104 1595 1150 1686 τον
1174 1597 1260 1660 Σκι-

215 1695 308 1760 πίωνι
331 1698 612 1780 λελοιδορημένον,
633 1687 749 1789 ἥψατο
772 1698 807 1761 di
831 1697 887 1760 καὶ
907 1696 966 1761 τοῦ
985 1699 1092 1761 Γαΐου
1109 1691 1259 1763 ὑπόνοια.

278 1797 421 1880 Appian.
445 1797 529 1861 Bell.
554 1797 630 1863 Civ.
656 1801 687 1862 1.
712 1801 763 1877 19,
789 1799 842 1861 20.
878 1799 1009 1863 Scholia
1032 1797 1204 1862 Bobiensia
1224 1821 1258 1882 p.

215 1897 340 1962 Milone
365 1923 399 1982 p.
423 1899 497 1963 283.

271 2170 300 2228 3.
329 2169 429 2226 Oratio
445 2187 499 2242 pro
517 2174 582 2242 lcgc
602 2188 655 2228 sua
674 2174 709 2229 dc
729 2173 844 2230 civitate
865 2174 951 2229 sociis
964 2173 1074 2230 Italicis
1094 2175 1201 2230 danda.

276 2311 329 2373 M.
354 2309 487 2373 Fulvius
509 2312 620 2375 consul
644 2335 711 2374 eam
735 2313 831 2375 suasit
858 2335 888 2374 a.
913 2314 974 2377 629
1002 2315 1105 2394 (125).

276 2412 389 2474 Valer.
414 2413 508 2476 Max.
532 2415 567 2489 9,
592 2415 629 2491 5,
656 2416 686 2476 1.
732 2419 787 2478 Μ.
808 2415 944 2478 Fuluius
964 2418 1105 2479 Flaccus
1127 2420 1256 2488 consui,

212 2515 267 2578 M.
301 2516 430 2578 Plautii
462 2517 622 2602 Hypsaei
645 2519 799 2598 collega,
835 2539 913 2577 cum
943 2515 1258 2596 perniciosissimas

212 2615 418 2698 reipublicae
450 2621 543 2701 leges
575 2618 808 2681 introduceret
838 2617 879 2680 de
909 2617 1044 2678 civitate
1074 2617 1190 2678 danda
1226 2631 1258 2680 et

211 2717 253 2780 de
279 2721 523 2800 provocatione
553 2721 600 2782 ad
624 2724 794 2803 populum
823 2741 965 2792 eorum,
999 2718 1059 2802 qui
1085 2719 1257 2781 ciuitatem

212 2833 347 2884 mutare
361 2823 559 2898 voluissent,
579 2845 684 2906 aegre
705 2825 900 2906 compulsus
921 2833 988 2897 est,
1014 2834 1052 2883 ut
1070 2823 1105 2885 in
1123 2823 1257 2884 curiam

211 2922 353 2985 veniret.
397 2924 531 2988 Deinde
552 2925 684 3007 partim
713 2925 882 3001 monenti,
911 2924 1042 3006 partim
1065 2927 1182 2987 oranti
1203 2947 1256 2986 se·

210 3025 310 3086 natui
341 3037 380 3088 ut
408 3025 542 3110 incepto
573 3027 776 3103 desisteret,
810 3048 1014 3108 responsum
1046 3048 1114 3090 non
1151 3028 1255 3089 dedit.

211 3125 353 3207 Appian.
381 3128 464 3192 Bell.
486 3127 563 3192 civ.
591 3131 627 3206 1,
653 3130 705 3190 21.

406 3378 435 3434 h.
468 3377 620 3436 Orationes
641 3397 694 3451 pro
716 3382 828 3452 legibus
852 3381 904 3438 Gai
924 3381 1057 3438 Gracchi.

275 3507 408 3570 Fulvius
434 3509 578 3573 tribunus
602 3511 649 3592 pl.
672 3534 702 3574 a.
725 3515 785 3576 632
805 3515 894 3594 (122)
925 3512 966 3576 C.
994 3513 1176 3574 Gracchum
1202 3515 1255 3572 ad-

209 3607 290 3672 iuvit
314 3610 444 3695 eiusque
467 3611 553 3695 leges
579 3613 688 3676 suasit.

273 3712 414 3794 Appian.
436 3713 521 3777 Bell.
545 3713 621 3778 Civ.
652 3717 687 3790 1,
712 3717 763 3778 21.

502 3965 624 4022 ΧΧΧΙΙ.
656 3966 697 4026 Μ.
721 3967 818 4024 Iunius
838 3969 954 4024 Pennus.

273 4111 438 4174 Tribunus
462 4114 508 4194 pl.
536 4135 566 4175 a.
593 4113 653 4174 628
679 4113 780 4198 (126).

273 4209 393 4276 Cicero
417 4215 521 4277 Bruto
546 4237 576 4278 c.
599 4215 652 4276 28.
698 4221 753 4282 Μ.
771 4211 1029 4303 Pennusfacile
1050 4211 1195 4296 agitauit
1218 4216 1253 4278 in
1351 4273 1352 4281 ,

208 4311 390 4377 tribunatu
416 4319 454 4379 0.
479 4318 690 4394 Gracchum,
721 4325 865 4402 paulum
890 4328 1003 4411 aetate
1032 4315 1253 4382 antecedens:
