2984 4842
1141 357 1212 456 'sn

160 566 194 616 et
210 555 323 615 ualere
339 562 499 632 oportere
514 548 703 626 confiteor,
722 550 782 610 sed
797 551 833 611 in
849 554 911 612 lane
930 573 1052 626 eausa,
1071 559 1209 618 tametsi

161 653 372 738 cognoscitis
395 653 621 714 auctoritates
648 652 845 714 contrarias
874 653 1028 717 uirorum
1039 657 1207 744 fortissi-

162 779 299 821 morum
314 767 347 818 et
362 755 648 825 clarissimorum,
666 765 779 814 tamen
796 756 931 818 omissis
945 759 1209 822 auctoritatibus

162 863 240 942 ipsa
274 882 310 921 re
340 879 382 919 ac
417 857 551 921 ratione
585 855 769 938 exquirere
799 879 984 938 possumus
1017 861 1206 936 ueritatem,

161 975 265 1045 atque
279 962 342 1022 boc
353 957 519 1050 facilius,
545 958 637 1042 quod
657 978 699 1020 ea
720 958 855 1032 omnia,
880 981 968 1043 orcos
990 983 1013 1022 o
1031 985 1083 1026 me
1097 965 1209 1027 adhue

164 1066 371 1134 dictasunt,
398 1061 502 1123 iidem
525 1061 585 1124 isti
606 1081 688 1122 uera
708 1079 782 1122 esse
804 1063 993 1124 concedunt
1008 1077 1039 1126 et
1056 1087 1208 1129 necessa-

163 1166 256 1228 rium
277 1165 402 1226 bellum
425 1186 495 1228 esse
518 1175 551 1226 et
575 1184 738 1246 magnum
761 1165 850 1226 etin
874 1185 942 1230 uno
965 1168 1022 1229 Cn.
1047 1171 1209 1250 Pompeio

163 1289 299 1330 summa
321 1289 394 1330 esse
417 1266 547 1330 omnia.
593 1266 687 1348 Quid
713 1267 825 1348 igitur
846 1268 896 1330 ait
923 1271 1158 1332 Hortensius?
1180 1273 1210 1334 si

164 1370 224 1432 uni
254 1370 372 1432 omnia
399 1370 582 1432 tribuenda
611 1369 696 1442 sint,
731 1389 838 1430 unum
867 1369 1114 1454 dignissimum
1138 1396 1210 1436 esse

168 1473 387 1553 Pompeium,
414 1472 475 1534 sed
496 1471 543 1532 od
571 1491 678 1532 unum
705 1483 819 1532 tomen
842 1473 958 1535 omnia
981 1472 1118 1564 deferri
1141 1497 1208 1538 non

164 1585 337 1656 oportere.
383 1573 555 1638 Obsoleuit
578 1573 647 1633 iam
670 1572 737 1634 ista
759 1574 889 1647 oratio,
916 1597 954 1636 re
969 1579 1079 1638 multo
1100 1578 1210 1660 magis

164 1697 268 1763 quarn
288 1676 399 1739 verbis
426 1673 598 1764 refutata.

431 1843 476 1899 ts.
518 1842 618 1900 Oratio
638 1861 690 1914 pro
711 1845 742 1900 1..
765 1844 950 1913 vargunteio.

230 1976 277 2037 Ea
302 1986 349 2037 est
372 1974 477 2036 habita
507 1995 536 2035 a.
567 1975 628 2036 689
657 1977 738 2054 (66).
780 1977 817 2044 L.
842 1977 1060 2059 Vargunteius
1084 1991 1213 2040 senator

166 2081 205 2141 de
230 2077 347 2139 ambitu
372 2099 444 2139 rcus
467 2077 584 2148 factus,
615 2079 654 2138 ab
682 2076 860 2139 Hortensio
886 2079 1077 2140 defenditur.
1123 2081 1210 2142 Idem

165 2191 277 2262 postea
300 2201 330 2241 a.
356 2178 414 2240 691
440 2179 508 2258 (63)
531 2179 613 2241 inter
644 2177 829 2242 coniuratos
854 2179 1011 2242 Catilinae
1035 2193 1114 2243 erat.
1156 2185 1211 2242 Sa-

165 2283 239 2344 lust.
266 2280 365 2344 Catil.
391 2285 442 2344 17.
469 2283 520 2342 28.
548 2283 710 2344 Druruann
734 2293 758 2342 t.
784 2284 814 2342 3.
839 2305 872 2361 p.
898 2283 950 2345 93.

230 2383 349 2447 Cicero
364 2406 398 2465 p.
423 2383 510 2448 Sulla
534 2384 565 2446 2.
610 2384 697 2466 Quis
719 2396 876 2446 nostrum
907 2383 1027 2471 adfuit
1053 2390 1092 2446 L.
1124 2389 1211 2448 Var-

167 2486 340 2570 gunteio?
355 2508 465 2562 nemo,
483 2508 524 2548 ne
547 2488 599 2547 lu‘c
622 2486 757 2568 quidem
774 2487 992 2560 Hortensius,
1008 2487 1213 2568 pr·aesertim

166 2588 226 2672 qui
248 2589 346 2650 illum
367 2592 462 2651 solus
484 2601 587 2651 antea
610 2589 650 2649 de
673 2587 803 2649 ambitu
825 2586 1051 2676 defendisset.

219 2763 265 2820 13.
306 2761 406 2821 Oratio
426 2781 478 2836 pro
499 2763 531 2821 C.
554 2765 670 2821 Rabirio
691 2769 790 2820 eontra
811 2764 844 2820 T.
868 2765 965 2822 Atium
987 2765 1154 2822 labienum.

221 2888 278 2955 ‘Ea
298 2907 344 2956 est
367 2894 474 2956 babita
498 2917 527 2956 a.
553 2897 611 2958 691
638 2897 722 2975 (63).
769 2893 811 2959 C.
834 2895 984 2958 Rabirius
1001 2917 1029 2956 a.
1050 2898 1110 2958 651
1127 2897 1215 2974 (100)

169 2997 211 3058 L.
231 2996 425 3077 Appuleium
441 2997 643 3059 Saturninum
668 2999 826 3060 tribunum
852 2998 915 3078 pl..
934 3019 949 3058 a
967 3009 1074 3058 senatu
1091 2989 1214 3062 bosleni

168 3096 281 3180 populi
311 3098 436 3161 romani
470 3099 658 3170 iudicatum,
692 3100 722 3161 in
758 3099 857 3168 Curia
890 3098 1028 3164 Hostilia
1060 3101 1215 3163 occidisse

168 3203 366 3289 tradebatur.
414 3199 495 3265 Cum
527 3202 638 3266 deinde
670 3203 766 3266 undio
797 3214 870 3284 post
902 3201 942 3266 C.
975 3203 1074 3266 lulius
1097 3203 1217 3266 Caesar

168 3301 275 3364 Sullae
291 3302 398 3367 socios
417 3315 511 3389 atque
532 3308 666 3368 asseclas
698 3327 815 3368 vexare
839 3303 1015 3386 coepisset,
1040 3307 1217 3390 mitltosque

169 3425 227 3484 per
250 3404 425 3470 factionem
449 3429 535 3470 suam
558 3407 590 3470 in
611 3407 759 3470 iudicium
792 3419 937 3481 vocaret,
961 3420 1073 3470 attctor
1088 3429 1217 3492 quiaque

170 3518 253 3580 erat,
286 3519 319 3568 ut
353 3511 392 3575 T.
425 3509 517 3572 Atius
552 3509 712 3572 Labienus
743 3510 887 3572 tribunus
921 3510 964 3590 pl,
995 3531 1021 3576 a.
1055 3511 1112 3572 691
1150 3511 1218 3586 (63)

171 3606 211 3672 C.
229 3609 396 3672 Rabirium
414 3611 641 3694 perduellionis
665 3635 751 3675 reum
776 3613 908 3673 iaceret.
956 3613 1023 3672 Pro
1043 3632 1081 3673 eo
1098 3611 1216 3674 frustra

170 3708 280 3772 dixere
310 3712 506 3778 Hortensius
538 3726 568 3776 et
599 3711 737 3788 Cicero,
770 3713 858 3774 cuius
889 3722 975 3774 extat
999 3713 1122 3774 oratio:
1148 3737 1216 3776 nam

170 3813 396 3878 condemnatus
425 3829 487 3891 est,
523 3839 593 3878 curn
622 3815 743 3881 Caesar
772 3814 840 3895 ipse
871 3813 965 3875 iudex
995 3825 1089 3874 esset.
1122 3815 1219 3878 Cani.

170 3913 336 3978 Drnmann
365 3931 389 3982 t.
425 3920 456 3980 3.
488 3942 523 4000 p.
557 3919 735 3981 159-164.
772 3917 901 3980 Sueten.
937 3912 1032 3978 Caes.
1064 3913 1117 3976 13.
1154 3915 1219 3976 Dio

171 4013 302 4080 Cassius
325 4020 377 4094 37,
402 4021 441 4082 76
466 4043 539 4104 sqq.

236 4119 405 4184 Charisius
420 4146 454 4204 p.
481 4125 531 4182 tt.
578 4121 785 4184 Cicatricum
811 4142 872 4182 non
896 4113 1103 4180 cicatricium.
1127 4118 1219 4178 Hor·
1250 4157 1291 4215 N

169 4223 300 4286 tensius
335 4247 402 4306 pro
433 4227 477 4288 G.
508 4222 672 4288 Rabirio:
701 4222 899 4284 cicatricum
929 4235 1099 4288 mearum,
1136 4220 1222 4298 qnod

171 4326 333 4387 emendate
358 4325 476 4387 dictum
501 4325 553 4386 sit.
