2966 4842
1171 329 1235 420 'us

184 540 225 589 eo
244 517 399 600 peruenit
426 513 583 588 luxuria,
608 524 646 576 ut
667 511 773 576 etiarn
786 509 922 589 fictilia
950 510 1063 594 pluris
1078 523 1234 578 constent

183 641 287 705 quam
319 617 509 682 murrhina.
553 619 700 705 Propter
728 617 815 676 hanc
838 613 1027 680 Mucianus
1056 613 1092 676 in
1122 616 1233 678 altero

183 723 366 788 consulatu
387 740 451 782 suo
473 718 509 780 in
531 716 772 802 conquestione
793 715 1018 798 exprobrauit
1028 715 1230 798 patinarum

180 823 325 906 paludes
351 820 483 886 Vitellii
505 819 710 894 memoriae,
743 837 812 881 non
841 819 902 880 illa
919 816 1109 907 foediore,
1134 819 1233 882 cuius
1324 887 1330 906 Ι

183 944 310 994 ueneno
332 923 521 1005 Asprenati
543 942 603 984 rea
617 920 754 986 Cassius
776 924 921 986 Seuerus
943 932 1126 984 acassator
1146 921 1233 986 obii-

183 1027 292 1096 ciebat
315 1024 474 1088 interisse
497 1027 630 1090 CXXX
648 1024 816 1088 convivas.

216 1153 243 1195 in
261 1151 342 1196 altero
359 1147 503 1209 consulatu]
539 1165 562 1196 s.
583 1164 607 1196 u.
623 1147 672 1194 822
692 1146 737 1206 (70
756 1162 781 1204 p·
801 1147 861 1202 ct.)

217 1233 327 1296 CXXX]
364 1240 388 1282 iu
406 1251 506 1284 numera
525 1239 608 1282 vitium
626 1239 695 1285 latet.
742 1233 933 1292 cpi-secedente
962 1238 1040 1284 litters
1064 1253 1079 1282 e
1097 1245 1149 1284 orta
1173 1241 1237 1286 vids·

252 1331 301 1370 tur.
322 1326 420 1383 triginta
439 1325 501 1370 snitu
521 1339 611 1370 seusus
629 1329 767 1369 consumtus
786 1325 861 1384 magis
895 1325 1019 1380 probabils
1044 1340 1115 1384 quam
1142 1333 1236 1373 ctutum

252 1417 276 1456 st
293 1413 400 1470 trigtuts.

247 1510 417 1574 Suetonius
438 1511 588 1592 Augusto
611 1509 664 1572 56.
708 1513 795 1575 Cum
806 1513 983 1593 Asprenas
1005 1514 1159 1588 Nonius,
1175 1525 1234 1576 a'r·

182 1613 252 1677 tius
274 1613 305 1674 ei
327 1613 476 1686 iunctus,
500 1632 644 1676 causam
664 1612 824 1689 veneficii
841 1626 1024 1678 accusante
1041 1616 1162 1680 Cassio
1171 1620 1232 1679 Se·

182 1737 263 1779 uero
284 1714 428 1788 diceret,
453 1713 627 1777 consuluit
649 1726 819 1790 senatum,
844 1716 928 1800 quisi
949 1713 1071 1806 officii
1092 1718 1147 1779 sui
1169 1739 1234 1800 pu-

182 1828 292 1892 taret,
317 1815 472 1879 cunctari
493 1815 585 1877 enim
613 1836 668 1888 se,
697 1836 739 1877 ne
752 1851 768 1890 ,ι
796 1816 827 1878 si
848 1831 1056 1900 superesset,
1086 1819 1232 1902 eriperet

183 1919 316 2002 legibus
339 1939 454 1988 reum‚·
477 1918 530 1978 sin
553 1917 696 1991 deesset,
714 1917 900 1981 destituere
914 1940 954 1980 ac
977 1921 1233 2004 praedamnare

186 2021 336 2082 amicum
358 2019 634 2081 existimaretur·
680 2021 726 2084 Et
748 2020 1035 2084 consentientibus
1064 2023 1234 2085 uniuersis

183 2122 271 2184 sedit
283 2121 319 2182 in
330 2120 501 2183 subselliis
519 2142 584 2202 per
605 2119 737 2205 aliquot
759 2121 875 2195 horas,
900 2143 1018 2184 verum
1043 2123 1170 2185 tacitus
1191 2144 1233 2186 ac

191 2243 233 2285 ne
243 2222 441 2285 laudatione
464 2223 601 2305 quidem
623 2220 779 2283 iudiciali
795 2220 891 2283 tiata.

249 2323 463 2404 Quintilianus
486 2326 537 2400 10,
563 2327 591 2398 1,
616 2323 667 2386 tt.
699 2322 790 2388 Illud
811 2321 1034 2384 utilissimum
1056 2342 1156 2386 nosse
1175 2345 1234 2387 eas

184 2446 319 2500 causas,
344 2445 492 2509 quarum
514 2425 690 2488 orationes
711 2424 748 2486 in
770 2444 910 2486 manum
928 2424 1175 2499 sumserimus,
1199 2437 1232 2488 st

184 2527 318 2614 quoties
339 2526 534 2608 continget,
559 2525 738 2609 utriusque
759 2518 894 2588 liabitas
926 2527 1039 2607 legere
1079 2525 1229 2589 actiones

183 2639 222 2692 ut
244 2627 356 2692 Seruii
377 2627 520 2710 Sulpicii
541 2640 640 2712 atque
664 2630 850 2703 Messalae,
874 2649 1021 2712 quorum
1049 2629 1138 2689 alter
1168 2649 1235 2710 pro

184 2729 346 2808 Aufidia,
371 2741 493 2792 contra
515 2729 607 2792 dixit
629 2733 730 2803 alter,
753 2742 786 2793 et
798 2727 1016 2794 Pollionis
1038 2740 1077 2791 et
1094 2727 1237 2793 Cassii
1326 2783 1330 2790 ,

184 2853 258 2895 reo
281 2835 528 2914 Asprenate
549 2831 704 2916 aliasque
722 2821 907 2914 plurimas.

246 2931 312 2998 Dio
337 2931 466 2998 Cassius
488 2931 547 2996 lib.
572 2933 631 3009 55,
656 2933 688 2995 t.
721 2935 857 3021 Φίλῳτὲ
877 2954 941 2996 τινι
963 2932 1054 3012 δίκην
1076 2925 1234 3022 φεύγοντι

184 3034 423 3114 οννεξετάοθη,
452 3027 734 3122 προεπικοινώσας
755 3027 838 3098 αὐτὸ
869 3032 968 3098 τοῦτο
998 3056 1036 3126 tp
1067 3031 1236 3124 γερουσία,

188 3159 246 3200 και
267 3129 389 3202 ἐκεῖνόν
405 3160 439 3202 τε
462 3134 562 3201 iaaac
584 3139 640 3201 καὶ
662 3131 720 3203 τὸν
741 3128 927 3224 κατήγορον
949 3127 1053 3199 αὐτοῦ
1074 3128 1135 3219 οὐχ
1149 3123 1237 3210 ὅπως

185 3231 256 3302 δι’
240 3237 339 3324 οργῆς
360 3227 432 3324 εἶχε,
455 3236 571 3327 καίπερ
593 3231 680 3304 πάνυ
694 3236 810 3332 πολλη
830 3235 1000 3328 παρρησία
1018 3229 1238 3327 χρησάμενον,

184 3333 271 3404 αλλα
303 3343 358 3403 καὶ
385 3333 651 3426 εὖθονὸμενον’
635 3343 687 3406 sni
711 3343 781 3418 τοῖς
815 3332 953 3430 τρόποις
976 3333 1119 3429 ἀφηκεν,
1141 3331 1237 3402 εἰπὼν

185 3431 238 3506 ὅτι
257 3435 423 3526 ἀναγκαία
446 3439 562 3532 σφίσιν
584 3467 604 3521 η
619 3465 789 3533 παρρηοια
807 3435 920 3522 αὐτοῦ,
936 3435 1041 3506 διὰ
1008 3463 1066 3522 την
1083 3435 1238 3528 ἄντικρυς

186 3541 250 3606 τῶν
272 3538 379 3606 ἄλλων
398 3542 559 3628 πονηρίαν
570 3543 628 3622 εἴη.

220 3679 308 3744 φίλῳ]
345 3681 424 3724 Nauia
442 3681 589 3740 Asprenati,
618 3688 644 3725 ut
669 3695 699 3726 sn
718 3684 833 3727 suetonis
859 3683 1011 3740 intelligitur.
1057 3682 1094 3726 Ex
1121 3683 1236 3726 Suetonio

256 3767 329 3824 igitur
348 3778 434 3809 nomeu
454 3766 500 3820 usi,
522 3767 636 3812 sxDious
656 3780 752 3822 anuum,
774 3779 820 3824 qua
833 3781 903 3812 sauss
923 3772 973 3811 ncta
989 3771 1034 3821 est,
1049 3767 1234 3826 cognoscimus:

255 3852 318 3894 iutsr
335 3865 362 3895 es
384 3850 457 3904 euim,
477 3864 535 3908 quas
554 3868 578 3898 a.
600 3850 648 3900 7⁴5
668 3848 709 3916 (9)
728 3854 874 3915 acciderunt,
892 3854 975 3896 retulit
992 3852 1049 3895 Dio.
1105 3858 1112 3868 “

186 3966 214 4026 l.
230 3967 329 4025 oratu
348 3983 402 4039 pro
421 3966 541 4026 Moscha
560 3972 739 4044 Pergamena
761 3972 877 4028 rhetore
900 3968 1033 4027 veneficii
1056 3982 1106 4024 sea
1135 3969 1236 4024 cautus

619 4065 805 4136 Torquatum.

185 4195 190 4211 ⁸
249 4173 341 4236 Haec
372 4189 465 4232 causa
484 4185 571 4238 'acta
601 4174 729 4238 videtur
762 4197 793 4239 a.
828 4172 888 4236 733
911 4172 992 4251 (21).
1041 4169 1122 4236 Cum
1153 4167 1235 4231 euim

187 4273 321 4356 epistola
343 4270 475 4338 Horatii
496 4272 554 4346 lib.
578 4279 610 4354 1,
633 4276 665 4352 5,
687 4271 720 4340 iu
742 4297 805 4361 qua
826 4272 919 4339 huius
942 4291 1053 4336 causae
1075 4271 1160 4335 facta
1188 4279 1236 4334 est
