2984 4842
257 363 318 424 itt

320 517 465 582 Velleioe
495 517 532 590 2,
563 517 616 580 36.
667 519 744 582 lam
767 536 854 598 pene
882 535 1176 598 supervacaneum
1199 517 1308 580 uideri

256 631 380 704 poteet,
397 621 621 684 eminentium
635 620 856 704 ingeniorum
877 632 1000 682 notare
1020 631 1191 693 tempora.
1220 623 1308 703 Qrde

257 723 349 787 enim
380 723 542 806 ignorat,
581 723 745 786 diremtos
780 721 949 806 gradibus
981 722 1105 785 aetatis
1125 721 1308 814 floruieee

256 829 320 890 hoc
358 837 512 908 tempore
551 825 603 906 (in
644 828 826 888 consulatu
864 826 1057 906 Ciceronis)
1093 826 1304 898 Ciceronem,

258 927 496 1002 Hortencium,
509 949 658 1012 eaneque
669 930 845 1004 Craeeum,
863 931 1083 1004 Catonem,
1100 929 1303 1010 Seelpicium,

258 1051 408 1116 moxque
444 1033 610 1102 Brutum,
652 1029 843 1102 Calidium,
878 1033 1051 1107 Coelium,
1095 1034 1237 1095 Caluum
1272 1043 1307 1092 et

256 1133 458 1218 proximum
471 1134 627 1199 Ciceroni
643 1137 826 1198 Caesarem
841 1155 1028 1218 eorumque
1043 1137 1132 1197 uelut
1146 1137 1306 1197 alumnos

258 1235 445 1302 Corvinum
466 1257 507 1300 ac
532 1238 717 1302 Pollionem
744 1237 917 1302 Atinium.

293 1377 419 1442 Catonem]
456 1383 543 1428 merito
562 1385 639 1437 dieee,
660 1383 776 1430 Gelonem
804 1383 944 1428 areton-ibet
969 1385 1137 1428 celeberrimis
1156 1385 1241 1428 eetetie
1260 1385 1305 1427 Gi-

327 1473 470 1517 ceronianae
489 1473 693 1516 adnumerandam
713 1484 776 1518 eree.
797 1473 853 1516 vll.
873 1485 945 1526 eope-e
965 1485 1020 1530 neg.
1040 1466 1098 1516 38³.
1121 1467 1182 1517 400.

322 1589 456 1674 Quintil.
486 1591 539 1667 12,
565 1593 601 1666 7,
627 1593 656 1653 ll.
702 1589 879 1674 Principes
901 1592 937 1653 in
961 1591 1134 1673 republica
1155 1590 1221 1653 viri
1237 1611 1305 1653 non

258 1693 531 1756 detrectaverunt
553 1695 640 1754 hane
661 1689 783 1781 officii
808 1705 945 1776 partem
969 1694 1210 1772 (accusatoris),
1234 1717 1305 1756 cre-

258 1793 388 1878 ditique
410 1805 490 1857 eunt
512 1795 616 1858 etiam
642 1795 729 1857 clari
757 1795 894 1858 iuvenes
924 1795 1076 1858 obsidem
1099 1797 1304 1878 reipublicae

259 1895 342 1958 dare
366 1898 537 1959 malorum
558 1895 683 1959 civium
705 1899 978 1972 accurationem,
1003 1899 1085 1982 quia
1107 1920 1167 1960 nec
1190 1899 1303 1961 odieee

257 1997 431 2081 improbae
459 2019 519 2062 nee
551 1998 743 2063 etmultatee
773 2023 964 2083 provocare
1001 2001 1066 2063 niei
1094 2025 1142 2063 eer
1163 1999 1304 2078 fiducia

257 2099 364 2164 bonae
396 2101 518 2165 mentie
550 2101 762 2165 videbantur.
795 2103 901 2188 quue
932 2126 1010 2166 cum
1036 2105 1079 2166 ab
1101 2104 1300 2178 Hortensia,

258 2205 428 2281 lucullie,
453 2203 618 2287 Sulpicia,
643 2205 816 2282 Cicerone,
841 2211 1001 2280 Caesare,
1024 2207 1185 2288 plurimie
1209 2207 1300 2281 aliie,

257 2317 330 2372 tum
353 2307 396 2370 ab
418 2317 603 2391 utroque
626 2309 781 2374 Catone
791 2308 940 2400 factum
962 2321 1027 2384 eet,
1054 2331 1201 2392 quorum
1215 2312 1303 2372 alter

257 2410 449 2493 appellatae
478 2409 638 2493 eapiene,
670 2413 760 2474 alter
792 2413 857 2476 niei
887 2413 1040 2475 creditur
1063 2410 1206 2502 fuieee,
1242 2412 1303 2475 vix

257 2513 346 2590 ecio,
372 2513 428 2578 eui
449 2512 626 2598 reliquerit
648 2515 751 2578 huiue
774 2515 922 2578 nominie
944 2517 1068 2578 locum.

293 2659 324 2704 alr
351 2665 453 2720 utroque
478 2657 580 2719 Catone]
617 2673 688 2705 nemo
714 2661 832 2716 prodidit,
862 2661 947 2718 quibui
973 2662 995 2703 in
1021 2662 1134 2706 iodicium
1157 2661 1301 2706 recelleret

327 2747 387 2792 Gelo
401 2745 534 2792 Ceneoiiue
549 2749 585 2792 vel
600 2747 660 2793 Ceto
680 2748 799 2794 Uticensis
818 2750 981 2793 adolescentes
999 2749 1136 2793 tirocinium
1152 2749 1301 2805 eloquentiae

325 2835 450 2892 potuerint
468 2835 619 2894 gloriamque
640 2837 779 2885 meruerint.

323 2953 458 3038 Quinlil.
482 2955 553 3032 xl,
587 2960 622 3032 1,
647 2957 700 3020 35.
758 2956 821 3022 Vir
848 2957 957 3022 cicilie
984 2978 1126 3042 vereque
1148 2955 1299 3040 eapiene,

256 3057 315 3144 qui
329 3079 365 3122 ee
380 3079 447 3122 non
463 3057 583 3122 otioeie
605 3057 915 3144 dieputationibue,
934 3060 995 3124 eed
1008 3058 1302 3123 adminietrationi

256 3161 461 3244 reipublicae
477 3161 661 3235 dediderit,
684 3183 706 3224 a
728 3183 796 3245 qua
817 3164 1015 3243 longieeime
1030 3163 1101 3238 ieti,
1118 3162 1177 3248 qui
1187 3162 1300 3244 philo·

255 3263 355 3346 eoplt
370 3275 546 3340 vocantur,
571 3275 797 3337 receeeerunt,
821 3265 950 3337 omnia,
976 3285 1063 3346 quae
1078 3267 1125 3324 ad
1139 3261 1301 3352 ‹fffieien-

254 3367 337 3430 dnm
375 3367 550 3439 oratione,
591 3365 683 3446 quod
711 3365 951 3446 proposuerit,
993 3366 1122 3436 valent,
1158 3364 1303 3425 libenter

254 3467 437 3544 adhibebit,
462 3487 538 3530 eum
559 3463 670 3546 priue,
696 3464 789 3548 quod
809 3464 990 3526 honestum
1012 3463 1069 3537 eit,
1092 3462 1242 3554 efficere
1264 3464 1300 3526 in

253 3569 371 3633 animo
397 3589 462 3630 eno
489 3564 718 3628 conetituerit.
763 3566 828 3628 Eet
855 3565 948 3647 quod
973 3565 1147 3648 principee
1169 3567 1298 3644 deceat,

255 3669 334 3734 aliie
357 3687 423 3732 non
447 3665 668 3730 conreeeerie.
698 3670 953 3750 Imperatorum
976 3689 1016 3729 ac
1038 3667 1301 3752 triumphalium

255 3781 418 3856 eepnrata
439 3781 490 3834 eet
512 3769 628 3853 aliqua
650 3793 696 3832 eu
716 3781 817 3852 parte
843 3770 935 3834 ratio
957 3771 1186 3853 eloquentiae,
1212 3772 1301 3834 sicut

254 3873 434 3960 Pompeiae
462 3872 595 3936 obtende
624 3871 775 3936 disertae
804 3895 921 3938 rerum
951 3894 1096 3939 enarum
1122 3886 1299 3949 narrator,

255 3993 296 4046 et
318 3979 403 4052 llic,
436 3976 509 4063 qui
537 3975 651 4040 bello
681 3975 805 4040 ciuili
837 3998 878 4040 ee
908 3974 1162 4066 interfecit,
1194 3980 1300 4042 Cato

256 4085 465 4169 eloquene
486 4091 661 4146 eenator
681 4077 788 4166 fnit.

316 4204 403 4268 Plu.
432 4199 516 4268 Celo
542 4199 647 4265 minor
670 4221 701 4264 c.
728 4203 762 4264 b.
803 4196 847 4264 ‘tl
869 4196 967 4284 λόγος
989 4196 1106 4288 νεαρὸν
1127 4207 1188 4285 μὲν
1205 4196 1299 4264 οὐδὲν

252 4299 326 4368 οὐδὲ
354 4301 488 4388 κομψὸν
510 4295 607 4389 εἶχεν,
631 4298 707 4370 ‹ill'
736 4289 774 4384 ln
796 4299 921 4390 ὄρθιος
952 4308 1007 4366 καὶ
1030 4298 1224 4386 περιπαθὴς
1243 4307 1299 4366 καὶ
