<?xml version="1.0" encoding="UTF-8"?>
<!DOCTYPE html PUBLIC "-//W3C//DTD XHTML 1.0 Transitional//EN"
    "http://www.w3.org/TR/xhtml1/DTD/xhtml1-transitional.dtd">
<html xmlns="http://www.w3.org/1999/xhtml" xml:lang="en" lang="en">
 <head>
  <title>
</title>
<meta http-equiv="Content-Type" content="text/html;charset=utf-8" />
  <meta name='ocr-system' content='tesseract 3.04.00' />
  <meta name='ocr-capabilities' content='ocr_page ocr_carea ocr_par ocr_line ocrx_word'/>
</head>
<body>
  <div class='ocr_page' id='page_1' title='image "./oratorumromanor02meyegoog_0033.png"; bbox 0 0 2970 4836; ppageno 0'>
   <div class='ocr_carea' id='block_1_1' title="bbox 1231 377 1269 440">
    <p class='ocr_par' dir='ltr' id='par_1_1' title="bbox 1231 377 1269 440">
     <span class='ocr_line' id='line_1_1' title="bbox 1231 377 1269 440; baseline 0.053 -2"><span class='ocrx_word' id='word_1_1' title='bbox 1231 377 1269 440; x_wconf 71' lang='lat' dir='ltr'><strong>lb</strong></span> 
     </span>
    </p>
   </div>
   <div class='ocr_carea' id='block_1_2' title="bbox 219 534 1271 4397">
    <p class='ocr_par' dir='ltr' id='par_1_2' title="bbox 219 534 1271 4397">
     <span class='ocr_line' id='line_1_2' title="bbox 222 534 1271 622; baseline -0.004 -20"><span class='ocrx_word' id='word_1_2' title='bbox 222 539 377 621; x_wconf 78' lang='lat' dir='ltr'><strong>repellere</strong></span> <span class='ocrx_word' id='word_1_3' title='bbox 398 537 579 622; x_wconf 89' lang='lat' dir='ltr'><strong>cupiebant.</strong></span> <span class='ocrx_word' id='word_1_4' title='bbox 618 539 693 602; x_wconf 89' lang='lat' dir='ltr'><strong>Huc</strong></span> <span class='ocrx_word' id='word_1_5' title='bbox 715 537 795 602; x_wconf 88' lang='lat' dir='ltr'><strong>enim</strong></span> <span class='ocrx_word' id='word_1_6' title='bbox 819 536 957 618; x_wconf 76' lang='lat' dir='ltr'><strong>pertinet</strong></span> <span class='ocrx_word' id='word_1_7' title='bbox 978 534 1108 618; x_wconf 78' lang='lat' dir='ltr'><strong>rogatio</strong></span> <span class='ocrx_word' id='word_1_8' title='bbox 1128 535 1204 610; x_wconf 77' lang='lat' dir='ltr'><strong>eius,</strong></span> <span class='ocrx_word' id='word_1_9' title='bbox 1229 557 1271 598; x_wconf 88' lang='lat' dir='ltr'><strong>ne</strong></span> 
     </span>
     <span class='ocr_line' id='line_1_3' title="bbox 222 637 1270 719; baseline -0.003 -14"><span class='ocrx_word' id='word_1_10' title='bbox 222 643 312 706; x_wconf 90' lang='lat' dir='ltr'><strong>idem</strong></span> <span class='ocrx_word' id='word_1_11' title='bbox 326 645 453 705; x_wconf 80' lang='lat' dir='ltr'><strong>iter-nm</strong></span> <span class='ocrx_word' id='word_1_12' title='bbox 467 640 669 718; x_wconf 85' lang='lat' dir='ltr'><strong>consulstat</strong></span> <span class='ocrx_word' id='word_1_13' title='bbox 690 653 720 703; x_wconf 85' lang='lat' dir='ltr'><strong>et</strong></span> <span class='ocrx_word' id='word_1_14' title='bbox 746 641 859 702; x_wconf 89' lang='lat' dir='ltr'><strong>multae</strong></span> <span class='ocrx_word' id='word_1_15' title='bbox 882 639 961 702; x_wconf 87' lang='lat' dir='ltr'><strong>aliae</strong></span> <span class='ocrx_word' id='word_1_16' title='bbox 983 639 1148 704; x_wconf 89' lang='lat' dir='ltr'><strong>orationes</strong></span> <span class='ocrx_word' id='word_1_17' title='bbox 1169 637 1270 719; x_wconf 88' lang='lat' dir='ltr'><strong>inpri-</strong></span> 
     </span>
     <span class='ocr_line' id='line_1_4' title="bbox 223 741 1270 808; baseline -0.001 -2"><span class='ocrx_word' id='word_1_18' title='bbox 223 746 280 806; x_wconf 87' lang='lat' dir='ltr'><strong>mis</strong></span> <span class='ocrx_word' id='word_1_19' title='bbox 305 743 483 808; x_wconf 83' lang='lat' dir='ltr'><strong>censoriae.</strong></span> <span class='ocrx_word' id='word_1_20' title='bbox 533 747 596 806; x_wconf 84' lang='lat' dir='ltr'><strong>Sed</strong></span> <span class='ocrx_word' id='word_1_21' title='bbox 621 746 679 806; x_wconf 88' lang='lat' dir='ltr'><strong>hac</strong></span> <span class='ocrx_word' id='word_1_22' title='bbox 703 743 872 806; x_wconf 89' lang='lat' dir='ltr'><strong>severitate</strong></span> <span class='ocrx_word' id='word_1_23' title='bbox 897 765 1019 806; x_wconf 77' lang='lat' dir='ltr'><strong>rarorum</strong></span> <span class='ocrx_word' id='word_1_24' title='bbox 1046 763 1108 804; x_wconf 90' lang='lat' dir='ltr'><strong>uon</strong></span> <span class='ocrx_word' id='word_1_25' title='bbox 1134 765 1205 804; x_wconf 86' lang='lat' dir='ltr'><strong>cum</strong></span> <span class='ocrx_word' id='word_1_26' title='bbox 1231 741 1270 806; x_wconf 89' lang='lat' dir='ltr'><strong>iis</strong></span> 
     </span>
     <span class='ocr_line' id='line_1_5' title="bbox 222 845 1269 930; baseline 0 -22"><span class='ocrx_word' id='word_1_27' title='bbox 222 849 322 910; x_wconf 88' lang='lat' dir='ltr'><strong>solum</strong></span> <span class='ocrx_word' id='word_1_28' title='bbox 348 846 528 910; x_wconf 82' lang='lat' dir='ltr'><strong>inimicitias</strong></span> <span class='ocrx_word' id='word_1_29' title='bbox 549 845 666 929; x_wconf 78' lang='lat' dir='ltr'><strong>gessit3</strong></span> <span class='ocrx_word' id='word_1_30' title='bbox 686 845 797 930; x_wconf 87' lang='lat' dir='ltr'><strong>quide</strong></span> <span class='ocrx_word' id='word_1_31' title='bbox 821 845 985 926; x_wconf 82' lang='lat' dir='ltr'><strong>republica</strong></span> <span class='ocrx_word' id='word_1_32' title='bbox 1010 845 1091 908; x_wconf 88' lang='lat' dir='ltr'><strong>rnale</strong></span> <span class='ocrx_word' id='word_1_33' title='bbox 1112 857 1183 906; x_wconf 90' lang='lat' dir='ltr'><strong>sunt</strong></span> <span class='ocrx_word' id='word_1_34' title='bbox 1204 867 1269 908; x_wconf 87' lang='lat' dir='ltr'><strong>me·</strong></span> 
     </span>
     <span class='ocr_line' id='line_1_6' title="bbox 222 946 1270 1032; baseline -0.001 -21"><span class='ocrx_word' id='word_1_35' title='bbox 222 949 286 1023; x_wconf 91' lang='lat' dir='ltr'><strong>riti,</strong></span> <span class='ocrx_word' id='word_1_36' title='bbox 302 953 357 1012; x_wconf 90' lang='lat' dir='ltr'><strong>sed</strong></span> <span class='ocrx_word' id='word_1_37' title='bbox 373 952 453 1012; x_wconf 92' lang='lat' dir='ltr'><strong>adeo</strong></span> <span class='ocrx_word' id='word_1_38' title='bbox 477 971 547 1012; x_wconf 91' lang='lat' dir='ltr'><strong>cum</strong></span> <span class='ocrx_word' id='word_1_39' title='bbox 570 947 784 1029; x_wconf 84' lang='lat' dir='ltr'><strong>Scipionibus,</strong></span> <span class='ocrx_word' id='word_1_40' title='bbox 805 948 982 1023; x_wconf 88' lang='lat' dir='ltr'><strong>Marcellis,</strong></span> <span class='ocrx_word' id='word_1_41' title='bbox 1002 946 1199 1022; x_wconf 87' lang='lat' dir='ltr'><strong>Flamininis,</strong></span> <span class='ocrx_word' id='word_1_42' title='bbox 1216 949 1270 1032; x_wconf 90' lang='lat' dir='ltr'><strong>qui</strong></span> 
     </span>
     <span class='ocr_line' id='line_1_7' title="bbox 222 1050 1270 1132; baseline 0 -18"><span class='ocrx_word' id='word_1_43' title='bbox 222 1073 291 1114; x_wconf 88' lang='lat' dir='ltr'><strong>curn</strong></span> <span class='ocrx_word' id='word_1_44' title='bbox 317 1051 488 1114; x_wconf 79' lang='lat' dir='ltr'><strong>virtutibus</strong></span> <span class='ocrx_word' id='word_1_45' title='bbox 514 1064 580 1114; x_wconf 85' lang='lat' dir='ltr'><strong>turn</strong></span> <span class='ocrx_word' id='word_1_46' title='bbox 606 1053 700 1114; x_wconf 88' lang='lat' dir='ltr'><strong>rebus</strong></span> <span class='ocrx_word' id='word_1_47' title='bbox 729 1052 826 1132; x_wconf 81' lang='lat' dir='ltr'><strong>gestis</strong></span> <span class='ocrx_word' id='word_1_48' title='bbox 853 1050 974 1114; x_wconf 89' lang='lat' dir='ltr'><strong>cunctis</strong></span> <span class='ocrx_word' id='word_1_49' title='bbox 1001 1061 1186 1130; x_wconf 78' lang='lat' dir='ltr'><strong>praeerant,</strong></span> <span class='ocrx_word' id='word_1_50' title='bbox 1213 1053 1270 1114; x_wconf 88' lang='lat' dir='ltr'><strong>sed</strong></span> 
     </span>
     <span class='ocr_line' id='line_1_8' title="bbox 222 1152 1269 1234; baseline 0.002 -18"><span class='ocrx_word' id='word_1_51' title='bbox 222 1153 350 1216; x_wconf 90' lang='lat' dir='ltr'><strong>mitiore</strong></span> <span class='ocrx_word' id='word_1_52' title='bbox 364 1167 485 1216; x_wconf 89' lang='lat' dir='ltr'><strong>utentes</strong></span> <span class='ocrx_word' id='word_1_53' title='bbox 502 1153 668 1234; x_wconf 81' lang='lat' dir='ltr'><strong>disciplina</strong></span> <span class='ocrx_word' id='word_1_54' title='bbox 688 1165 718 1216; x_wconf 93' lang='lat' dir='ltr'><strong>et</strong></span> <span class='ocrx_word' id='word_1_55' title='bbox 738 1152 861 1234; x_wconf 82' lang='lat' dir='ltr'><strong>graecis</strong></span> <span class='ocrx_word' id='word_1_56' title='bbox 878 1153 994 1214; x_wconf 87' lang='lat' dir='ltr'><strong>litteris</strong></span> <span class='ocrx_word' id='word_1_57' title='bbox 1009 1152 1150 1214; x_wconf 82' lang='lat' dir='ltr'><strong>imbutis</strong></span> <span class='ocrx_word' id='word_1_58' title='bbox 1165 1152 1269 1232; x_wconf 86' lang='lat' dir='ltr'><strong>prisca</strong></span> 
     </span>
     <span class='ocr_line' id='line_1_9' title="bbox 224 1255 1270 1318; baseline -0.002 0"><span class='ocrx_word' id='word_1_59' title='bbox 224 1257 306 1318; x_wconf 90' lang='lat' dir='ltr'><strong>vitae</strong></span> <span class='ocrx_word' id='word_1_60' title='bbox 330 1255 464 1317; x_wconf 89' lang='lat' dir='ltr'><strong>ruditate</strong></span> <span class='ocrx_word' id='word_1_61' title='bbox 487 1257 715 1316; x_wconf 81' lang='lat' dir='ltr'><strong>abhorrebant.</strong></span> <span class='ocrx_word' id='word_1_62' title='bbox 753 1255 941 1316; x_wconf 88' lang='lat' dir='ltr'><strong>luuocentia</strong></span> <span class='ocrx_word' id='word_1_63' title='bbox 957 1255 1023 1316; x_wconf 90' lang='lat' dir='ltr'><strong>eius</strong></span> <span class='ocrx_word' id='word_1_64' title='bbox 1041 1266 1071 1316; x_wconf 90' lang='lat' dir='ltr'><strong>et</strong></span> <span class='ocrx_word' id='word_1_65' title='bbox 1090 1255 1196 1316; x_wconf 89' lang='lat' dir='ltr'><strong>odium</strong></span> <span class='ocrx_word' id='word_1_66' title='bbox 1215 1259 1270 1316; x_wconf 89' lang='lat' dir='ltr'><strong>ad-</strong></span> 
     </span>
     <span class='ocr_line' id='line_1_10' title="bbox 225 1352 1271 1437; baseline 0.001 -20"><span class='ocrx_word' id='word_1_67' title='bbox 225 1378 338 1418; x_wconf 88' lang='lat' dir='ltr'><strong>versus</strong></span> <span class='ocrx_word' id='word_1_68' title='bbox 357 1377 432 1428; x_wconf 88' lang='lat' dir='ltr'><strong>eos,</strong></span> <span class='ocrx_word' id='word_1_69' title='bbox 456 1354 511 1437; x_wconf 89' lang='lat' dir='ltr'><strong>qui</strong></span> <span class='ocrx_word' id='word_1_70' title='bbox 531 1353 562 1414; x_wconf 92' lang='lat' dir='ltr'><strong>iu</strong></span> <span class='ocrx_word' id='word_1_71' title='bbox 587 1352 765 1433; x_wconf 89' lang='lat' dir='ltr'><strong>provinciis</strong></span> <span class='ocrx_word' id='word_1_72' title='bbox 785 1353 956 1416; x_wconf 89' lang='lat' dir='ltr'><strong>crudeliter</strong></span> <span class='ocrx_word' id='word_1_73' title='bbox 975 1366 1025 1414; x_wconf 88' lang='lat' dir='ltr'><strong>aut</strong></span> <span class='ocrx_word' id='word_1_74' title='bbox 1046 1375 1141 1416; x_wconf 87' lang='lat' dir='ltr'><strong>avare</strong></span> <span class='ocrx_word' id='word_1_75' title='bbox 1161 1377 1194 1416; x_wconf 89' lang='lat' dir='ltr'><strong>se</strong></span> <span class='ocrx_word' id='word_1_76' title='bbox 1215 1377 1271 1436; x_wconf 77' lang='lat' dir='ltr'><strong>ge·</strong></span> 
     </span>
     <span class='ocr_line' id='line_1_11' title="bbox 226 1454 1270 1539; baseline -0.001 -20"><span class='ocrx_word' id='word_1_77' title='bbox 226 1461 339 1518; x_wconf 87' lang='lat' dir='ltr'><strong>rebant</strong></span> <span class='ocrx_word' id='word_1_78' title='bbox 359 1468 390 1519; x_wconf 90' lang='lat' dir='ltr'><strong>et</strong></span> <span class='ocrx_word' id='word_1_79' title='bbox 413 1455 538 1517; x_wconf 82' lang='lat' dir='ltr'><strong>luxuria</strong></span> <span class='ocrx_word' id='word_1_80' title='bbox 566 1465 659 1539; x_wconf 89' lang='lat' dir='ltr'><strong>atque</strong></span> <span class='ocrx_word' id='word_1_81' title='bbox 678 1455 861 1518; x_wconf 90' lang='lat' dir='ltr'><strong>libidinibus</strong></span> <span class='ocrx_word' id='word_1_82' title='bbox 884 1476 989 1518; x_wconf 87' lang='lat' dir='ltr'><strong>mores</strong></span> <span class='ocrx_word' id='word_1_83' title='bbox 1012 1454 1130 1518; x_wconf 89' lang='lat' dir='ltr'><strong>civium</strong></span> <span class='ocrx_word' id='word_1_84' title='bbox 1151 1456 1270 1520; x_wconf 85' lang='lat' dir='ltr'><strong>Roma·</strong></span> 
     </span>
     <span class='ocr_line' id='line_1_12' title="bbox 225 1556 1270 1640; baseline 0.001 -19"><span class='ocrx_word' id='word_1_85' title='bbox 225 1579 337 1622; x_wconf 89' lang='lat' dir='ltr'><strong>norum</strong></span> <span class='ocrx_word' id='word_1_86' title='bbox 356 1560 548 1640; x_wconf 84' lang='lat' dir='ltr'><strong>perdebant,</strong></span> <span class='ocrx_word' id='word_1_87' title='bbox 572 1579 666 1620; x_wconf 90' lang='lat' dir='ltr'><strong>causa</strong></span> <span class='ocrx_word' id='word_1_88' title='bbox 686 1557 760 1631; x_wconf 84' lang='lat' dir='ltr'><strong>suit,</strong></span> <span class='ocrx_word' id='word_1_89' title='bbox 787 1580 844 1620; x_wconf 90' lang='lat' dir='ltr'><strong>cur</strong></span> <span class='ocrx_word' id='word_1_90' title='bbox 866 1570 913 1620; x_wconf 92' lang='lat' dir='ltr'><strong>tot</strong></span> <span class='ocrx_word' id='word_1_91' title='bbox 932 1556 1008 1620; x_wconf 91' lang='lat' dir='ltr'><strong>viris</strong></span> <span class='ocrx_word' id='word_1_92' title='bbox 1028 1557 1270 1636; x_wconf 89' lang='lat' dir='ltr'><strong>consularibus,</strong></span> 
     </span>
     <span class='ocr_line' id='line_1_13' title="bbox 223 1658 1271 1744; baseline 0.004 -22"><span class='ocrx_word' id='word_1_93' title='bbox 223 1663 441 1742; x_wconf 89' lang='lat' dir='ltr'><strong>praetoribus,</strong></span> <span class='ocrx_word' id='word_1_94' title='bbox 455 1659 705 1740; x_wconf 84' lang='lat' dir='ltr'><strong>imperatoribus</strong></span> <span class='ocrx_word' id='word_1_95' title='bbox 718 1659 800 1722; x_wconf 89' lang='lat' dir='ltr'><strong>diem</strong></span> <span class='ocrx_word' id='word_1_96' title='bbox 814 1660 948 1724; x_wconf 89' lang='lat' dir='ltr'><strong>diceret.</strong></span> <span class='ocrx_word' id='word_1_97' title='bbox 973 1661 1017 1724; x_wconf 91' lang='lat' dir='ltr'><strong>At</strong></span> <span class='ocrx_word' id='word_1_98' title='bbox 1027 1658 1123 1722; x_wconf 81' lang='lat' dir='ltr'><strong>facile</strong></span> <span class='ocrx_word' id='word_1_99' title='bbox 1133 1659 1271 1744; x_wconf 84' lang='lat' dir='ltr'><strong>intelligi</strong></span> 
     </span>
     <span class='ocr_line' id='line_1_14' title="bbox 222 1761 1268 1847; baseline 0.004 -21"><span class='ocrx_word' id='word_1_100' title='bbox 222 1773 338 1844; x_wconf 90' lang='lat' dir='ltr'><strong>potest,</strong></span> <span class='ocrx_word' id='word_1_101' title='bbox 359 1764 473 1826; x_wconf 88' lang='lat' dir='ltr'><strong>multos</strong></span> <span class='ocrx_word' id='word_1_102' title='bbox 493 1761 522 1824; x_wconf 90' lang='lat' dir='ltr'><strong>ei</strong></span> <span class='ocrx_word' id='word_1_103' title='bbox 544 1783 675 1847; x_wconf 89' lang='lat' dir='ltr'><strong>quoque</strong></span> <span class='ocrx_word' id='word_1_104' title='bbox 697 1761 925 1837; x_wconf 86' lang='lat' dir='ltr'><strong>succensuisse,</strong></span> <span class='ocrx_word' id='word_1_105' title='bbox 951 1784 1086 1847; x_wconf 89' lang='lat' dir='ltr'><strong>eumque</strong></span> <span class='ocrx_word' id='word_1_106' title='bbox 1109 1783 1171 1828; x_wconf 88' lang='lat' dir='ltr'><strong>uon</strong></span> <span class='ocrx_word' id='word_1_107' title='bbox 1192 1785 1268 1830; x_wconf 84' lang='lat' dir='ltr'><strong>raro</strong></span> 
     </span>
     <span class='ocr_line' id='line_1_15' title="bbox 221 1863 1269 1949; baseline 0.003 -21"><span class='ocrx_word' id='word_1_108' title='bbox 221 1865 352 1946; x_wconf 88' lang='lat' dir='ltr'><strong>petitum</strong></span> <span class='ocrx_word' id='word_1_109' title='bbox 366 1877 460 1949; x_wconf 90' lang='lat' dir='ltr'><strong>atque</strong></span> <span class='ocrx_word' id='word_1_110' title='bbox 478 1865 658 1928; x_wconf 89' lang='lat' dir='ltr'><strong>lacessitum</strong></span> <span class='ocrx_word' id='word_1_111' title='bbox 674 1878 704 1930; x_wconf 91' lang='lat' dir='ltr'><strong>et</strong></span> <span class='ocrx_word' id='word_1_112' title='bbox 715 1863 747 1930; x_wconf 87' lang='lat' dir='ltr'><strong>in</strong></span> <span class='ocrx_word' id='word_1_113' title='bbox 763 1864 913 1929; x_wconf 86' lang='lat' dir='ltr'><strong>iudicium</strong></span> <span class='ocrx_word' id='word_1_114' title='bbox 929 1876 1075 1928; x_wconf 86' lang='lat' dir='ltr'><strong>vocatum</strong></span> <span class='ocrx_word' id='word_1_115' title='bbox 1092 1887 1173 1932; x_wconf 85' lang='lat' dir='ltr'><strong>esse.</strong></span> <span class='ocrx_word' id='word_1_116' title='bbox 1198 1868 1269 1949; x_wconf 84' lang='lat' dir='ltr'><strong>Qua</strong></span> 
     </span>
     <span class='ocr_line' id='line_1_16' title="bbox 222 1967 1267 2048; baseline 0.003 -19"><span class='ocrx_word' id='word_1_117' title='bbox 222 1970 314 2032; x_wconf 88' lang='lat' dir='ltr'><strong>dere</strong></span> <span class='ocrx_word' id='word_1_118' title='bbox 336 1979 483 2048; x_wconf 85' lang='lat' dir='ltr'><strong>superest</strong></span> <span class='ocrx_word' id='word_1_119' title='bbox 505 1967 604 2031; x_wconf 92' lang='lat' dir='ltr'><strong>Plinii</strong></span> <span class='ocrx_word' id='word_1_120' title='bbox 624 1967 838 2032; x_wconf 88' lang='lat' dir='ltr'><strong>testimonium</strong></span> <span class='ocrx_word' id='word_1_121' title='bbox 860 1967 1065 2032; x_wconf 86' lang='lat' dir='ltr'><strong>luculentum.</strong></span> <span class='ocrx_word' id='word_1_122' title='bbox 1093 1968 1196 2044; x_wconf 88' lang='lat' dir='ltr'><strong>(Hist.</strong></span> <span class='ocrx_word' id='word_1_123' title='bbox 1210 1969 1267 2034; x_wconf 88' lang='lat' dir='ltr'><strong>lib.</strong></span> 
     </span>
     <span class='ocr_line' id='line_1_17' title="bbox 222 2071 1269 2154; baseline 0.001 -20"><span class='ocrx_word' id='word_1_124' title='bbox 222 2071 303 2147; x_wconf 92' lang='lat' dir='ltr'><strong>VII,</strong></span> <span class='ocrx_word' id='word_1_125' title='bbox 319 2074 404 2147; x_wconf 83' lang='lat'><strong>27.):</strong></span> <span class='ocrx_word' id='word_1_126' title='bbox 430 2074 516 2136; x_wconf 81' lang='lat' dir='ltr'><strong>Cato</strong></span> <span class='ocrx_word' id='word_1_127' title='bbox 531 2071 668 2154; x_wconf 86' lang='lat' dir='ltr'><strong>primus</strong></span> <span class='ocrx_word' id='word_1_128' title='bbox 685 2072 828 2134; x_wconf 81' lang='lat' dir='ltr'><strong>Porciae</strong></span> <span class='ocrx_word' id='word_1_129' title='bbox 845 2071 959 2153; x_wconf 81' lang='lat' dir='ltr'><strong>gentis</strong></span> <span class='ocrx_word' id='word_1_130' title='bbox 976 2083 1048 2133; x_wconf 87' lang='lat' dir='ltr'><strong>tres</strong></span> <span class='ocrx_word' id='word_1_131' title='bbox 1065 2091 1220 2134; x_wconf 89' lang='lat' dir='ltr'><strong>summas</strong></span> <span class='ocrx_word' id='word_1_132' title='bbox 1235 2071 1269 2136; x_wconf 89' lang='lat' dir='ltr'><strong>in</strong></span> 
     </span>
     <span class='ocr_line' id='line_1_18' title="bbox 220 2173 1269 2254; baseline 0 -18"><span class='ocrx_word' id='word_1_133' title='bbox 220 2173 355 2236; x_wconf 84' lang='lat' dir='ltr'><strong>bomine</strong></span> <span class='ocrx_word' id='word_1_134' title='bbox 374 2194 430 2236; x_wconf 84' lang='lat' dir='ltr'><strong>res</strong></span> <span class='ocrx_word' id='word_1_135' title='bbox 450 2173 665 2254; x_wconf 83' lang='lat' dir='ltr'><strong>praestitisse</strong></span> <span class='ocrx_word' id='word_1_136' title='bbox 684 2173 926 2247; x_wconf 77' lang='lat' dir='ltr'><strong>existimatus,</strong></span> <span class='ocrx_word' id='word_1_137' title='bbox 956 2184 994 2234; x_wconf 89' lang='lat' dir='ltr'><strong>ut</strong></span> <span class='ocrx_word' id='word_1_138' title='bbox 1012 2184 1100 2236; x_wconf 86' lang='lat' dir='ltr'><strong>esset</strong></span> <span class='ocrx_word' id='word_1_139' title='bbox 1118 2174 1269 2254; x_wconf 85' lang='lat' dir='ltr'><strong>optimus</strong></span> 
     </span>
     <span class='ocr_line' id='line_1_19' title="bbox 220 2276 1269 2359; baseline 0.002 -21"><span class='ocrx_word' id='word_1_140' title='bbox 220 2289 357 2350; x_wconf 90' lang='lat' dir='ltr'><strong>orator,</strong></span> <span class='ocrx_word' id='word_1_141' title='bbox 385 2277 537 2359; x_wconf 81' lang='lat' dir='ltr'><strong>optimus</strong></span> <span class='ocrx_word' id='word_1_142' title='bbox 563 2276 774 2358; x_wconf 86' lang='lat' dir='ltr'><strong>imperator,</strong></span> <span class='ocrx_word' id='word_1_143' title='bbox 803 2277 955 2359; x_wconf 81' lang='lat' dir='ltr'><strong>optimas</strong></span> <span class='ocrx_word' id='word_1_144' title='bbox 983 2287 1145 2350; x_wconf 88' lang='lat' dir='ltr'><strong>senator,</strong></span> <span class='ocrx_word' id='word_1_145' title='bbox 1182 2297 1269 2358; x_wconf 82' lang='lat' dir='ltr'><strong>quae</strong></span> 
     </span>
     <span class='ocr_line' id='line_1_20' title="bbox 222 2377 1269 2466; baseline -0.001 -23"><span class='ocrx_word' id='word_1_146' title='bbox 222 2379 305 2443; x_wconf 81' lang='lat' dir='ltr'><strong>milri</strong></span> <span class='ocrx_word' id='word_1_147' title='bbox 320 2379 440 2442; x_wconf 87' lang='lat' dir='ltr'><strong>omnia</strong></span> <span class='ocrx_word' id='word_1_148' title='bbox 458 2379 592 2442; x_wconf 85' lang='lat' dir='ltr'><strong>etiamsi</strong></span> <span class='ocrx_word' id='word_1_149' title='bbox 609 2399 677 2441; x_wconf 90' lang='lat' dir='ltr'><strong>non</strong></span> <span class='ocrx_word' id='word_1_150' title='bbox 689 2381 791 2459; x_wconf 85' lang='lat' dir='ltr'><strong>prius</strong></span> <span class='ocrx_word' id='word_1_151' title='bbox 806 2390 960 2442; x_wconf 85' lang='lat' dir='ltr'><strong>attamen</strong></span> <span class='ocrx_word' id='word_1_152' title='bbox 978 2377 1269 2466; x_wconf 83' lang='lat' dir='ltr'><strong>clariusfutsisse</strong></span> 
     </span>
     <span class='ocr_line' id='line_1_21' title="bbox 221 2479 1270 2561; baseline 0 -19"><span class='ocrx_word' id='word_1_153' title='bbox 221 2481 257 2542; x_wconf 91' lang='lat' dir='ltr'><strong>in</strong></span> <span class='ocrx_word' id='word_1_154' title='bbox 276 2482 434 2561; x_wconf 83' lang='lat' dir='ltr'><strong>Scipione</strong></span> <span class='ocrx_word' id='word_1_155' title='bbox 454 2481 650 2542; x_wconf 85' lang='lat' dir='ltr'><strong>Aemiliano</strong></span> <span class='ocrx_word' id='word_1_156' title='bbox 674 2479 844 2553; x_wconf 86' lang='lat' dir='ltr'><strong>videntur,</strong></span> <span class='ocrx_word' id='word_1_157' title='bbox 867 2481 982 2540; x_wconf 89' lang='lat' dir='ltr'><strong>demto</strong></span> <span class='ocrx_word' id='word_1_158' title='bbox 994 2490 1177 2560; x_wconf 87' lang='lat' dir='ltr'><strong>praeterea</strong></span> <span class='ocrx_word' id='word_1_159' title='bbox 1192 2483 1270 2561; x_wconf 87' lang='lat' dir='ltr'><strong>pla·</strong></span> 
     </span>
     <span class='ocr_line' id='line_1_22' title="bbox 223 2579 1271 2662; baseline -0.001 -18"><span class='ocrx_word' id='word_1_160' title='bbox 223 2583 393 2644; x_wconf 81' lang='lat' dir='ltr'><strong>rimorum</strong></span> <span class='ocrx_word' id='word_1_161' title='bbox 406 2581 498 2653; x_wconf 81' lang='lat' dir='ltr'><strong>odio,</strong></span> <span class='ocrx_word' id='word_1_162' title='bbox 516 2601 584 2662; x_wconf 87' lang='lat' dir='ltr'><strong>qno</strong></span> <span class='ocrx_word' id='word_1_163' title='bbox 597 2583 683 2644; x_wconf 85' lang='lat' dir='ltr'><strong>Cato</strong></span> <span class='ocrx_word' id='word_1_164' title='bbox 698 2579 878 2642; x_wconf 79' lang='lat' dir='ltr'><strong>laborauit.</strong></span> <span class='ocrx_word' id='word_1_165' title='bbox 901 2583 1023 2661; x_wconf 83' lang='lat' dir='ltr'><strong>Itaque</strong></span> <span class='ocrx_word' id='word_1_166' title='bbox 1036 2579 1081 2642; x_wconf 89' lang='lat' dir='ltr'><strong>sit</strong></span> <span class='ocrx_word' id='word_1_167' title='bbox 1088 2580 1271 2660; x_wconf 87' lang='lat' dir='ltr'><strong>proprium</strong></span> 
     </span>
     <span class='ocr_line' id='line_1_23' title="bbox 222 2681 1269 2766; baseline -0.006 -16"><span class='ocrx_word' id='word_1_168' title='bbox 222 2685 390 2757; x_wconf 83' lang='lat' dir='ltr'><strong>Catonis,</strong></span> <span class='ocrx_word' id='word_1_169' title='bbox 419 2696 542 2766; x_wconf 83' lang='lat' dir='ltr'><strong>quater</strong></span> <span class='ocrx_word' id='word_1_170' title='bbox 564 2694 597 2744; x_wconf 89' lang='lat' dir='ltr'><strong>et</strong></span> <span class='ocrx_word' id='word_1_171' title='bbox 627 2681 839 2766; x_wconf 80' lang='lat' dir='ltr'><strong>quadragies</strong></span> <span class='ocrx_word' id='word_1_172' title='bbox 864 2701 1008 2744; x_wconf 85' lang='lat' dir='ltr'><strong>eausam</strong></span> <span class='ocrx_word' id='word_1_173' title='bbox 1033 2681 1186 2757; x_wconf 81' lang='lat' dir='ltr'><strong>dixisse,</strong></span> <span class='ocrx_word' id='word_1_174' title='bbox 1210 2701 1269 2746; x_wconf 86' lang='lat' dir='ltr'><strong>nec</strong></span> 
     </span>
     <span class='ocr_line' id='line_1_24' title="bbox 219 2785 1269 2872; baseline 0 -22"><span class='ocrx_word' id='word_1_175' title='bbox 219 2807 424 2872; x_wconf 85' lang='lat' dir='ltr'><strong>quemquam</strong></span> <span class='ocrx_word' id='word_1_176' title='bbox 447 2787 586 2867; x_wconf 87' lang='lat' dir='ltr'><strong>saepius</strong></span> <span class='ocrx_word' id='word_1_177' title='bbox 608 2787 828 2868; x_wconf 83' lang='lat' dir='ltr'><strong>postulatum</strong></span> <span class='ocrx_word' id='word_1_178' title='bbox 853 2796 887 2848; x_wconf 86' lang='lat' dir='ltr'><strong>et</strong></span> <span class='ocrx_word' id='word_1_179' title='bbox 908 2805 1043 2866; x_wconf 86' lang='lat' dir='ltr'><strong>semper</strong></span> <span class='ocrx_word' id='word_1_180' title='bbox 1061 2785 1269 2850; x_wconf 86' lang='lat' dir='ltr'><strong>absolutum.</strong></span> 
     </span>
     <span class='ocr_line' id='line_1_25' title="bbox 221 2886 1269 2973; baseline -0.001 -20"><span class='ocrx_word' id='word_1_181' title='bbox 221 2891 260 2953; x_wconf 90' lang='lat' dir='ltr'><strong>In</strong></span> <span class='ocrx_word' id='word_1_182' title='bbox 279 2909 443 2952; x_wconf 89' lang='lat' dir='ltr'><strong>censuram</strong></span> <span class='ocrx_word' id='word_1_183' title='bbox 465 2888 542 2964; x_wconf 92' lang='lat' dir='ltr'><strong>eius,</strong></span> <span class='ocrx_word' id='word_1_184' title='bbox 563 2892 652 2973; x_wconf 88' lang='lat' dir='ltr'><strong>quod</strong></span> <span class='ocrx_word' id='word_1_185' title='bbox 675 2888 809 2950; x_wconf 88' lang='lat' dir='ltr'><strong>adversa</strong></span> <span class='ocrx_word' id='word_1_186' title='bbox 828 2886 1004 2960; x_wconf 86' lang='lat' dir='ltr'><strong>nobilitate,</strong></span> <span class='ocrx_word' id='word_1_187' title='bbox 1026 2900 1056 2950; x_wconf 88' lang='lat' dir='ltr'><strong>at</strong></span> <span class='ocrx_word' id='word_1_188' title='bbox 1073 2909 1189 2970; x_wconf 85' lang='lat' dir='ltr'><strong>magno</strong></span> <span class='ocrx_word' id='word_1_189' title='bbox 1209 2909 1269 2968; x_wconf 90' lang='lat' dir='ltr'><strong>po-</strong></span> 
     </span>
     <span class='ocr_line' id='line_1_26' title="bbox 221 2989 1269 3074; baseline 0 -20"><span class='ocrx_word' id='word_1_190' title='bbox 221 2992 292 3074; x_wconf 89' lang='lat' dir='ltr'><strong>puli</strong></span> <span class='ocrx_word' id='word_1_191' title='bbox 311 2991 425 3054; x_wconf 86' lang='lat' dir='ltr'><strong>favore</strong></span> <span class='ocrx_word' id='word_1_192' title='bbox 450 2990 574 3072; x_wconf 88' lang='lat' dir='ltr'><strong>accepit</strong></span> <span class='ocrx_word' id='word_1_193' title='bbox 599 3013 731 3065; x_wconf 90' lang='lat' dir='ltr'><strong>munus,</strong></span> <span class='ocrx_word' id='word_1_194' title='bbox 754 2989 896 3053; x_wconf 88' lang='lat' dir='ltr'><strong>incidunt</strong></span> <span class='ocrx_word' id='word_1_195' title='bbox 916 2991 1077 3052; x_wconf 88' lang='lat' dir='ltr'><strong>orationes</strong></span> <span class='ocrx_word' id='word_1_196' title='bbox 1096 3010 1151 3054; x_wconf 85' lang='lat' dir='ltr'><strong>sex</strong></span> <span class='ocrx_word' id='word_1_197' title='bbox 1170 3001 1202 3053; x_wconf 91' lang='lat' dir='ltr'><strong>et</strong></span> <span class='ocrx_word' id='word_1_198' title='bbox 1223 2989 1269 3054; x_wconf 86' lang='lat' dir='ltr'><strong>vi·</strong></span> 
     </span>
     <span class='ocr_line' id='line_1_27' title="bbox 222 3091 1269 3178; baseline 0.001 -21"><span class='ocrx_word' id='word_1_199' title='bbox 222 3093 312 3178; x_wconf 84' lang='lat' dir='ltr'><strong>giuti,</strong></span> <span class='ocrx_word' id='word_1_200' title='bbox 332 3115 369 3156; x_wconf 89' lang='lat' dir='ltr'><strong>ac</strong></span> <span class='ocrx_word' id='word_1_201' title='bbox 388 3094 497 3175; x_wconf 91' lang='lat' dir='ltr'><strong>plures</strong></span> <span class='ocrx_word' id='word_1_202' title='bbox 518 3093 678 3156; x_wconf 84' lang='lat' dir='ltr'><strong>sortasse:</strong></span> <span class='ocrx_word' id='word_1_203' title='bbox 704 3094 854 3156; x_wconf 84' lang='lat' dir='ltr'><strong>extabant</strong></span> <span class='ocrx_word' id='word_1_204' title='bbox 874 3093 956 3156; x_wconf 90' lang='lat' dir='ltr'><strong>enim</strong></span> <span class='ocrx_word' id='word_1_205' title='bbox 972 3091 1037 3155; x_wconf 91' lang='lat' dir='ltr'><strong>eius</strong></span> <span class='ocrx_word' id='word_1_206' title='bbox 1053 3092 1218 3156; x_wconf 87' lang='lat' dir='ltr'><strong>orationes</strong></span> <span class='ocrx_word' id='word_1_207' title='bbox 1237 3092 1269 3159; x_wconf 87' lang='lat' dir='ltr'><strong>in</strong></span> 
     </span>
     <span class='ocr_line' id='line_1_28' title="bbox 221 3193 1269 3282; baseline -0.003 -21"><span class='ocrx_word' id='word_1_208' title='bbox 221 3218 343 3272; x_wconf 88' lang='lat' dir='ltr'><strong>omues,</strong></span> <span class='ocrx_word' id='word_1_209' title='bbox 365 3219 447 3282; x_wconf 87' lang='lat' dir='ltr'><strong>quos</strong></span> <span class='ocrx_word' id='word_1_210' title='bbox 464 3207 516 3258; x_wconf 89' lang='lat' dir='ltr'><strong>aut</strong></span> <span class='ocrx_word' id='word_1_211' title='bbox 538 3195 701 3260; x_wconf 90' lang='lat' dir='ltr'><strong>senatorio</strong></span> <span class='ocrx_word' id='word_1_212' title='bbox 723 3196 800 3258; x_wconf 92' lang='lat' dir='ltr'><strong>loco</strong></span> <span class='ocrx_word' id='word_1_213' title='bbox 821 3193 940 3270; x_wconf 73' lang='lat' dir='ltr'><strong>inavit,</strong></span> <span class='ocrx_word' id='word_1_214' title='bbox 963 3208 1016 3258; x_wconf 87' lang='lat' dir='ltr'><strong>aut</strong></span> <span class='ocrx_word' id='word_1_215' title='bbox 1035 3194 1150 3278; x_wconf 87' lang='lat' dir='ltr'><strong>quibus</strong></span> <span class='ocrx_word' id='word_1_216' title='bbox 1168 3215 1269 3278; x_wconf 88' lang='lat' dir='ltr'><strong>equos</strong></span> 
     </span>
     <span class='ocr_line' id='line_1_29' title="bbox 221 3294 1268 3383; baseline -0.002 -21"><span class='ocrx_word' id='word_1_217' title='bbox 221 3300 354 3376; x_wconf 86' lang='lat' dir='ltr'><strong>ademit,</strong></span> <span class='ocrx_word' id='word_1_218' title='bbox 375 3310 427 3362; x_wconf 91' lang='lat' dir='ltr'><strong>aut</strong></span> <span class='ocrx_word' id='word_1_219' title='bbox 443 3319 524 3383; x_wconf 89' lang='lat' dir='ltr'><strong>quos</strong></span> <span class='ocrx_word' id='word_1_220' title='bbox 543 3297 685 3362; x_wconf 86' lang='lat' dir='ltr'><strong>aerarios</strong></span> <span class='ocrx_word' id='word_1_221' title='bbox 704 3297 794 3362; x_wconf 88' lang='lat' dir='ltr'><strong>fecit.</strong></span> <span class='ocrx_word' id='word_1_222' title='bbox 815 3296 951 3375; x_wconf 87' lang='lat' dir='ltr'><strong>(Livius</strong></span> <span class='ocrx_word' id='word_1_223' title='bbox 973 3299 1032 3373; x_wconf 81' lang='lat'><strong>39,</strong></span> <span class='ocrx_word' id='word_1_224' title='bbox 1056 3294 1123 3380; x_wconf 77' lang='lat' dir='ltr'><strong>tt.)</strong></span> <span class='ocrx_word' id='word_1_225' title='bbox 1160 3297 1268 3380; x_wconf 86' lang='lat' dir='ltr'><strong>Atque</strong></span> 
     </span>
     <span class='ocr_line' id='line_1_30' title="bbox 221 3411 1269 3481; baseline -0.004 -17"><span class='ocrx_word' id='word_1_226' title='bbox 221 3422 261 3465; x_wconf 89' lang='lat' dir='ltr'><strong>eo</strong></span> <span class='ocrx_word' id='word_1_227' title='bbox 289 3423 418 3464; x_wconf 90' lang='lat' dir='ltr'><strong>munere</strong></span> <span class='ocrx_word' id='word_1_228' title='bbox 446 3412 507 3462; x_wconf 89' lang='lat' dir='ltr'><strong>tam</strong></span> <span class='ocrx_word' id='word_1_229' title='bbox 536 3423 609 3462; x_wconf 90' lang='lat' dir='ltr'><strong>usus</strong></span> <span class='ocrx_word' id='word_1_230' title='bbox 638 3411 685 3464; x_wconf 89' lang='lat' dir='ltr'><strong>est</strong></span> <span class='ocrx_word' id='word_1_231' title='bbox 718 3421 851 3478; x_wconf 85' lang='lat' dir='ltr'><strong>serere,</strong></span> <span class='ocrx_word' id='word_1_232' title='bbox 889 3413 922 3462; x_wconf 90' lang='lat' dir='ltr'><strong>ut</strong></span> <span class='ocrx_word' id='word_1_233' title='bbox 950 3411 1070 3481; x_wconf 87' lang='lat' dir='ltr'><strong>septem</strong></span> <span class='ocrx_word' id='word_1_234' title='bbox 1106 3411 1269 3462; x_wconf 88' lang='lat' dir='ltr'><strong>senatores</strong></span> 
     </span>
     <span class='ocr_line' id='line_1_31' title="bbox 222 3500 1269 3588; baseline -0.005 -22"><span class='ocrx_word' id='word_1_235' title='bbox 222 3504 374 3588; x_wconf 88' lang='lat' dir='ltr'><strong>multique</strong></span> <span class='ocrx_word' id='word_1_236' title='bbox 398 3503 536 3587; x_wconf 87' lang='lat' dir='ltr'><strong>equites,</strong></span> <span class='ocrx_word' id='word_1_237' title='bbox 564 3525 647 3587; x_wconf 89' lang='lat' dir='ltr'><strong>quos</strong></span> <span class='ocrx_word' id='word_1_238' title='bbox 674 3515 812 3585; x_wconf 90' lang='lat' dir='ltr'><strong>propter</strong></span> <span class='ocrx_word' id='word_1_239' title='bbox 839 3503 946 3566; x_wconf 85' lang='lat' dir='ltr'><strong>luxum</strong></span> <span class='ocrx_word' id='word_1_240' title='bbox 972 3503 1022 3564; x_wconf 89' lang='lat' dir='ltr'><strong>vel</strong></span> <span class='ocrx_word' id='word_1_241' title='bbox 1044 3500 1190 3564; x_wconf 89' lang='lat' dir='ltr'><strong>inertiam</strong></span> <span class='ocrx_word' id='word_1_242' title='bbox 1218 3500 1269 3563; x_wconf 90' lang='lat' dir='ltr'><strong>vel</strong></span> 
     </span>
     <span class='ocr_line' id='line_1_32' title="bbox 222 3603 1269 3690; baseline -0.004 -22"><span class='ocrx_word' id='word_1_243' title='bbox 222 3606 441 3669; x_wconf 89' lang='lat' dir='ltr'><strong>crudelitatem</strong></span> <span class='ocrx_word' id='word_1_244' title='bbox 464 3605 708 3690; x_wconf 88' lang='lat' dir='ltr'><strong>superbiamque</strong></span> <span class='ocrx_word' id='word_1_245' title='bbox 731 3609 862 3681; x_wconf 88' lang='lat' dir='ltr'><strong>oderat,</strong></span> <span class='ocrx_word' id='word_1_246' title='bbox 885 3605 957 3666; x_wconf 89' lang='lat' dir='ltr'><strong>loco</strong></span> <span class='ocrx_word' id='word_1_247' title='bbox 977 3615 1196 3667; x_wconf 88' lang='lat' dir='ltr'><strong>moverentur.</strong></span> <span class='ocrx_word' id='word_1_248' title='bbox 1230 3603 1269 3665; x_wconf 92' lang='lat' dir='ltr'><strong>ln</strong></span> 
     </span>
     <span class='ocr_line' id='line_1_33' title="bbox 221 3704 1270 3793; baseline -0.006 -21"><span class='ocrx_word' id='word_1_249' title='bbox 221 3709 367 3772; x_wconf 87' lang='lat' dir='ltr'><strong>censibus</strong></span> <span class='ocrx_word' id='word_1_250' title='bbox 385 3729 513 3793; x_wconf 89' lang='lat' dir='ltr'><strong>quoque</strong></span> <span class='ocrx_word' id='word_1_251' title='bbox 535 3706 728 3789; x_wconf 87' lang='lat' dir='ltr'><strong>accipiendis</strong></span> <span class='ocrx_word' id='word_1_252' title='bbox 746 3706 846 3770; x_wconf 88' lang='lat' dir='ltr'><strong>tristis</strong></span> <span class='ocrx_word' id='word_1_253' title='bbox 867 3718 898 3770; x_wconf 90' lang='lat' dir='ltr'><strong>et</strong></span> <span class='ocrx_word' id='word_1_254' title='bbox 913 3727 1024 3787; x_wconf 86' lang='lat' dir='ltr'><strong>aspera</strong></span> <span class='ocrx_word' id='word_1_255' title='bbox 1039 3704 1071 3767; x_wconf 90' lang='lat' dir='ltr'><strong>in</strong></span> <span class='ocrx_word' id='word_1_256' title='bbox 1089 3726 1197 3768; x_wconf 91' lang='lat' dir='ltr'><strong>omnes</strong></span> <span class='ocrx_word' id='word_1_257' title='bbox 1210 3725 1270 3766; x_wconf 91' lang='lat' dir='ltr'><strong>or·</strong></span> 
     </span>
     <span class='ocr_line' id='line_1_34' title="bbox 222 3809 1269 3890; baseline -0.008 -16"><span class='ocrx_word' id='word_1_258' title='bbox 222 3811 308 3874; x_wconf 89' lang='lat' dir='ltr'><strong>dines</strong></span> <span class='ocrx_word' id='word_1_259' title='bbox 322 3831 454 3874; x_wconf 87' lang='lat' dir='ltr'><strong>censura</strong></span> <span class='ocrx_word' id='word_1_260' title='bbox 469 3809 541 3886; x_wconf 83' lang='lat' dir='ltr'><strong>tuit,</strong></span> <span class='ocrx_word' id='word_1_261' title='bbox 558 3813 614 3872; x_wconf 90' lang='lat' dir='ltr'><strong>sed</strong></span> <span class='ocrx_word' id='word_1_262' title='bbox 632 3831 742 3873; x_wconf 90' lang='lat' dir='ltr'><strong>munus</strong></span> <span class='ocrx_word' id='word_1_263' title='bbox 763 3809 831 3872; x_wconf 88' lang='lat' dir='ltr'><strong>eius</strong></span> <span class='ocrx_word' id='word_1_264' title='bbox 851 3811 929 3870; x_wconf 89' lang='lat' dir='ltr'><strong>adeo</strong></span> <span class='ocrx_word' id='word_1_265' title='bbox 948 3819 1072 3890; x_wconf 86' lang='lat' dir='ltr'><strong>gratum</strong></span> <span class='ocrx_word' id='word_1_266' title='bbox 1088 3815 1269 3886; x_wconf 89' lang='lat' dir='ltr'><strong>acceptum·</strong></span> 
     </span>
     <span class='ocr_line' id='line_1_35' title="bbox 220 3908 1268 3998; baseline -0.006 -22"><span class='ocrx_word' id='word_1_267' title='bbox 220 3936 282 3998; x_wconf 85' lang='lat' dir='ltr'><strong>que</strong></span> <span class='ocrx_word' id='word_1_268' title='bbox 302 3913 425 3996; x_wconf 89' lang='lat' dir='ltr'><strong>populo</strong></span> <span class='ocrx_word' id='word_1_269' title='bbox 445 3912 517 3986; x_wconf 86' lang='lat' dir='ltr'><strong>suit,</strong></span> <span class='ocrx_word' id='word_1_270' title='bbox 537 3923 570 3972; x_wconf 90' lang='lat' dir='ltr'><strong>ut</strong></span> <span class='ocrx_word' id='word_1_271' title='bbox 590 3913 774 3977; x_wconf 83' lang='lat' dir='ltr'><strong>Censorius</strong></span> <span class='ocrx_word' id='word_1_272' title='bbox 793 3923 903 3992; x_wconf 87' lang='lat' dir='ltr'><strong>postea</strong></span> <span class='ocrx_word' id='word_1_273' title='bbox 923 3909 1152 3974; x_wconf 88' lang='lat' dir='ltr'><strong>nominaretur.</strong></span> <span class='ocrx_word' id='word_1_274' title='bbox 1178 3908 1268 3970; x_wconf 87' lang='lat' dir='ltr'><strong>Unde</strong></span> 
     </span>
     <span class='ocr_line' id='line_1_36' title="bbox 221 4005 1266 4096; baseline -0.009 -19"><span class='ocrx_word' id='word_1_275' title='bbox 221 4015 341 4077; x_wconf 87' lang='lat' dir='ltr'><strong>Seneca</strong></span> <span class='ocrx_word' id='word_1_276' title='bbox 362 4015 393 4074; x_wconf 92' lang='lat' dir='ltr'><strong>in</strong></span> <span class='ocrx_word' id='word_1_277' title='bbox 415 4014 552 4094; x_wconf 90' lang='lat' dir='ltr'><strong>epistola</strong></span> <span class='ocrx_word' id='word_1_278' title='bbox 572 4017 706 4096; x_wconf 88' lang='lat' dir='ltr'><strong>quadarn</strong></span> <span class='ocrx_word' id='word_1_279' title='bbox 726 4017 765 4074; x_wconf 87' lang='lat' dir='ltr'><strong>ad</strong></span> <span class='ocrx_word' id='word_1_280' title='bbox 787 4010 946 4074; x_wconf 90' lang='lat' dir='ltr'><strong>Lucilium</strong></span> <span class='ocrx_word' id='word_1_281' title='bbox 969 4012 1048 4087; x_wconf 89' lang='lat' dir='ltr'><strong>(Ep.</strong></span> <span class='ocrx_word' id='word_1_282' title='bbox 1063 4008 1118 4081; x_wconf 71' lang='lat'><strong>87)</strong></span> <span class='ocrx_word' id='word_1_283' title='bbox 1133 4005 1266 4080; x_wconf 88' lang='lat' dir='ltr'><strong>scribit,</strong></span> 
     </span>
     <span class='ocr_line' id='line_1_37' title="bbox 220 4110 1269 4204; baseline -0.011 -24"><span class='ocrx_word' id='word_1_284' title='bbox 220 4130 293 4180; x_wconf 84' lang='lat' dir='ltr'><strong>tarn</strong></span> <span class='ocrx_word' id='word_1_285' title='bbox 311 4115 519 4195; x_wconf 83' lang='lat' dir='ltr'><strong>reipublicae</strong></span> <span class='ocrx_word' id='word_1_286' title='bbox 538 4116 648 4176; x_wconf 81' lang='lat' dir='ltr'><strong>hercle</strong></span> <span class='ocrx_word' id='word_1_287' title='bbox 665 4112 848 4204; x_wconf 76' lang='lat' dir='ltr'><strong>profuisse</strong></span> <span class='ocrx_word' id='word_1_288' title='bbox 868 4110 964 4173; x_wconf 87' lang='lat' dir='ltr'><strong>nasci</strong></span> <span class='ocrx_word' id='word_1_289' title='bbox 984 4112 1150 4170; x_wconf 83' lang='lat' dir='ltr'><strong>Catonem</strong></span> <span class='ocrx_word' id='word_1_290' title='bbox 1165 4127 1269 4187; x_wconf 87' lang='lat' dir='ltr'><strong>quam</strong></span> 
     </span>
     <span class='ocr_line' id='line_1_38' title="bbox 220 4206 1267 4301; baseline -0.013 -17"><span class='ocrx_word' id='word_1_291' title='bbox 220 4219 432 4301; x_wconf 81' lang='lat' dir='ltr'><strong>Scipionem:</strong></span> <span class='ocrx_word' id='word_1_292' title='bbox 452 4218 602 4278; x_wconf 86' lang='lat' dir='ltr'><strong>alterum</strong></span> <span class='ocrx_word' id='word_1_293' title='bbox 619 4216 709 4278; x_wconf 84' lang='lat' dir='ltr'><strong>enim</strong></span> <span class='ocrx_word' id='word_1_294' title='bbox 725 4236 803 4276; x_wconf 86' lang='lat' dir='ltr'><strong>cum</strong></span> <span class='ocrx_word' id='word_1_295' title='bbox 817 4211 973 4279; x_wconf 80' lang='lat' dir='ltr'><strong>hostibus</strong></span> <span class='ocrx_word' id='word_1_296' title='bbox 991 4206 1116 4268; x_wconf 84' lang='lat' dir='ltr'><strong>nostris</strong></span> <span class='ocrx_word' id='word_1_297' title='bbox 1131 4206 1267 4282; x_wconf 84' lang='lat' dir='ltr'><strong>bellum,</strong></span> 
     </span>
     <span class='ocr_line' id='line_1_39' title="bbox 221 4315 820 4397; baseline -0.01 -15"><span class='ocrx_word' id='word_1_298' title='bbox 221 4323 369 4384; x_wconf 85' lang='lat' dir='ltr'><strong>alterum</strong></span> <span class='ocrx_word' id='word_1_299' title='bbox 389 4338 466 4380; x_wconf 86' lang='lat' dir='ltr'><strong>cum</strong></span> <span class='ocrx_word' id='word_1_300' title='bbox 484 4315 637 4378; x_wconf 80' lang='lat' dir='ltr'><strong>moritus</strong></span> <span class='ocrx_word' id='word_1_301' title='bbox 656 4317 820 4397; x_wconf 80' lang='lat' dir='ltr'><strong>gessisse.</strong></span> 
     </span>
    </p>
   </div>
   <div class='ocr_carea' id='block_1_3' title="bbox 0 0 1490 4836">
    <p class='ocr_par' dir='ltr' id='par_1_3' title="bbox 0 0 1490 4836">
     <span class='ocr_line' id='line_1_40' title="bbox 0 0 1490 4836; baseline 0 0"><span class='ocrx_word' id='word_1_302' title='bbox 0 0 1490 4836; x_wconf 95' lang='lat' dir='ltr'><strong> </strong></span> 
     </span>
    </p>
   </div>
  </div>
 </body>
</html>
