<?xml version="1.0" encoding="UTF-8"?>
<!DOCTYPE html PUBLIC "-//W3C//DTD XHTML 1.0 Transitional//EN"
    "http://www.w3.org/TR/xhtml1/DTD/xhtml1-transitional.dtd">
<html xmlns="http://www.w3.org/1999/xhtml" xml:lang="en" lang="en">
 <head>
  <title>
</title>
<meta http-equiv="Content-Type" content="text/html;charset=utf-8" />
  <meta name='ocr-system' content='tesseract 3.04.00' />
  <meta name='ocr-capabilities' content='ocr_page ocr_carea ocr_par ocr_line ocrx_word'/>
</head>
<body>
  <div class='ocr_page' id='page_1' title='image "./oratorumromanor02meyegoog_0602.png"; bbox 0 0 2958 4840; ppageno 0'>
   <div class='ocr_carea' id='block_1_1' title="bbox 269 352 428 418">
    <p class='ocr_par' dir='ltr' id='par_1_1' title="bbox 269 352 428 418">
     <span class='ocr_line' id='line_1_1' title="bbox 269 352 428 418; baseline -0.006 -1"><span class='ocrx_word' id='word_1_1' title='bbox 269 352 332 418; x_wconf 68' lang='lat'><strong><em>682</em></strong></span> <span class='ocrx_word' id='word_1_2' title='bbox 422 393 428 402; x_wconf 92' lang='lat'>-</span> 
     </span>
    </p>
   </div>
   <div class='ocr_carea' id='block_1_2' title="bbox 268 496 1333 2514">
    <p class='ocr_par' dir='ltr' id='par_1_2' title="bbox 268 496 1326 695">
     <span class='ocr_line' id='line_1_2' title="bbox 279 496 1326 596; baseline -0.016 -22"><span class='ocrx_word' id='word_1_3' title='bbox 279 504 354 574; x_wconf 83' lang='grc' dir='ltr'><strong><em>τινὰ</em></strong></span> <span class='ocrx_word' id='word_1_4' title='bbox 376 503 411 572; x_wconf 78' lang='grc' dir='ltr'><strong><em>ἐν</em></strong></span> <span class='ocrx_word' id='word_1_5' title='bbox 433 507 477 596; x_wconf 79' lang='lat' dir='ltr'><strong><em>sq]</em></strong></span> <span class='ocrx_word' id='word_1_6' title='bbox 513 504 668 593; x_wconf 74' lang='grc' dir='ltr'><strong><em>συνεδρίῳ</em></strong></span> <span class='ocrx_word' id='word_1_7' title='bbox 702 499 866 590; x_wconf 70' lang='grc' dir='ltr'><strong><em>παρόντος</em></strong></span> <span class='ocrx_word' id='word_1_8' title='bbox 902 497 1005 566; x_wconf 80' lang='grc' dir='ltr'><strong><em>αὐτοῦ</em></strong></span> <span class='ocrx_word' id='word_1_9' title='bbox 1029 498 1207 582; x_wconf 78' lang='lat' dir='ltr'><strong><em>(praesente</em></strong></span> <span class='ocrx_word' id='word_1_10' title='bbox 1231 496 1326 562; x_wconf 84' lang='lat' dir='ltr'><strong><em>Cali-</em></strong></span> 
     </span>
     <span class='ocr_line' id='line_1_3' title="bbox 268 607 635 695; baseline -0.011 -23"><span class='ocrx_word' id='word_1_11' title='bbox 268 610 359 695; x_wconf 82' lang='lat' dir='ltr'><strong><em>&#39;gnla)</em></strong></span> <span class='ocrx_word' id='word_1_12' title='bbox 383 609 517 682; x_wconf 75' lang='grc' dir='ltr'><em>καλῶς</em></span> <span class='ocrx_word' id='word_1_13' title='bbox 536 607 635 670; x_wconf 77' lang='grc' dir='ltr'><strong><em>εἰπε.</em></strong></span> 
     </span>
    </p>

    <p class='ocr_par' dir='ltr' id='par_1_3' title="bbox 271 703 1333 2514">
     <span class='ocr_line' id='line_1_4' title="bbox 336 703 1323 796; baseline -0.011 -22"><span class='ocrx_word' id='word_1_14' title='bbox 336 712 462 774; x_wconf 78' lang='lat' dir='ltr'><strong>Fronto</strong></span> <span class='ocrx_word' id='word_1_15' title='bbox 485 732 517 791; x_wconf 90' lang='lat' dir='ltr'><strong><em>p.</em></strong></span> <span class='ocrx_word' id='word_1_16' title='bbox 542 709 614 772; x_wconf 78' lang='lat'><strong>239.</strong></span> <span class='ocrx_word' id='word_1_17' title='bbox 659 705 854 796; x_wconf 79' lang='lat' dir='ltr'><em>Confusam</em></span> <span class='ocrx_word' id='word_1_18' title='bbox 886 727 962 768; x_wconf 90' lang='lat' dir='ltr'><strong><em>eam</em></strong></span> <span class='ocrx_word' id='word_1_19' title='bbox 993 728 1058 786; x_wconf 82' lang='lat' dir='ltr'><strong><em>ego</em></strong></span> <span class='ocrx_word' id='word_1_20' title='bbox 1080 703 1323 787; x_wconf 72' lang='lat' dir='ltr'><strong><em>eloquentiam,</em></strong></span> 
     </span>
     <span class='ocr_line' id='line_1_5' title="bbox 271 807 1327 893; baseline -0.008 -17"><span class='ocrx_word' id='word_1_21' title='bbox 271 816 502 876; x_wconf 86' lang='lat' dir='ltr'><strong><em>catacbonnae</em></strong></span> <span class='ocrx_word' id='word_1_22' title='bbox 525 813 596 874; x_wconf 87' lang='lat' dir='ltr'><strong><em>ritu</em></strong></span> <span class='ocrx_word' id='word_1_23' title='bbox 617 812 746 893; x_wconf 83' lang='lat' dir='ltr'><strong><em>partim</em></strong></span> <span class='ocrx_word' id='word_1_24' title='bbox 768 809 881 893; x_wconf 81' lang='lat' dir='ltr'><strong><em>igneis</em></strong></span> <span class='ocrx_word' id='word_1_25' title='bbox 904 809 1045 870; x_wconf 83' lang='lat' dir='ltr'><strong><em>nucibus</em></strong></span> <span class='ocrx_word' id='word_1_26' title='bbox 1068 807 1219 876; x_wconf 85' lang='lat' dir='ltr'><strong><em>Catonis,</em></strong></span> <span class='ocrx_word' id='word_1_27' title='bbox 1242 828 1327 887; x_wconf 84' lang='lat' dir='ltr'><strong><em>par·</em></strong></span> 
     </span>
     <span class='ocr_line' id='line_1_6' title="bbox 275 909 1324 1002; baseline -0.009 -23"><span class='ocrx_word' id='word_1_28' title='bbox 275 917 339 980; x_wconf 90' lang='lat' dir='ltr'><strong><em>tim</em></strong></span> <span class='ocrx_word' id='word_1_29' title='bbox 363 921 548 982; x_wconf 80' lang='lat' dir='ltr'><strong><em>Senecae</em></strong></span> <span class='ocrx_word' id='word_1_30' title='bbox 571 915 728 976; x_wconf 81' lang='lat' dir='ltr'><strong><em>mollibus</em></strong></span> <span class='ocrx_word' id='word_1_31' title='bbox 751 925 784 976; x_wconf 88' lang='lat' dir='ltr'><strong><em>et</em></strong></span> <span class='ocrx_word' id='word_1_32' title='bbox 801 909 1033 1002; x_wconf 83' lang='lat' dir='ltr'><strong><em>febriculosis</em></strong></span> <span class='ocrx_word' id='word_1_33' title='bbox 1052 909 1213 990; x_wconf 81' lang='lat' dir='ltr'><strong><em>prunulis</em></strong></span> <span class='ocrx_word' id='word_1_34' title='bbox 1235 909 1324 970; x_wconf 80' lang='lat' dir='ltr'><strong><em>insi·</em></strong></span> 
     </span>
     <span class='ocr_line' id='line_1_7' title="bbox 276 1013 1325 1088; baseline -0.01 -6"><span class='ocrx_word' id='word_1_35' title='bbox 276 1033 349 1082; x_wconf 88' lang='lat' dir='ltr'><strong><em>tam</em></strong></span> <span class='ocrx_word' id='word_1_36' title='bbox 372 1019 631 1082; x_wconf 78' lang='lat' dir='ltr'><strong><em>subvertendam</em></strong></span> <span class='ocrx_word' id='word_1_37' title='bbox 659 1037 779 1078; x_wconf 84' lang='lat' dir='ltr'><strong><em>censeo</em></strong></span> <span class='ocrx_word' id='word_1_38' title='bbox 808 1014 994 1088; x_wconf 74' lang='lat' dir='ltr'><em>moidicus,</em></span> <span class='ocrx_word' id='word_1_39' title='bbox 1019 1013 1089 1074; x_wconf 90' lang='lat' dir='ltr'><strong><em>imo</em></strong></span> <span class='ocrx_word' id='word_1_40' title='bbox 1113 1034 1193 1075; x_wconf 88' lang='lat' dir='ltr'><strong><em>vero</em></strong></span> <span class='ocrx_word' id='word_1_41' title='bbox 1221 1014 1325 1074; x_wconf 90' lang='lat' dir='ltr'><strong><em>Plau-</em></strong></span> 
     </span>
     <span class='ocr_line' id='line_1_8' title="bbox 278 1113 1326 1199; baseline -0.01 -15"><span class='ocrx_word' id='word_1_42' title='bbox 278 1123 351 1184; x_wconf 88' lang='lat' dir='ltr'><strong><em>tino</em></strong></span> <span class='ocrx_word' id='word_1_43' title='bbox 373 1121 467 1182; x_wconf 88' lang='lat' dir='ltr'><strong><em>irato</em></strong></span> <span class='ocrx_word' id='word_1_44' title='bbox 490 1120 590 1182; x_wconf 86' lang='lat' dir='ltr'><strong><em>uerbo</em></strong></span> <span class='ocrx_word' id='word_1_45' title='bbox 611 1118 841 1181; x_wconf 77' lang='lat' dir='ltr'><strong><em>caradicitus.</em></strong></span> <span class='ocrx_word' id='word_1_46' title='bbox 864 1119 985 1199; x_wconf 80' lang='lat' dir='ltr'><strong><em>Neque</em></strong></span> <span class='ocrx_word' id='word_1_47' title='bbox 1007 1116 1133 1198; x_wconf 81' lang='lat' dir='ltr'><strong><em>ignoro</em></strong></span> <span class='ocrx_word' id='word_1_48' title='bbox 1147 1113 1326 1195; x_wconf 86' lang='lat' dir='ltr'><strong><em>copiosum</em></strong></span> 
     </span>
     <span class='ocr_line' id='line_1_9' title="bbox 276 1220 1325 1291; baseline -0.011 -3"><span class='ocrx_word' id='word_1_49' title='bbox 276 1223 455 1288; x_wconf 70' lang='lat' dir='ltr'><strong><em>sententiis</em></strong></span> <span class='ocrx_word' id='word_1_50' title='bbox 478 1234 510 1284; x_wconf 87' lang='lat' dir='ltr'><strong><em>et</em></strong></span> <span class='ocrx_word' id='word_1_51' title='bbox 534 1221 781 1284; x_wconf 80' lang='lat' dir='ltr'><strong><em>redundantem</em></strong></span> <span class='ocrx_word' id='word_1_52' title='bbox 804 1220 975 1282; x_wconf 88' lang='lat' dir='ltr'><strong><em>bominem</em></strong></span> <span class='ocrx_word' id='word_1_53' title='bbox 997 1239 1083 1291; x_wconf 83' lang='lat' dir='ltr'><strong><em>esse,</em></strong></span> <span class='ocrx_word' id='word_1_54' title='bbox 1109 1238 1226 1278; x_wconf 89' lang='lat' dir='ltr'><strong><em>uerum</em></strong></span> <span class='ocrx_word' id='word_1_55' title='bbox 1248 1237 1325 1277; x_wconf 89' lang='lat' dir='ltr'><strong><em>sen-</em></strong></span> 
     </span>
     <span class='ocr_line' id='line_1_10' title="bbox 275 1319 1325 1404; baseline -0.008 -16"><span class='ocrx_word' id='word_1_56' title='bbox 275 1327 401 1389; x_wconf 80' lang='lat' dir='ltr'><strong><em>tentias</em></strong></span> <span class='ocrx_word' id='word_1_57' title='bbox 423 1325 495 1387; x_wconf 87' lang='lat' dir='ltr'><strong><em>eius</em></strong></span> <span class='ocrx_word' id='word_1_58' title='bbox 518 1326 686 1386; x_wconf 84' lang='lat' dir='ltr'><strong><em>tolutares</em></strong></span> <span class='ocrx_word' id='word_1_59' title='bbox 709 1323 806 1384; x_wconf 88' lang='lat' dir='ltr'><strong><em>video</em></strong></span> <span class='ocrx_word' id='word_1_60' title='bbox 828 1333 969 1404; x_wconf 86' lang='lat' dir='ltr'><strong><em>quatere</em></strong></span> <span class='ocrx_word' id='word_1_61' title='bbox 997 1341 1155 1401; x_wconf 87' lang='lat' dir='ltr'><strong><em>campum</em></strong></span> <span class='ocrx_word' id='word_1_62' title='bbox 1184 1319 1325 1402; x_wconf 87' lang='lat' dir='ltr'><strong><em>quadri-</em></strong></span> 
     </span>
     <span class='ocr_line' id='line_1_11' title="bbox 275 1427 1326 1509; baseline -0.009 -18"><span class='ocrx_word' id='word_1_63' title='bbox 275 1429 367 1509; x_wconf 83' lang='lat' dir='ltr'><strong><em>pedo</em></strong></span> <span class='ocrx_word' id='word_1_64' title='bbox 390 1427 524 1490; x_wconf 88' lang='lat' dir='ltr'><strong><em>concito</em></strong></span> <span class='ocrx_word' id='word_1_65' title='bbox 545 1447 671 1498; x_wconf 84' lang='lat' dir='ltr'><strong><em>cursu,</em></strong></span> <span class='ocrx_word' id='word_1_66' title='bbox 702 1437 817 1494; x_wconf 82' lang='lat' dir='ltr'><strong><em>tenere</em></strong></span> <span class='ocrx_word' id='word_1_67' title='bbox 839 1445 1027 1506; x_wconf 86' lang='lat' dir='ltr'><strong><em>nusquam,</em></strong></span> <span class='ocrx_word' id='word_1_68' title='bbox 1057 1443 1216 1503; x_wconf 82' lang='lat' dir='ltr'><strong><em>pugnare</em></strong></span> <span class='ocrx_word' id='word_1_69' title='bbox 1246 1442 1326 1482; x_wconf 85' lang='lat' dir='ltr'><strong><em>nus-</em></strong></span> 
     </span>
     <span class='ocr_line' id='line_1_12' title="bbox 285 1523 1325 1614; baseline -0.005 -22"><span class='ocrx_word' id='word_1_70' title='bbox 285 1553 411 1614; x_wconf 86' lang='lat' dir='ltr'><strong><em>quam,</em></strong></span> <span class='ocrx_word' id='word_1_71' title='bbox 436 1532 619 1592; x_wconf 86' lang='lat' dir='ltr'><strong><em>instantem</em></strong></span> <span class='ocrx_word' id='word_1_72' title='bbox 642 1528 790 1602; x_wconf 87' lang='lat' dir='ltr'><strong><em>eludere,</em></strong></span> <span class='ocrx_word' id='word_1_73' title='bbox 831 1539 868 1589; x_wconf 88' lang='lat' dir='ltr'><strong><em>ut</em></strong></span> <span class='ocrx_word' id='word_1_74' title='bbox 891 1527 1059 1590; x_wconf 74' lang='lat' dir='ltr'><strong><em>Laberius</em></strong></span> <span class='ocrx_word' id='word_1_75' title='bbox 1081 1523 1325 1597; x_wconf 81' lang='lat' dir='ltr'><strong><em>dictabolariu,</em></strong></span> 
     </span>
     <span class='ocr_line' id='line_1_13' title="bbox 283 1627 1329 1713; baseline -0.008 -19"><span class='ocrx_word' id='word_1_76' title='bbox 283 1634 354 1696; x_wconf 88' lang='lat' dir='ltr'><strong><em>imo</em></strong></span> <span class='ocrx_word' id='word_1_77' title='bbox 377 1633 524 1694; x_wconf 87' lang='lat' dir='ltr'><strong><em>dicteria</em></strong></span> <span class='ocrx_word' id='word_1_78' title='bbox 542 1632 660 1713; x_wconf 83' lang='lat' dir='ltr'><strong><em>potius</em></strong></span> <span class='ocrx_word' id='word_1_79' title='bbox 682 1653 760 1692; x_wconf 89' lang='lat' dir='ltr'><strong><em>eum</em></strong></span> <span class='ocrx_word' id='word_1_80' title='bbox 780 1652 884 1713; x_wconf 88' lang='lat' dir='ltr'><strong><em>quom</em></strong></span> <span class='ocrx_word' id='word_1_81' title='bbox 905 1630 999 1691; x_wconf 87' lang='lat' dir='ltr'><strong><em>dicta</em></strong></span> <span class='ocrx_word' id='word_1_82' title='bbox 1019 1627 1205 1690; x_wconf 85' lang='lat' dir='ltr'><strong><em>continere.</em></strong></span> <span class='ocrx_word' id='word_1_83' title='bbox 1232 1629 1329 1691; x_wconf 86' lang='lat' dir='ltr'><strong><em>Itane</em></strong></span> 
     </span>
     <span class='ocr_line' id='line_1_14' title="bbox 283 1728 1330 1815; baseline -0.007 -21"><span class='ocrx_word' id='word_1_84' title='bbox 283 1733 465 1796; x_wconf 79' lang='lat' dir='ltr'><strong><em>existimas</em></strong></span> <span class='ocrx_word' id='word_1_85' title='bbox 487 1733 667 1815; x_wconf 81' lang='lat' dir='ltr'><strong><em>grauiores</em></strong></span> <span class='ocrx_word' id='word_1_86' title='bbox 689 1734 877 1794; x_wconf 79' lang='lat' dir='ltr'><strong><em>sententias</em></strong></span> <span class='ocrx_word' id='word_1_87' title='bbox 899 1744 931 1793; x_wconf 94' lang='lat' dir='ltr'><strong><em>et</em></strong></span> <span class='ocrx_word' id='word_1_88' title='bbox 954 1731 1074 1792; x_wconf 90' lang='lat' dir='ltr'><strong><em>eadem</em></strong></span> <span class='ocrx_word' id='word_1_89' title='bbox 1102 1730 1143 1792; x_wconf 88' lang='lat' dir='ltr'><strong><em>de</em></strong></span> <span class='ocrx_word' id='word_1_90' title='bbox 1176 1753 1213 1791; x_wconf 91' lang='lat' dir='ltr'><strong><em>re</em></strong></span> <span class='ocrx_word' id='word_1_91' title='bbox 1235 1728 1330 1810; x_wconf 88' lang='lat' dir='ltr'><strong><em>apud</em></strong></span> 
     </span>
     <span class='ocr_line' id='line_1_15' title="bbox 278 1831 1329 1916; baseline -0.009 -16"><span class='ocrx_word' id='word_1_92' title='bbox 278 1839 460 1900; x_wconf 86' lang='lat' dir='ltr'><strong><em>Annaeum</em></strong></span> <span class='ocrx_word' id='word_1_93' title='bbox 482 1835 585 1896; x_wconf 84' lang='lat' dir='ltr'><strong><em>istum</em></strong></span> <span class='ocrx_word' id='word_1_94' title='bbox 610 1847 828 1915; x_wconf 83' lang='lat' dir='ltr'><strong><em>reperturum</em></strong></span> <span class='ocrx_word' id='word_1_95' title='bbox 851 1846 1001 1916; x_wconf 89' lang='lat' dir='ltr'><strong><em>tequam</em></strong></span> <span class='ocrx_word' id='word_1_96' title='bbox 1024 1833 1119 1914; x_wconf 83' lang='lat' dir='ltr'><strong><em>apud</em></strong></span> <span class='ocrx_word' id='word_1_97' title='bbox 1140 1831 1329 1913; x_wconf 69' lang='lat' dir='ltr'><strong><em>Sergium?</em></strong></span> 
     </span>
     <span class='ocr_line' id='line_1_16' title="bbox 282 1934 1327 2021; baseline -0.006 -21"><span class='ocrx_word' id='word_1_98' title='bbox 282 1937 350 2000; x_wconf 85' lang='lat' dir='ltr'><strong><em>Sed</em></strong></span> <span class='ocrx_word' id='word_1_99' title='bbox 370 1957 437 1998; x_wconf 91' lang='lat' dir='ltr'><strong><em>non</em></strong></span> <span class='ocrx_word' id='word_1_100' title='bbox 461 1937 655 1998; x_wconf 85' lang='lat' dir='ltr'><strong><em>modulatas</em></strong></span> <span class='ocrx_word' id='word_1_101' title='bbox 675 1957 793 2019; x_wconf 87' lang='lat' dir='ltr'><strong><em>acque,</em></strong></span> <span class='ocrx_word' id='word_1_102' title='bbox 815 1934 950 2021; x_wconf 75' lang='lat' dir='ltr'><strong><em>fateor,</em></strong></span> <span class='ocrx_word' id='word_1_103' title='bbox 966 1957 1073 2019; x_wconf 89' lang='lat' dir='ltr'><strong><em>neque</em></strong></span> <span class='ocrx_word' id='word_1_104' title='bbox 1088 1935 1138 1998; x_wconf 88' lang='lat' dir='ltr'><strong><em>ita</em></strong></span> <span class='ocrx_word' id='word_1_105' title='bbox 1152 1935 1327 2006; x_wconf 86' lang='lat' dir='ltr'><strong><em>cordaces,</em></strong></span> 
     </span>
     <span class='ocr_line' id='line_1_17' title="bbox 280 2037 1330 2122; baseline -0.005 -22"><span class='ocrx_word' id='word_1_106' title='bbox 280 2039 348 2119; x_wconf 86' lang='lat' dir='ltr'><strong><em>(ita</em></strong></span> <span class='ocrx_word' id='word_1_107' title='bbox 369 2040 450 2120; x_wconf 83' lang='lat' dir='ltr'><strong><em>est,)</em></strong></span> <span class='ocrx_word' id='word_1_108' title='bbox 472 2060 579 2122; x_wconf 87' lang='lat' dir='ltr'><strong><em>neque</em></strong></span> <span class='ocrx_word' id='word_1_109' title='bbox 602 2039 652 2100; x_wconf 90' lang='lat' dir='ltr'><strong><em>ita</em></strong></span> <span class='ocrx_word' id='word_1_110' title='bbox 673 2039 844 2102; x_wconf 83' lang='lat' dir='ltr'><strong><em>tinnulas:</em></strong></span> <span class='ocrx_word' id='word_1_111' title='bbox 866 2059 934 2100; x_wconf 93' lang='lat' dir='ltr'><strong><em>non</em></strong></span> <span class='ocrx_word' id='word_1_112' title='bbox 957 2059 1058 2120; x_wconf 82' lang='lat' dir='ltr'><strong><em>nego.</em></strong></span> <span class='ocrx_word' id='word_1_113' title='bbox 1079 2040 1126 2102; x_wconf 81' lang='lat' dir='ltr'><strong><em>At</em></strong></span> <span class='ocrx_word' id='word_1_114' title='bbox 1148 2037 1241 2099; x_wconf 90' lang='lat' dir='ltr'><strong><em>enim</em></strong></span> <span class='ocrx_word' id='word_1_115' title='bbox 1253 2046 1330 2095; x_wconf 81' lang='lat' dir='ltr'><strong><em>sunt</em></strong></span> 
     </span>
     <span class='ocr_line' id='line_1_18' title="bbox 279 2141 1329 2226; baseline -0.005 -23"><span class='ocrx_word' id='word_1_116' title='bbox 279 2141 450 2226; x_wconf 75' lang='lat' dir='ltr'><strong><em>quaedam</em></strong></span> <span class='ocrx_word' id='word_1_117' title='bbox 472 2141 507 2204; x_wconf 91' lang='lat' dir='ltr'><strong><em>in</em></strong></span> <span class='ocrx_word' id='word_1_118' title='bbox 530 2141 627 2203; x_wconf 82' lang='lat' dir='ltr'><strong><em>libris</em></strong></span> <span class='ocrx_word' id='word_1_119' title='bbox 648 2141 721 2204; x_wconf 90' lang='lat' dir='ltr'><strong><em>eius</em></strong></span> <span class='ocrx_word' id='word_1_120' title='bbox 752 2142 834 2202; x_wconf 86' lang='lat' dir='ltr'><strong><em>scite</em></strong></span> <span class='ocrx_word' id='word_1_121' title='bbox 864 2141 975 2215; x_wconf 88' lang='lat' dir='ltr'><strong><em>dicta,</em></strong></span> <span class='ocrx_word' id='word_1_122' title='bbox 1006 2141 1161 2222; x_wconf 83' lang='lat' dir='ltr'><strong><em>grauiter</em></strong></span> <span class='ocrx_word' id='word_1_123' title='bbox 1197 2158 1329 2221; x_wconf 86' lang='lat' dir='ltr'><strong><em>quoque</em></strong></span> 
     </span>
     <span class='ocr_line' id='line_1_19' title="bbox 284 2241 1327 2324; baseline -0.004 -20"><span class='ocrx_word' id='word_1_124' title='bbox 284 2243 463 2306; x_wconf 87' lang='lat' dir='ltr'><strong><em>nonnullo.</em></strong></span> <span class='ocrx_word' id='word_1_125' title='bbox 508 2245 625 2308; x_wconf 82' lang='lat' dir='ltr'><strong><em>Etiam</em></strong></span> <span class='ocrx_word' id='word_1_126' title='bbox 647 2243 796 2306; x_wconf 89' lang='lat' dir='ltr'><strong><em>laminae</em></strong></span> <span class='ocrx_word' id='word_1_127' title='bbox 812 2243 983 2304; x_wconf 89' lang='lat' dir='ltr'><strong><em>interdum</em></strong></span> <span class='ocrx_word' id='word_1_128' title='bbox 1005 2241 1220 2324; x_wconf 85' lang='lat' dir='ltr'><strong><em>argentiolae</em></strong></span> <span class='ocrx_word' id='word_1_129' title='bbox 1236 2242 1327 2302; x_wconf 86' lang='lat' dir='ltr'><strong><em>cloa-</em></strong></span> 
     </span>
     <span class='ocr_line' id='line_1_20' title="bbox 281 2341 1333 2425; baseline -0.003 -19"><span class='ocrx_word' id='word_1_130' title='bbox 281 2346 331 2408; x_wconf 80' lang='lat' dir='ltr'><strong><em>cis</em></strong></span> <span class='ocrx_word' id='word_1_131' title='bbox 364 2346 601 2420; x_wconf 88' lang='lat' dir='ltr'><strong><em>inueniuntur,</em></strong></span> <span class='ocrx_word' id='word_1_132' title='bbox 638 2365 721 2408; x_wconf 86' lang='lat' dir='ltr'><strong><em>eane</em></strong></span> <span class='ocrx_word' id='word_1_133' title='bbox 752 2369 789 2408; x_wconf 89' lang='lat' dir='ltr'><strong><em>re</em></strong></span> <span class='ocrx_word' id='word_1_134' title='bbox 836 2347 969 2408; x_wconf 86' lang='lat' dir='ltr'><strong><em>cloacas</em></strong></span> <span class='ocrx_word' id='word_1_135' title='bbox 994 2343 1202 2425; x_wconf 82' lang='lat' dir='ltr'><strong><em>purgandas</em></strong></span> <span class='ocrx_word' id='word_1_136' title='bbox 1242 2341 1333 2404; x_wconf 87' lang='lat' dir='ltr'><strong><em>redi·</em></strong></span> 
     </span>
     <span class='ocr_line' id='line_1_21' title="bbox 282 2448 439 2514; baseline -0.013 0"><span class='ocrx_word' id='word_1_137' title='bbox 282 2448 439 2514; x_wconf 71' lang='lat' dir='ltr'><strong><em>memus?</em></strong></span> 
     </span>
    </p>
   </div>
   <div class='ocr_carea' id='block_1_3' title="bbox 313 2593 1335 2989">
    <p class='ocr_par' dir='ltr' id='par_1_4' title="bbox 316 2593 1006 2654">
     <span class='ocr_line' id='line_1_22' title="bbox 316 2593 1006 2654; baseline -0.007 -16"><span class='ocrx_word' id='word_1_138' title='bbox 316 2593 413 2654; x_wconf 76' lang='lat' dir='ltr'><strong><em>igneis]</em></strong></span> <span class='ocrx_word' id='word_1_139' title='bbox 449 2593 554 2653; x_wconf 73' lang='lat' dir='ltr'><strong><em>ligneis,</em></strong></span> <span class='ocrx_word' id='word_1_140' title='bbox 575 2595 592 2636; x_wconf 86' lang='lat' dir='ltr'><strong><em>i.</em></strong></span> <span class='ocrx_word' id='word_1_141' title='bbox 612 2607 634 2638; x_wconf 84' lang='lat' dir='ltr'><strong><em>e.</em></strong></span> <span class='ocrx_word' id='word_1_142' title='bbox 655 2593 721 2636; x_wconf 81' lang='lat' dir='ltr'><strong><em>duris</em></strong></span> <span class='ocrx_word' id='word_1_143' title='bbox 742 2595 851 2638; x_wconf 68' lang='lat' dir='ltr'><strong><em>emendet</em></strong></span> <span class='ocrx_word' id='word_1_144' title='bbox 869 2593 1006 2637; x_wconf 73' lang='lat' dir='ltr'><strong><em>Buttmann.</em></strong></span> 
     </span>
    </p>

    <p class='ocr_par' dir='ltr' id='par_1_5' title="bbox 313 2679 1335 2989">
     <span class='ocr_line' id='line_1_23' title="bbox 313 2679 1331 2744; baseline -0.004 -18"><span class='ocrx_word' id='word_1_145' title='bbox 313 2687 415 2744; x_wconf 81' lang='lat' dir='ltr'><strong><em>quatere</em></strong></span> <span class='ocrx_word' id='word_1_146' title='bbox 434 2679 561 2740; x_wconf 80' lang='lat' dir='ltr'><strong><em>oarnpum]</em></strong></span> <span class='ocrx_word' id='word_1_147' title='bbox 598 2682 678 2734; x_wconf 80' lang='lat' dir='ltr'><strong><em>recepi</em></strong></span> <span class='ocrx_word' id='word_1_148' title='bbox 698 2682 886 2726; x_wconf 71' lang='lat' dir='ltr'><strong><em>emendationem</em></strong></span> <span class='ocrx_word' id='word_1_149' title='bbox 905 2681 1054 2739; x_wconf 70' lang='lat' dir='ltr'><strong><em>ingeniosam</em></strong></span> <span class='ocrx_word' id='word_1_150' title='bbox 1073 2680 1158 2726; x_wconf 86' lang='lat' dir='ltr'><strong><em>Orellii</em></strong></span> <span class='ocrx_word' id='word_1_151' title='bbox 1178 2682 1202 2724; x_wconf 87' lang='lat' dir='ltr'><strong><em>in</em></strong></span> <span class='ocrx_word' id='word_1_152' title='bbox 1221 2681 1331 2723; x_wconf 71' lang='lat' dir='ltr'><strong><em>adnotat.</em></strong></span> 
     </span>
     <span class='ocr_line' id='line_1_24' title="bbox 348 2763 1334 2826; baseline -0.001 -15"><span class='ocrx_word' id='word_1_153' title='bbox 348 2771 375 2812; x_wconf 78' lang='lat' dir='ltr'><strong><em>nd</em></strong></span> <span class='ocrx_word' id='word_1_154' title='bbox 397 2769 616 2811; x_wconf 79' lang='lat' dir='ltr'><strong><em>Chrestomntlu&#39;nm</em></strong></span> <span class='ocrx_word' id='word_1_155' title='bbox 642 2769 829 2812; x_wconf 76' lang='lat' dir='ltr'><strong><em>Frontonianum</em></strong></span> <span class='ocrx_word' id='word_1_156' title='bbox 852 2783 875 2822; x_wconf 87' lang='lat' dir='ltr'><strong><em>p.</em></strong></span> <span class='ocrx_word' id='word_1_157' title='bbox 906 2763 963 2812; x_wconf 79' lang='lat'><strong>¹73.</strong></span> <span class='ocrx_word' id='word_1_158' title='bbox 996 2770 1089 2826; x_wconf 77' lang='lat' dir='ltr'><strong><em>Vulgo:</em></strong></span> <span class='ocrx_word' id='word_1_159' title='bbox 1109 2769 1230 2812; x_wconf 73' lang='lat' dir='ltr'><strong><em>tolerares</em></strong></span> <span class='ocrx_word' id='word_1_160' title='bbox 1259 2765 1334 2810; x_wconf 85' lang='lat' dir='ltr'><strong><em>video</em></strong></span> 
     </span>
     <span class='ocr_line' id='line_1_25' title="bbox 349 2853 1335 2917; baseline -0.001 -18"><span class='ocrx_word' id='word_1_161' title='bbox 349 2869 498 2917; x_wconf 85' lang='lat' dir='ltr'><strong><em>quamquam</em></strong></span> <span class='ocrx_word' id='word_1_162' title='bbox 517 2853 672 2914; x_wconf 78' lang='lat' dir='ltr'><strong><em>quadripedo</em></strong></span> <span class='ocrx_word' id='word_1_163' title='bbox 690 2856 786 2898; x_wconf 82' lang='lat' dir='ltr'><strong><em>concito</em></strong></span> <span class='ocrx_word' id='word_1_164' title='bbox 805 2869 883 2898; x_wconf 71' lang='lat' dir='ltr'><strong><em>curru</em></strong></span> <span class='ocrx_word' id='word_1_165' title='bbox 902 2861 920 2899; x_wconf 85' lang='lat' dir='ltr'><strong><em>t.</em></strong></span> <span class='ocrx_word' id='word_1_166' title='bbox 941 2869 965 2898; x_wconf 87' lang='lat' dir='ltr'><strong><em>n.</em></strong></span> <span class='ocrx_word' id='word_1_167' title='bbox 985 2871 1011 2911; x_wconf 89' lang='lat' dir='ltr'><strong><em>p.</em></strong></span> <span class='ocrx_word' id='word_1_168' title='bbox 1034 2869 1156 2914; x_wconf 75' lang='lat' dir='ltr'><strong><em>nusquam</em></strong></span> <span class='ocrx_word' id='word_1_169' title='bbox 1177 2889 1182 2902; x_wconf 90' lang='lat'><em>.</em></span> <span class='ocrx_word' id='word_1_170' title='bbox 1206 2885 1213 2898; x_wconf 90' lang='lat'><strong>.</strong></span> <span class='ocrx_word' id='word_1_171' title='bbox 1235 2888 1241 2902; x_wconf 86' lang='lat'><strong><em>.</em></strong></span> <span class='ocrx_word' id='word_1_172' title='bbox 1265 2859 1335 2898; x_wconf 77' lang='lat' dir='ltr'><strong><em>erta-</em></strong></span> 
     </span>
     <span class='ocr_line' id='line_1_26' title="bbox 350 2943 529 2989; baseline 0.006 -1"><span class='ocrx_word' id='word_1_173' title='bbox 350 2949 399 2988; x_wconf 78' lang='lat' dir='ltr'><strong><em>tem</em></strong></span> <span class='ocrx_word' id='word_1_174' title='bbox 417 2943 529 2989; x_wconf 78' lang='lat' dir='ltr'><strong><em>eludere.</em></strong></span> 
     </span>
    </p>
   </div>
   <div class='ocr_carea' id='block_1_4' title="bbox 318 3039 814 3101">
    <p class='ocr_par' dir='ltr' id='par_1_6' title="bbox 318 3039 814 3101">
     <span class='ocr_line' id='line_1_27' title="bbox 318 3039 814 3101; baseline -0.006 -15"><span class='ocrx_word' id='word_1_175' title='bbox 318 3039 449 3101; x_wconf 82' lang='lat' dir='ltr'><strong><em>Sergium]</em></strong></span> <span class='ocrx_word' id='word_1_176' title='bbox 484 3046 622 3096; x_wconf 86' lang='lat' dir='ltr'><strong><em>corruptum</em></strong></span> <span class='ocrx_word' id='word_1_177' title='bbox 643 3045 698 3095; x_wconf 86' lang='lat' dir='ltr'><strong><em>puto</em></strong></span> <span class='ocrx_word' id='word_1_178' title='bbox 718 3053 814 3087; x_wconf 86' lang='lat' dir='ltr'><strong><em>nomen.</em></strong></span> 
     </span>
    </p>
   </div>
   <div class='ocr_carea' id='block_1_5' title="bbox 289 3139 1335 3323">
    <p class='ocr_par' dir='ltr' id='par_1_7' title="bbox 289 3139 1335 3323">
     <span class='ocr_line' id='line_1_28' title="bbox 345 3139 1335 3222; baseline -0.003 -19"><span class='ocrx_word' id='word_1_179' title='bbox 345 3143 465 3204; x_wconf 82' lang='lat' dir='ltr'><strong><em>Seneca</em></strong></span> <span class='ocrx_word' id='word_1_180' title='bbox 489 3164 557 3203; x_wconf 89' lang='lat' dir='ltr'><strong><em>oum</em></strong></span> <span class='ocrx_word' id='word_1_181' title='bbox 582 3140 657 3202; x_wconf 80' lang='lat' dir='ltr'><strong><em>alias</em></strong></span> <span class='ocrx_word' id='word_1_182' title='bbox 682 3139 848 3202; x_wconf 80' lang='lat' dir='ltr'><strong><em>orationes</em></strong></span> <span class='ocrx_word' id='word_1_183' title='bbox 870 3139 968 3202; x_wconf 87' lang='lat' dir='ltr'><strong><em>edidit</em></strong></span> <span class='ocrx_word' id='word_1_184' title='bbox 991 3151 1056 3200; x_wconf 89' lang='lat' dir='ltr'><strong><em>tum</em></strong></span> <span class='ocrx_word' id='word_1_185' title='bbox 1080 3160 1143 3213; x_wconf 81' lang='lat' dir='ltr'><strong><em>ess,</em></strong></span> <span class='ocrx_word' id='word_1_186' title='bbox 1167 3159 1245 3222; x_wconf 82' lang='lat' dir='ltr'><strong><em>quas</em></strong></span> <span class='ocrx_word' id='word_1_187' title='bbox 1267 3139 1335 3200; x_wconf 87' lang='lat' dir='ltr'><strong><em>Ne-</em></strong></span> 
     </span>
     <span class='ocr_line' id='line_1_29' title="bbox 289 3241 733 3323; baseline 0.002 -21"><span class='ocrx_word' id='word_1_188' title='bbox 289 3241 362 3306; x_wconf 84' lang='lat' dir='ltr'><strong><em>roni</em></strong></span> <span class='ocrx_word' id='word_1_189' title='bbox 384 3242 523 3323; x_wconf 82' lang='lat' dir='ltr'><strong><em>principi</em></strong></span> <span class='ocrx_word' id='word_1_190' title='bbox 547 3241 733 3322; x_wconf 81' lang='lat' dir='ltr'><strong><em>scripserat.</em></strong></span> 
     </span>
    </p>
   </div>
   <div class='ocr_carea' id='block_1_6' title="bbox 468 3380 1152 3451">
    <p class='ocr_par' dir='ltr' id='par_1_8' title="bbox 468 3380 1152 3451">
     <span class='ocr_line' id='line_1_30' title="bbox 468 3380 1152 3451; baseline 0 -15"><span class='ocrx_word' id='word_1_191' title='bbox 468 3380 495 3436; x_wconf 88' lang='lat' dir='ltr'><strong><em>l.</em></strong></span> <span class='ocrx_word' id='word_1_192' title='bbox 517 3380 656 3434; x_wconf 81' lang='lat' dir='ltr'><strong><em>Lnudatio</em></strong></span> <span class='ocrx_word' id='word_1_193' title='bbox 677 3381 804 3435; x_wconf 78' lang='lat' dir='ltr'><strong><em>funebris</em></strong></span> <span class='ocrx_word' id='word_1_194' title='bbox 826 3381 939 3436; x_wconf 81' lang='lat' dir='ltr'><strong><em>Claudii</em></strong></span> <span class='ocrx_word' id='word_1_195' title='bbox 960 3382 1152 3451; x_wconf 81' lang='lat' dir='ltr'><strong><em>imperatoris.</em></strong></span> 
     </span>
    </p>
   </div>
   <div class='ocr_carea' id='block_1_7' title="bbox 275 3508 1338 4408">
    <p class='ocr_par' dir='ltr' id='par_1_9' title="bbox 275 3508 1338 4408">
     <span class='ocr_line' id='line_1_31' title="bbox 352 3508 1336 3589; baseline -0.002 -15"><span class='ocrx_word' id='word_1_196' title='bbox 352 3513 400 3574; x_wconf 82' lang='lat' dir='ltr'><strong><em>Ea</em></strong></span> <span class='ocrx_word' id='word_1_197' title='bbox 423 3523 470 3573; x_wconf 84' lang='lat' dir='ltr'><strong><em>est</em></strong></span> <span class='ocrx_word' id='word_1_198' title='bbox 493 3509 577 3573; x_wconf 78' lang='lat' dir='ltr'><strong><em>dicta</em></strong></span> <span class='ocrx_word' id='word_1_199' title='bbox 601 3532 627 3579; x_wconf 84' lang='lat' dir='ltr'><strong><em>a.</em></strong></span> <span class='ocrx_word' id='word_1_200' title='bbox 644 3511 703 3572; x_wconf 79' lang='lat'><strong><em>807</em></strong></span> <span class='ocrx_word' id='word_1_201' title='bbox 724 3511 802 3589; x_wconf 74' lang='lat'><strong>(54).</strong></span> <span class='ocrx_word' id='word_1_202' title='bbox 826 3508 957 3572; x_wconf 84' lang='lat' dir='ltr'><strong><em>Tacitus</em></strong></span> <span class='ocrx_word' id='word_1_203' title='bbox 981 3511 1098 3573; x_wconf 81' lang='lat' dir='ltr'><strong><em>Annsl.</em></strong></span> <span class='ocrx_word' id='word_1_204' title='bbox 1125 3513 1174 3586; x_wconf 77' lang='lat'><strong><em>13,</em></strong></span> <span class='ocrx_word' id='word_1_205' title='bbox 1198 3513 1229 3573; x_wconf 81' lang='lat'><strong><em>3.</em></strong></span> <span class='ocrx_word' id='word_1_206' title='bbox 1268 3512 1336 3572; x_wconf 91' lang='lat' dir='ltr'><strong><em>Die</em></strong></span> 
     </span>
     <span class='ocr_line' id='line_1_32' title="bbox 275 3611 1337 3700; baseline 0 -26"><span class='ocrx_word' id='word_1_207' title='bbox 275 3611 427 3700; x_wconf 79' lang='lat' dir='ltr'><strong><em>funeris</em></strong></span> <span class='ocrx_word' id='word_1_208' title='bbox 459 3613 693 3676; x_wconf 85' lang='lat' dir='ltr'><strong><em>laudationem</em></strong></span> <span class='ocrx_word' id='word_1_209' title='bbox 722 3614 795 3676; x_wconf 86' lang='lat' dir='ltr'><strong><em>eius</em></strong></span> <span class='ocrx_word' id='word_1_210' title='bbox 826 3613 995 3694; x_wconf 87' lang='lat' dir='ltr'><strong><em>(Claudii)</em></strong></span> <span class='ocrx_word' id='word_1_211' title='bbox 1025 3613 1186 3695; x_wconf 83' lang='lat' dir='ltr'><strong><em>princeps</em></strong></span> <span class='ocrx_word' id='word_1_212' title='bbox 1209 3615 1337 3694; x_wconf 89' lang='lat' dir='ltr'><strong><em>(Nero)</em></strong></span> 
     </span>
     <span class='ocr_line' id='line_1_33' title="bbox 288 3716 1336 3798; baseline -0.001 -21"><span class='ocrx_word' id='word_1_213' title='bbox 288 3736 437 3778; x_wconf 79' lang='lat' dir='ltr'><strong><em>exorsus</em></strong></span> <span class='ocrx_word' id='word_1_214' title='bbox 460 3729 527 3778; x_wconf 81' lang='lat' dir='ltr'><strong><em>est:</em></strong></span> <span class='ocrx_word' id='word_1_215' title='bbox 554 3717 637 3778; x_wconf 91' lang='lat' dir='ltr'><strong><em>dum</em></strong></span> <span class='ocrx_word' id='word_1_216' title='bbox 672 3716 912 3798; x_wconf 88' lang='lat' dir='ltr'><strong><em>antiquitatem</em></strong></span> <span class='ocrx_word' id='word_1_217' title='bbox 942 3717 1099 3796; x_wconf 82' lang='lat' dir='ltr'><strong><em>generis,</em></strong></span> <span class='ocrx_word' id='word_1_218' title='bbox 1135 3718 1336 3779; x_wconf 77' lang='lat' dir='ltr'><strong><em>consulatus</em></strong></span> 
     </span>
     <span class='ocr_line' id='line_1_34' title="bbox 288 3817 1336 3898; baseline -0.003 -19"><span class='ocrx_word' id='word_1_219' title='bbox 288 3839 329 3879; x_wconf 91' lang='lat' dir='ltr'><strong><em>ac</em></strong></span> <span class='ocrx_word' id='word_1_220' title='bbox 351 3817 544 3896; x_wconf 76' lang='lat' dir='ltr'><strong><em>triumphos</em></strong></span> <span class='ocrx_word' id='word_1_221' title='bbox 569 3819 739 3879; x_wconf 89' lang='lat' dir='ltr'><strong><em>maiorum</em></strong></span> <span class='ocrx_word' id='word_1_222' title='bbox 762 3818 1002 3894; x_wconf 89' lang='lat' dir='ltr'><strong><em>enumerabat,</em></strong></span> <span class='ocrx_word' id='word_1_223' title='bbox 1032 3819 1183 3880; x_wconf 82' lang='lat' dir='ltr'><strong><em>intentus</em></strong></span> <span class='ocrx_word' id='word_1_224' title='bbox 1206 3819 1278 3898; x_wconf 87' lang='lat' dir='ltr'><strong><em>ipse</em></strong></span> <span class='ocrx_word' id='word_1_225' title='bbox 1300 3828 1336 3877; x_wconf 87' lang='lat' dir='ltr'><strong><em>et</em></strong></span> 
     </span>
     <span class='ocr_line' id='line_1_35' title="bbox 281 3919 1338 4000; baseline 0 -20"><span class='ocrx_word' id='word_1_226' title='bbox 281 3921 409 3996; x_wconf 83' lang='lat' dir='ltr'><strong><em>&#39;ceteri,·</em></strong></span> <span class='ocrx_word' id='word_1_227' title='bbox 433 3919 625 3980; x_wconf 89' lang='lat' dir='ltr'><strong><em>liberalium</em></strong></span> <span class='ocrx_word' id='word_1_228' title='bbox 647 3941 779 4000; x_wconf 86' lang='lat' dir='ltr'><strong><em>quoque</em></strong></span> <span class='ocrx_word' id='word_1_229' title='bbox 808 3919 937 3980; x_wconf 88' lang='lat' dir='ltr'><strong><em>artium</em></strong></span> <span class='ocrx_word' id='word_1_230' title='bbox 969 3919 1271 3992; x_wconf 85' lang='lat' dir='ltr'><strong><em>commemoratio,</em></strong></span> <span class='ocrx_word' id='word_1_231' title='bbox 1303 3931 1338 3980; x_wconf 86' lang='lat' dir='ltr'><strong><em>et</em></strong></span> 
     </span>
     <span class='ocr_line' id='line_1_36' title="bbox 285 4021 1336 4104; baseline 0.002 -24"><span class='ocrx_word' id='word_1_232' title='bbox 285 4023 371 4082; x_wconf 85' lang='lat' dir='ltr'><strong><em>nibil</em></strong></span> <span class='ocrx_word' id='word_1_233' title='bbox 392 4034 531 4104; x_wconf 79' lang='lat' dir='ltr'><strong><em>regente</em></strong></span> <span class='ocrx_word' id='word_1_234' title='bbox 554 4043 594 4082; x_wconf 94' lang='lat' dir='ltr'><strong><em>eo</em></strong></span> <span class='ocrx_word' id='word_1_235' title='bbox 617 4021 715 4082; x_wconf 86' lang='lat' dir='ltr'><strong><em>triste</em></strong></span> <span class='ocrx_word' id='word_1_236' title='bbox 738 4021 789 4080; x_wconf 89' lang='lat' dir='ltr'><strong><em>rei</em></strong></span> <span class='ocrx_word' id='word_1_237' title='bbox 814 4023 966 4098; x_wconf 83' lang='lat' dir='ltr'><strong><em>publicae</em></strong></span> <span class='ocrx_word' id='word_1_238' title='bbox 996 4022 1038 4084; x_wconf 89' lang='lat' dir='ltr'><strong><em>ab</em></strong></span> <span class='ocrx_word' id='word_1_239' title='bbox 1067 4023 1223 4084; x_wconf 80' lang='lat' dir='ltr'><strong><em>externis</em></strong></span> <span class='ocrx_word' id='word_1_240' title='bbox 1244 4021 1336 4082; x_wconf 87' lang='lat' dir='ltr'><strong><em>acci-</em></strong></span> 
     </span>
     <span class='ocr_line' id='line_1_37' title="bbox 284 4121 1337 4206; baseline -0.004 -20"><span class='ocrx_word' id='word_1_241' title='bbox 284 4125 387 4196; x_wconf 82' lang='lat' dir='ltr'><strong><em>disse,</em></strong></span> <span class='ocrx_word' id='word_1_242' title='bbox 411 4124 532 4205; x_wconf 86' lang='lat' dir='ltr'><strong><em>pronis</em></strong></span> <span class='ocrx_word' id='word_1_243' title='bbox 554 4121 679 4184; x_wconf 81' lang='lat' dir='ltr'><strong><em>animis</em></strong></span> <span class='ocrx_word' id='word_1_244' title='bbox 706 4122 839 4182; x_wconf 87' lang='lat' dir='ltr'><strong><em>audita.</em></strong></span> <span class='ocrx_word' id='word_1_245' title='bbox 868 4136 1051 4206; x_wconf 78' lang='lat' dir='ltr'><strong><em>postquam</em></strong></span> <span class='ocrx_word' id='word_1_246' title='bbox 1079 4125 1126 4186; x_wconf 90' lang='lat' dir='ltr'><strong><em>ad</em></strong></span> <span class='ocrx_word' id='word_1_247' title='bbox 1152 4123 1337 4206; x_wconf 87' lang='lat' dir='ltr'><strong><em>providen-</em></strong></span> 
     </span>
     <span class='ocr_line' id='line_1_38' title="bbox 283 4223 1336 4314; baseline 0.001 -29"><span class='ocrx_word' id='word_1_248' title='bbox 283 4225 369 4286; x_wconf 88' lang='lat' dir='ltr'><strong><em>tiam</em></strong></span> <span class='ocrx_word' id='word_1_249' title='bbox 399 4225 670 4306; x_wconf 80' lang='lat' dir='ltr'><strong><em>sapientiamque</em></strong></span> <span class='ocrx_word' id='word_1_250' title='bbox 694 4223 833 4314; x_wconf 80' lang='lat' dir='ltr'><strong><em>flexit,</em></strong></span> <span class='ocrx_word' id='word_1_251' title='bbox 869 4247 968 4288; x_wconf 89' lang='lat' dir='ltr'><strong><em>nemo</em></strong></span> <span class='ocrx_word' id='word_1_252' title='bbox 1009 4227 1097 4289; x_wconf 86' lang='lat' dir='ltr'><strong><em>risui</em></strong></span> <span class='ocrx_word' id='word_1_253' title='bbox 1130 4240 1336 4306; x_wconf 84' lang='lat' dir='ltr'><strong><em>temperare,</em></strong></span> 
     </span>
     <span class='ocr_line' id='line_1_39' title="bbox 282 4326 1338 4408; baseline 0.005 -25"><span class='ocrx_word' id='word_1_254' title='bbox 282 4345 490 4407; x_wconf 89' lang='lat' dir='ltr'><strong><em>quamquam</em></strong></span> <span class='ocrx_word' id='word_1_255' title='bbox 516 4326 631 4386; x_wconf 85' lang='lat' dir='ltr'><strong><em>oratio</em></strong></span> <span class='ocrx_word' id='word_1_256' title='bbox 651 4346 673 4386; x_wconf 91' lang='lat' dir='ltr'><strong><em>a</em></strong></span> <span class='ocrx_word' id='word_1_257' title='bbox 690 4329 817 4388; x_wconf 82' lang='lat' dir='ltr'><strong><em>Seneca</em></strong></span> <span class='ocrx_word' id='word_1_258' title='bbox 839 4328 1030 4408; x_wconf 83' lang='lat' dir='ltr'><strong><em>composita</em></strong></span> <span class='ocrx_word' id='word_1_259' title='bbox 1054 4331 1199 4392; x_wconf 90' lang='lat' dir='ltr'><strong><em>multum</em></strong></span> <span class='ocrx_word' id='word_1_260' title='bbox 1222 4327 1338 4388; x_wconf 84' lang='lat' dir='ltr'><strong><em>cultus</em></strong></span> 
     </span>
    </p>
   </div>
   <div class='ocr_carea' id='block_1_8' title="bbox 0 0 1487 4840">
    <p class='ocr_par' dir='ltr' id='par_1_10' title="bbox 0 0 1487 4840">
     <span class='ocr_line' id='line_1_40' title="bbox 0 0 1487 4840; baseline 0 0"><span class='ocrx_word' id='word_1_261' title='bbox 0 0 1487 4840; x_wconf 95' lang='lat' dir='ltr'><strong><em> </em></strong></span> 
     </span>
    </p>
   </div>
  </div>
 </body>
</html>
