2970 4836
1158 347 1198 411 19

147 499 202 564 bat
232 495 344 580 pascui
378 503 551 581 (pascuus
577 498 710 581 Ursin.)
742 502 792 566 vel
819 503 994 584 pecoribus
1020 506 1117 569 herba
1145 505 1196 570 vel

147 601 332 666 hominibus
357 602 493 666 satione.
523 607 609 669 Cato
633 604 669 666 in
691 624 744 680 ea,
770 627 873 688 quam
895 607 1035 690 scripsit
1056 608 1098 672 de
1122 609 1197 672 suis

147 705 333 776 virtutibus
358 717 481 768 contra
511 709 722 770 Thermum:
763 711 843 791 Ego
874 709 944 772 iam
971 731 994 772 a
1025 711 1198 794 principio

148 807 184 870 in
207 807 431 888 parsimonia
454 820 555 891 atque
580 809 617 871 in
643 809 779 872 duritia
801 822 904 894 atque
928 812 1103 876 industria
1125 835 1198 876 om·

146 930 226 971 nem
247 910 516 973 adolescentiam
541 931 653 974 nicam
674 913 827 976 abstinui
849 936 939 995 agro
963 919 1117 992 colendo,
1141 937 1197 978 sa-

147 1013 209 1075 xis
234 1012 392 1088 Sabinis,
428 1013 582 1076 silicibus
608 1015 865 1096 repastinandis
890 1029 993 1102 atque
1018 1039 1198 1082 conseren-

147 1114 216 1177 dis.

184 1258 306 1320 abstinui]
333 1260 444 1305 abstinui
464 1257 546 1308 Ursis.
572 1262 643 1317 prob.
667 1259 783 1307 llllttlero.
822 1261 847 1307 id
872 1269 909 1308 est
930 1267 1077 1325 perducenti,
1104 1269 1196 1325 peregi.

185 1386 263 1452 sacis
279 1382 393 1444 Sabinis]
421 1387 486 1431 Plut.
508 1386 562 1431 cst.
583 1385 606 1431 1.
640 1381 752 1456 Μάρκῳ
774 1385 891 1453 Kolupvl
909 1403 1004 1449 ronow
1024 1384 1084 1439 ἀπὸ
1106 1385 1199 1439 Totin-

220 1471 293 1522 κλου
313 1468 348 1522 τὸ
369 1474 455 1538 γένος
478 1468 572 1529 εἶναι,
599 1471 715 1534 δίαιταν
737 1471 767 1524 δὲ
792 1475 844 1524 καὶ
866 1475 936 1538 βίον
957 1470 1037 1538 ἔχειν
1060 1474 1117 1547 πρὸ
1140 1477 1199 1528 τῶν

221 1557 384 1630 στρατειῶν
407 1561 459 1610 καὶ
485 1561 540 1628 τῆς
568 1561 717 1624 πολιτείας
746 1561 778 1612 ἐν
804 1565 924 1634 χωρίοις
956 1561 1103 1636 πατρῴοις
1133 1567 1198 1636 περὶ

221 1643 291 1711 τοὺς
312 1647 469 1712 Σαβίνους.

303 1899 349 1957 16.
372 1900 483 1957 'Oratio
503 1902 539 1957 de
560 1901 725 1959 innocentia
747 1916 800 1959 sna
820 1905 921 1960 contra
943 1944 951 1960 .
974 1944 981 1959 .
1005 1943 1013 1960 .
1037 1944 1045 1962 .

216 2049 369 2126 Constat,
406 2049 562 2115 Catonem
590 2064 702 2136 quater
732 2065 763 2115 et
789 2053 980 2137 quadragies
1002 2075 1126 2117 eausam
1150 2055 1198 2118 di-

149 2151 248 2228 xisse‚
274 2176 333 2216 nec
359 2150 549 2238 quemquam
572 2154 697 2236 saepius
720 2157 914 2237 postulatum
939 2167 970 2219 et
995 2178 1122 2239 semper
1142 2161 1199 2220 ab·

148 2256 290 2320 solutum
323 2279 404 2320 esse.
465 2257 650 2342 Vestigium
682 2257 746 2321 litis
779 2271 866 2322 extat
899 2261 982 2341 apud
1014 2259 1198 2338 Isidorum,

149 2361 208 2422 scd
240 2381 258 2422 a
284 2381 349 2444 quo
380 2358 477 2422 fuerit
507 2373 688 2436 accusatus,
721 2361 917 2445 ignoramus.
962 2363 1197 2444 Argumentum

151 2483 266 2526 causae
290 2463 323 2526 in
350 2484 390 2526 co
418 2474 576 2539 versetur,
600 2467 690 2548 quod
716 2463 800 2526 Cato
823 2463 856 2525 in
882 2462 1052 2543 provincia
1075 2465 1199 2546 legatus

149 2567 236 2628 haud
259 2564 447 2628 iunocenter
469 2587 502 2628 se
529 2565 678 2650 gesserit.
724 2568 798 2648 Quo
824 2586 905 2626 auno
929 2585 1022 2626 causa
1043 2563 1083 2626 sit
1109 2576 1198 2642 aeta,

152 2667 280 2732 difficile
308 2681 356 2732 cst
382 2680 528 2732 accurate
555 2668 760 2732 describere:
799 2689 870 2731 narn
900 2688 965 2730 non
991 2667 1089 2730 semel
1115 2666 1199 2732 Cato

153 2769 187 2834 in
214 2771 393 2852 provinciis
422 2769 521 2855 legati
545 2793 674 2834 munere
700 2771 829 2834 iunctus
856 2783 915 2834 est.
961 2771 1042 2832 Erat
1065 2770 1147 2834 enirn
1169 2791 1199 2834 a.

152 2875 216 2936 560
244 2876 332 2953 (191)
357 2876 479 2957 legatus
510 2873 585 2936 Tib.
609 2873 791 2954 Sempronii
815 2871 966 2947 consulis,
989 2894 1060 2935 eum
1083 2876 1202 2936 adver-

153 2999 206 3038 sus
235 2979 381 3040 Thraces
413 2977 528 3039 bellum
561 2979 707 3058 gerebat.
753 2975 841 3039 Plut.
864 2975 947 3039 Cato
972 2976 1025 3038 12.
1075 2975 1200 3040 Deinde

152 3079 278 3162 legatus
301 3092 371 3142 erat
395 3078 501 3142 Manii
524 3077 625 3141 Acilii
654 3077 840 3140 Glabrionis
865 3077 1006 3141 consulis
1032 3100 1062 3140 a.
1085 3100 1117 3140 u.
1139 3077 1201 3140 563

152 3182 243 3260 (191)
265 3181 298 3244 in
322 3181 473 3244 Graecia.
518 3181 635 3244 Livius
660 3183 684 3245 l.
704 3183 755 3255 36,
782 3184 832 3243 17.

217 3286 257 3348 lu
277 3284 416 3348 editione
439 3283 552 3366 priore
575 3288 657 3348 hans
679 3283 858 3347 orationem
884 3286 1015 3346 eandem
1039 3303 1106 3346 esse
1130 3305 1201 3345 curu

154 3408 201 3462 ea,
225 3409 307 3471 quae
334 3387 489 3472 inscripta
511 3399 557 3450 est
584 3389 625 3449 ue
648 3387 722 3450 suis
746 3387 931 3448 virtutibus
950 3398 1073 3448 contra
1092 3388 1201 3448 Ther·
1276 3405 1280 3418 ·

155 3510 260 3566 mum,
289 3491 369 3567 dixi,
395 3513 455 3554 nec
482 3490 574 3552 aliter
601 3488 755 3553 iudicavit
782 3488 959 3551 Maiausius
979 3510 1013 3569 p.
1036 3489 1089 3552 33.
1135 3489 1201 3552 Sed

154 3613 207 3654 res
236 3615 371 3674 prorsus
397 3593 520 3656 incerta
547 3594 685 3656 videtur.
1180 3651 1182 3658 .

220 3697 364 3758 Isidorus
391 3694 564 3779 Originum
589 3695 611 3757 1.
631 3696 680 3768 20,
699 3696 728 3770 3,
745 3697 776 3757 8.
815 3694 1054 3760 Honorar·ium
1071 3695 1199 3768 uinum,

154 3801 244 3882 quod
276 3799 409 3883 regibus
447 3811 479 3862 et
510 3798 696 3880 potentibus
731 3797 867 3862 honoris
903 3796 1007 3881 gratia
1043 3796 1199 3859 defertur.

157 3904 242 3964 Cato
282 3901 323 3964 de
353 3902 551 3972 innocentia
582 3923 666 3964 sua:
703 3905 790 3966 Gum
823 3921 934 3964 essem
959 3900 995 3961 in
1019 3898 1203 3981 provincia

154 4005 304 4086 legatus,
330 4008 553 4088 quamplures
579 4006 625 4067 ud
646 4017 826 4087 praetores
850 4015 883 4066 et
907 4005 1064 4065 consules
1087 3999 1203 4061 vinum

154 4107 383 4174 honorarium
412 4108 561 4170 dabant.-
587 4129 775 4192 numquam
799 4105 934 4188 accepi,
958 4125 1018 4167 nec
1042 4101 1203 4186 priuatus

155 4208 305 4291 quidem.

203 4399 278 4441 Meteri
289 4401 345 4440 ont.
354 4399 412 4440 Rom.
421 4402 503 4452 Frsgm.
518 4401 549 4440 ed.
559 4398 579 4441 2.
1004 4403 1024 4458 4
