<?xml version="1.0" encoding="UTF-8"?>
<!DOCTYPE html PUBLIC "-//W3C//DTD XHTML 1.0 Transitional//EN"
    "http://www.w3.org/TR/xhtml1/DTD/xhtml1-transitional.dtd">
<html xmlns="http://www.w3.org/1999/xhtml" xml:lang="en" lang="en">
 <head>
  <title>
</title>
<meta http-equiv="Content-Type" content="text/html;charset=utf-8" />
  <meta name='ocr-system' content='tesseract 3.04.00' />
  <meta name='ocr-capabilities' content='ocr_page ocr_carea ocr_par ocr_line ocrx_word'/>
</head>
<body>
  <div class='ocr_page' id='page_1' title='image "./oratorumromanor02meyegoog_0021.png"; bbox 0 0 2970 4836; ppageno 0'>
   <div class='ocr_carea' id='block_1_1' title="bbox 369 1092 943 1167">
    <p class='ocr_par' dir='ltr' id='par_1_1' title="bbox 369 1092 943 1167">
     <span class='ocr_line' id='line_1_1' title="bbox 369 1092 943 1167; baseline -0.003 -17"><span class='ocrx_word' id='word_1_1' title='bbox 369 1095 393 1150; x_wconf 90' lang='lat'>1.</span> <span class='ocrx_word' id='word_1_2' title='bbox 424 1093 529 1167; x_wconf 79' lang='lat' dir='ltr'>Appius</span> <span class='ocrx_word' id='word_1_3' title='bbox 551 1092 681 1151; x_wconf 80' lang='lat' dir='ltr'>Claudius</span> <span class='ocrx_word' id='word_1_4' title='bbox 699 1093 812 1151; x_wconf 75' lang='lat' dir='ltr'>Oreum</span> <span class='ocrx_word' id='word_1_5' title='bbox 834 1093 943 1151; x_wconf 71' lang='lat' dir='ltr'>Caenea.</span> 
     </span>
    </p>
   </div>
   <div class='ocr_carea' id='block_1_2' title="bbox 30 1232 1313 4284">
    <p class='ocr_par' dir='ltr' id='par_1_2' title="bbox 198 1232 1185 1316">
     <span class='ocr_line' id='line_1_2' title="bbox 198 1232 1185 1316; baseline -0.005 -18"><span class='ocrx_word' id='word_1_6' title='bbox 198 1237 298 1298; x_wconf 84' lang='lat' dir='ltr'>Extat</span> <span class='ocrx_word' id='word_1_7' title='bbox 324 1245 413 1296; x_wconf 89' lang='lat' dir='ltr'>vetus</span> <span class='ocrx_word' id='word_1_8' title='bbox 436 1232 606 1314; x_wconf 75' lang='lat' dir='ltr'>inscriptio</span> <span class='ocrx_word' id='word_1_9' title='bbox 630 1236 713 1314; x_wconf 87' lang='lat' dir='ltr'>apud</span> <span class='ocrx_word' id='word_1_10' title='bbox 729 1233 887 1296; x_wconf 87' lang='lat' dir='ltr'>Orellium</span> <span class='ocrx_word' id='word_1_11' title='bbox 911 1245 938 1296; x_wconf 85' lang='lat' dir='ltr'>t.</span> <span class='ocrx_word' id='word_1_12' title='bbox 960 1237 990 1296; x_wconf 88' lang='grc'>4.</span> <span class='ocrx_word' id='word_1_13' title='bbox 1007 1255 1040 1316; x_wconf 90' lang='lat' dir='ltr'>p.</span> <span class='ocrx_word' id='word_1_14' title='bbox 1059 1233 1127 1300; x_wconf 82' lang='grc'>440.</span> <span class='ocrx_word' id='word_1_15' title='bbox 1144 1233 1185 1299; x_wconf 85' lang='lat' dir='ltr'>N.</span> 
     </span>
    </p>

    <p class='ocr_par' dir='ltr' id='par_1_3' title="bbox 49 1331 1187 1413">
     <span class='ocr_line' id='line_1_3' title="bbox 49 1331 1187 1413; baseline -0.004 -14"><span class='ocrx_word' id='word_1_16' title='bbox 49 1344 51 1381; x_wconf 58' lang='grc' dir='ltr'>ἰ</span> <span class='ocrx_word' id='word_1_17' title='bbox 136 1339 210 1400; x_wconf 80' lang='grc'><strong>539.</strong></span> <span class='ocrx_word' id='word_1_18' title='bbox 234 1341 294 1413; x_wconf 75' lang='lat' dir='ltr'>(de</span> <span class='ocrx_word' id='word_1_19' title='bbox 312 1334 401 1398; x_wconf 83' lang='lat' dir='ltr'>cuius</span> <span class='ocrx_word' id='word_1_20' title='bbox 419 1335 481 1396; x_wconf 79' lang='lat' dir='ltr'>fide</span> <span class='ocrx_word' id='word_1_21' title='bbox 498 1332 624 1395; x_wconf 87' lang='lat' dir='ltr'>minime</span> <span class='ocrx_word' id='word_1_22' title='bbox 643 1333 848 1396; x_wconf 85' lang='lat' dir='ltr'>dubitandum</span> <span class='ocrx_word' id='word_1_23' title='bbox 866 1345 974 1395; x_wconf 87' lang='lat' dir='ltr'>censet</span> <span class='ocrx_word' id='word_1_24' title='bbox 989 1331 1187 1395; x_wconf 88' lang='lat' dir='ltr'>Niebuhrius</span> 
     </span>
    </p>

    <p class='ocr_par' dir='ltr' id='par_1_4' title="bbox 49 1418 1189 1627">
     <span class='ocr_line' id='line_1_4' title="bbox 49 1418 1189 1519; baseline -0.004 -19"><span class='ocrx_word' id='word_1_25' title='bbox 49 1418 51 1433; x_wconf 21' lang='grc' dir='ltr'>ι</span> <span class='ocrx_word' id='word_1_26' title='bbox 138 1437 227 1500; x_wconf 87' lang='lat' dir='ltr'>Hist.</span> <span class='ocrx_word' id='word_1_27' title='bbox 244 1439 344 1500; x_wconf 86' lang='lat' dir='ltr'>Rom.</span> <span class='ocrx_word' id='word_1_28' title='bbox 361 1446 387 1497; x_wconf 90' lang='lat' dir='ltr'>t.</span> <span class='ocrx_word' id='word_1_29' title='bbox 405 1436 435 1498; x_wconf 88' lang='grc'>3.</span> <span class='ocrx_word' id='word_1_30' title='bbox 454 1459 485 1516; x_wconf 82' lang='lat' dir='ltr'>p.</span> <span class='ocrx_word' id='word_1_31' title='bbox 498 1433 586 1515; x_wconf 86' lang='grc'>430),</span> <span class='ocrx_word' id='word_1_32' title='bbox 609 1434 640 1498; x_wconf 92' lang='lat' dir='ltr'>in</span> <span class='ocrx_word' id='word_1_33' title='bbox 655 1457 718 1519; x_wconf 86' lang='lat' dir='ltr'>qua</span> <span class='ocrx_word' id='word_1_34' title='bbox 741 1455 851 1499; x_wconf 87' lang='lat' dir='ltr'>omnes</span> <span class='ocrx_word' id='word_1_35' title='bbox 868 1432 970 1517; x_wconf 85' lang='lat' dir='ltr'>Appii</span> <span class='ocrx_word' id='word_1_36' title='bbox 986 1433 1189 1518; x_wconf 76' lang='lat' dir='ltr'>magistratus</span> 
     </span>
     <span class='ocr_line' id='line_1_5' title="bbox 136 1551 519 1627; baseline -0.005 -25"><span class='ocrx_word' id='word_1_37' title='bbox 136 1551 345 1602; x_wconf 78' lang='lat' dir='ltr'><strong>enarrantur:</strong></span> <span class='ocrx_word' id='word_1_38' title='bbox 515 1619 519 1627; x_wconf 90' lang='lat'>.</span> 
     </span>
    </p>

    <p class='ocr_par' dir='ltr' id='par_1_5' title="bbox 81 1632 1186 2039">
     <span class='ocr_line' id='line_1_6' title="bbox 81 1632 1186 1724; baseline -0.004 -18"><span class='ocrx_word' id='word_1_39' title='bbox 81 1665 84 1672; x_wconf 89' lang='lat'>·</span> <span class='ocrx_word' id='word_1_40' title='bbox 200 1642 336 1724; x_wconf 80' lang='lat' dir='ltr'>Appius</span> <span class='ocrx_word' id='word_1_41' title='bbox 345 1641 511 1706; x_wconf 81' lang='lat' dir='ltr'>Claudiae</span> <span class='ocrx_word' id='word_1_42' title='bbox 521 1644 560 1707; x_wconf 82' lang='lat' dir='ltr'>G.</span> <span class='ocrx_word' id='word_1_43' title='bbox 571 1645 607 1706; x_wconf 82' lang='lat' dir='ltr'>F.</span> <span class='ocrx_word' id='word_1_44' title='bbox 619 1632 893 1718; x_wconf 51' lang='lat' dir='ltr'>Caecns&#39;cenaor,</span> <span class='ocrx_word' id='word_1_45' title='bbox 908 1643 1027 1704; x_wconf 82' lang='lat' dir='ltr'>consul</span> <span class='ocrx_word' id='word_1_46' title='bbox 1037 1639 1101 1715; x_wconf 85' lang='lat' dir='ltr'>bis,</span> <span class='ocrx_word' id='word_1_47' title='bbox 1115 1639 1186 1704; x_wconf 83' lang='lat' dir='ltr'>dic-</span> 
     </span>
     <span class='ocr_line' id='line_1_7' title="bbox 135 1741 1185 1828; baseline -0.001 -20"><span class='ocrx_word' id='word_1_48' title='bbox 135 1757 241 1820; x_wconf 84' lang='lat' dir='ltr'>tator,</span> <span class='ocrx_word' id='word_1_49' title='bbox 251 1745 410 1808; x_wconf 79' lang='lat' dir='ltr'>interrex</span> <span class='ocrx_word' id='word_1_50' title='bbox 417 1755 481 1820; x_wconf 85' lang='lat' dir='ltr'>ter,</span> <span class='ocrx_word' id='word_1_51' title='bbox 495 1744 712 1828; x_wconf 70' lang='lat' dir='ltr'>praetoriis,</span> <span class='ocrx_word' id='word_1_52' title='bbox 733 1743 856 1808; x_wconf 80' lang='lat' dir='ltr'>aedilis</span> <span class='ocrx_word' id='word_1_53' title='bbox 866 1741 1068 1819; x_wconf 82' lang='lat' dir='ltr'>carulisbis,</span> <span class='ocrx_word' id='word_1_54' title='bbox 1083 1765 1185 1828; x_wconf 77' lang='lat' dir='ltr'>qaae-</span> 
     </span>
     <span class='ocr_line' id='line_1_8' title="bbox 135 1847 1186 1931; baseline -0.001 -20"><span class='ocrx_word' id='word_1_55' title='bbox 135 1860 221 1922; x_wconf 81' lang='lat' dir='ltr'>stor,</span> <span class='ocrx_word' id='word_1_56' title='bbox 231 1847 391 1910; x_wconf 81' lang='lat' dir='ltr'>tribunus</span> <span class='ocrx_word' id='word_1_57' title='bbox 405 1847 553 1911; x_wconf 83' lang='lat' dir='ltr'>militnm</span> <span class='ocrx_word' id='word_1_58' title='bbox 564 1859 629 1920; x_wconf 87' lang='lat' dir='ltr'>ter,</span> <span class='ocrx_word' id='word_1_59' title='bbox 642 1850 822 1930; x_wconf 82' lang='lat' dir='ltr'>complura</span> <span class='ocrx_word' id='word_1_60' title='bbox 832 1847 961 1931; x_wconf 80' lang='lat' dir='ltr'>oppida</span> <span class='ocrx_word' id='word_1_61' title='bbox 971 1847 1013 1909; x_wconf 83' lang='lat' dir='ltr'>de</span> <span class='ocrx_word' id='word_1_62' title='bbox 1022 1849 1186 1912; x_wconf 78' lang='lat' dir='ltr'>samniti-</span> 
     </span>
     <span class='ocr_line' id='line_1_9' title="bbox 135 1947 1186 2039; baseline -0.001 -26"><span class='ocrx_word' id='word_1_63' title='bbox 135 1951 198 2013; x_wconf 82' lang='lat' dir='ltr'>bus</span> <span class='ocrx_word' id='word_1_64' title='bbox 220 1950 330 2032; x_wconf 83' lang='lat' dir='ltr'>cepit,</span> <span class='ocrx_word' id='word_1_65' title='bbox 355 1951 564 2014; x_wconf 80' lang='lat' dir='ltr'>Sabinorum</span> <span class='ocrx_word' id='word_1_66' title='bbox 589 1962 622 2012; x_wconf 82' lang='lat' dir='ltr'>et</span> <span class='ocrx_word' id='word_1_67' title='bbox 645 1953 841 2014; x_wconf 72' lang='lat' dir='ltr'>tuscorum</span> <span class='ocrx_word' id='word_1_68' title='bbox 861 1951 1055 2014; x_wconf 81' lang='lat' dir='ltr'>exereitum</span> <span class='ocrx_word' id='word_1_69' title='bbox 1065 1947 1186 2039; x_wconf 69' lang='lat' dir='ltr'>findit,</span> 
     </span>
    </p>

    <p class='ocr_par' dir='ltr' id='par_1_6' title="bbox 50 2051 1313 2348">
     <span class='ocr_line' id='line_1_10' title="bbox 50 2051 1313 2139; baseline 0 -25"><span class='ocrx_word' id='word_1_70' title='bbox 50 2129 53 2138; x_wconf 20' lang='grc' dir='ltr'><strong><em>Δ</em></strong></span> <span class='ocrx_word' id='word_1_71' title='bbox 132 2073 254 2135; x_wconf 84' lang='lat' dir='ltr'>pacem</span> <span class='ocrx_word' id='word_1_72' title='bbox 269 2051 360 2129; x_wconf 85' lang='lat' dir='ltr'>fieri</span> <span class='ocrx_word' id='word_1_73' title='bbox 381 2075 458 2116; x_wconf 81' lang='lat' dir='ltr'>cnm</span> <span class='ocrx_word' id='word_1_74' title='bbox 483 2055 623 2139; x_wconf 77' lang='lat' dir='ltr'>Pyrrho</span> <span class='ocrx_word' id='word_1_75' title='bbox 647 2075 729 2136; x_wconf 78' lang='lat' dir='ltr'>rege</span> <span class='ocrx_word' id='word_1_76' title='bbox 748 2053 935 2136; x_wconf 80' lang='lat' dir='ltr'>prohibuit.</span> <span class='ocrx_word' id='word_1_77' title='bbox 976 2055 1187 2118; x_wconf 83' lang='lat' dir='ltr'>Incensura</span> <span class='ocrx_word' id='word_1_78' title='bbox 1303 2057 1313 2066; x_wconf 84' lang='grc'><em>”</em></span> 
     </span>
     <span class='ocr_line' id='line_1_11' title="bbox 137 2152 1188 2240; baseline 0 -24"><span class='ocrx_word' id='word_1_79' title='bbox 137 2155 228 2218; x_wconf 84' lang='lat' dir='ltr'>niam</span> <span class='ocrx_word' id='word_1_80' title='bbox 234 2154 386 2237; x_wconf 84' lang='lat' dir='ltr'>Appiam</span> <span class='ocrx_word' id='word_1_81' title='bbox 398 2157 523 2219; x_wconf 82' lang='lat' dir='ltr'>strauit</span> <span class='ocrx_word' id='word_1_82' title='bbox 533 2167 566 2219; x_wconf 80' lang='lat' dir='ltr'>et</span> <span class='ocrx_word' id='word_1_83' title='bbox 577 2177 706 2240; x_wconf 80' lang='lat' dir='ltr'>aquam</span> <span class='ocrx_word' id='word_1_84' title='bbox 715 2156 752 2220; x_wconf 89' lang='lat' dir='ltr'>in</span> <span class='ocrx_word' id='word_1_85' title='bbox 763 2152 882 2220; x_wconf 78' lang='lat' dir='ltr'>urbem</span> <span class='ocrx_word' id='word_1_86' title='bbox 890 2155 1053 2231; x_wconf 68' lang='grc' dir='ltr'>αᾶάιιωὶε,</span> <span class='ocrx_word' id='word_1_87' title='bbox 1067 2154 1188 2218; x_wconf 85' lang='lat' dir='ltr'>oedem</span> 
     </span>
     <span class='ocr_line' id='line_1_12' title="bbox 135 2255 412 2348; baseline 0 -28"><span class='ocrx_word' id='word_1_88' title='bbox 135 2255 412 2348; x_wconf 66' lang='lat' dir='ltr'>Bellonaefecit.</span> 
     </span>
    </p>

    <p class='ocr_par' dir='ltr' id='par_1_7' title="bbox 201 2358 1188 2436">
     <span class='ocr_line' id='line_1_13' title="bbox 201 2358 1188 2436; baseline -0.001 -14"><span class='ocrx_word' id='word_1_89' title='bbox 201 2361 304 2422; x_wconf 88' lang='lat' dir='ltr'>Natus</span> <span class='ocrx_word' id='word_1_90' title='bbox 319 2381 387 2422; x_wconf 89' lang='lat' dir='ltr'>esse</span> <span class='ocrx_word' id='word_1_91' title='bbox 400 2359 525 2422; x_wconf 88' lang='lat' dir='ltr'>videtur</span> <span class='ocrx_word' id='word_1_92' title='bbox 543 2359 631 2423; x_wconf 90' lang='lat' dir='ltr'>eirca</span> <span class='ocrx_word' id='word_1_93' title='bbox 646 2381 760 2424; x_wconf 88' lang='lat' dir='ltr'>annum</span> <span class='ocrx_word' id='word_1_94' title='bbox 770 2363 832 2424; x_wconf 92' lang='grc'>400</span> <span class='ocrx_word' id='word_1_95' title='bbox 847 2361 923 2436; x_wconf 79' lang='grc'>(354</span> <span class='ocrx_word' id='word_1_96' title='bbox 933 2358 1072 2436; x_wconf 82' lang='lat' dir='ltr'>a.Ch.).:</span> <span class='ocrx_word' id='word_1_97' title='bbox 1090 2381 1188 2423; x_wconf 79' lang='lat' dir='ltr'>senex</span> 
     </span>
    </p>

    <p class='ocr_par' dir='ltr' id='par_1_8' title="bbox 48 2412 991 2544">
     <span class='ocr_line' id='line_1_14' title="bbox 48 2412 991 2544; baseline -0.002 -20"><span class='ocrx_word' id='word_1_98' title='bbox 48 2412 51 2511; x_wconf 70' lang='grc' dir='ltr'>Ι</span> <span class='ocrx_word' id='word_1_99' title='bbox 135 2461 219 2524; x_wconf 88' lang='lat' dir='ltr'>enim</span> <span class='ocrx_word' id='word_1_100' title='bbox 236 2461 349 2522; x_wconf 87' lang='lat' dir='ltr'>contra</span> <span class='ocrx_word' id='word_1_101' title='bbox 366 2463 527 2537; x_wconf 85' lang='lat' dir='ltr'>Pyrrhum</span> <span class='ocrx_word' id='word_1_102' title='bbox 546 2483 655 2544; x_wconf 82' lang='lat' dir='ltr'>regem</span> <span class='ocrx_word' id='word_1_103' title='bbox 671 2482 698 2528; x_wconf 85' lang='lat' dir='ltr'>a.</span> <span class='ocrx_word' id='word_1_104' title='bbox 713 2463 775 2523; x_wconf 85' lang='lat'>474</span> <span class='ocrx_word' id='word_1_105' title='bbox 789 2463 879 2536; x_wconf 80' lang='lat'>(280)</span> <span class='ocrx_word' id='word_1_106' title='bbox 894 2459 991 2526; x_wconf 80' lang='lat' dir='ltr'>dixit.</span> 
     </span>
    </p>

    <p class='ocr_par' dir='ltr' id='par_1_9' title="bbox 70 2559 1200 2640">
     <span class='ocr_line' id='line_1_15' title="bbox 70 2559 1200 2640; baseline -0.002 -14"><span class='ocrx_word' id='word_1_107' title='bbox 70 2579 72 2584; x_wconf 90' lang='grc'><strong><em>·</em></strong></span> <span class='ocrx_word' id='word_1_108' title='bbox 203 2561 331 2626; x_wconf 80' lang='lat' dir='ltr'><strong>Censor</strong></span> <span class='ocrx_word' id='word_1_109' title='bbox 346 2559 407 2623; x_wconf 82' lang='lat' dir='ltr'>suit</span> <span class='ocrx_word' id='word_1_110' title='bbox 423 2581 451 2628; x_wconf 90' lang='lat' dir='ltr'>a.</span> <span class='ocrx_word' id='word_1_111' title='bbox 465 2561 527 2623; x_wconf 75' lang='lat'>442</span> <span class='ocrx_word' id='word_1_112' title='bbox 543 2561 650 2638; x_wconf 75' lang='grc'>(340),</span> <span class='ocrx_word' id='word_1_113' title='bbox 667 2561 778 2622; x_wconf 88' lang='lat' dir='ltr'>consul</span> <span class='ocrx_word' id='word_1_114' title='bbox 793 2581 821 2628; x_wconf 87' lang='lat' dir='ltr'>a.</span> <span class='ocrx_word' id='word_1_115' title='bbox 836 2563 895 2624; x_wconf 85' lang='lat'>447</span> <span class='ocrx_word' id='word_1_116' title='bbox 912 2561 1018 2640; x_wconf 80' lang='grc'>(307),</span> <span class='ocrx_word' id='word_1_117' title='bbox 1035 2572 1067 2624; x_wconf 91' lang='lat' dir='ltr'>et</span> <span class='ocrx_word' id='word_1_118' title='bbox 1082 2582 1110 2629; x_wconf 83' lang='lat' dir='ltr'>a.</span> <span class='ocrx_word' id='word_1_119' title='bbox 1127 2563 1200 2624; x_wconf 80' lang='grc'>468-</span> 
     </span>
    </p>

    <p class='ocr_par' dir='ltr' id='par_1_10' title="bbox 49 2645 1189 2746">
     <span class='ocr_line' id='line_1_16' title="bbox 138 2651 1189 2746; baseline -0.004 -15.39"><span class='ocrx_word' id='word_1_120' title='bbox 138 2665 228 2743; x_wconf 76' lang='lat'>(296)</span> <span class='ocrx_word' id='word_1_121' title='bbox 253 2666 393 2744; x_wconf 87' lang='lat' dir='ltr'>(tempus</span> <span class='ocrx_word' id='word_1_122' title='bbox 418 2651 600 2726; x_wconf 86' lang='lat' dir='ltr'>ceterorum</span> <span class='ocrx_word' id='word_1_123' title='bbox 625 2661 867 2745; x_wconf 77' lang='lat' dir='ltr'>magistratuum</span> <span class='ocrx_word' id='word_1_124' title='bbox 890 2659 1070 2746; x_wconf 88' lang='lat' dir='ltr'>incertum).</span> <span class='ocrx_word' id='word_1_125' title='bbox 1109 2661 1189 2726; x_wconf 87' lang='lat' dir='ltr'>Eius</span> 
     </span>
    </p>

    <p class='ocr_par' dir='ltr' id='par_1_11' title="bbox 50 2763 1188 2863">
     <span class='ocr_line' id='line_1_17' title="bbox 50 2763 1188 2863; baseline -0.002 -33"><span class='ocrx_word' id='word_1_126' title='bbox 50 2844 51 2863; x_wconf 13' lang='grc' dir='ltr'><strong>Χ</strong></span> <span class='ocrx_word' id='word_1_127' title='bbox 138 2767 236 2830; x_wconf 84' lang='lat' dir='ltr'>vitam</span> <span class='ocrx_word' id='word_1_128' title='bbox 253 2763 425 2850; x_wconf 82' lang='lat' dir='ltr'>descripsit</span> <span class='ocrx_word' id='word_1_129' title='bbox 440 2765 588 2828; x_wconf 88' lang='lat' dir='ltr'>Niebuhr</span> <span class='ocrx_word' id='word_1_130' title='bbox 602 2778 627 2830; x_wconf 86' lang='lat' dir='ltr'>t.</span> <span class='ocrx_word' id='word_1_131' title='bbox 643 2763 676 2828; x_wconf 90' lang='grc'>3.</span> <span class='ocrx_word' id='word_1_132' title='bbox 694 2785 726 2848; x_wconf 92' lang='lat' dir='ltr'>p.</span> <span class='ocrx_word' id='word_1_133' title='bbox 745 2765 808 2828; x_wconf 85' lang='lat'>344</span> <span class='ocrx_word' id='word_1_134' title='bbox 824 2785 915 2851; x_wconf 88' lang='lat' dir='ltr'>sequ.</span> <span class='ocrx_word' id='word_1_135' title='bbox 938 2777 969 2830; x_wconf 90' lang='lat' dir='ltr'>et</span> <span class='ocrx_word' id='word_1_136' title='bbox 983 2766 1188 2831; x_wconf 85' lang='lat' dir='ltr'>Drumannns</span> 
     </span>
    </p>

    <p class='ocr_par' dir='ltr' id='par_1_12' title="bbox 37 2869 676 2952">
     <span class='ocr_line' id='line_1_18' title="bbox 37 2869 676 2952; baseline 0.003 -20"><span class='ocrx_word' id='word_1_137' title='bbox 37 2937 40 2948; x_wconf 30' lang='grc'>1</span> <span class='ocrx_word' id='word_1_138' title='bbox 139 2869 335 2944; x_wconf 83' lang='lat' dir='ltr'>Geschiehte</span> <span class='ocrx_word' id='word_1_139' title='bbox 353 2869 454 2934; x_wconf 78' lang='lat' dir='ltr'>Boius</span> <span class='ocrx_word' id='word_1_140' title='bbox 470 2879 492 2932; x_wconf 88' lang='lat' dir='ltr'>t.</span> <span class='ocrx_word' id='word_1_141' title='bbox 509 2869 539 2938; x_wconf 75' lang='lat'>2.</span> <span class='ocrx_word' id='word_1_142' title='bbox 556 2890 586 2952; x_wconf 89' lang='lat' dir='ltr'>p.</span> <span class='ocrx_word' id='word_1_143' title='bbox 603 2869 676 2934; x_wconf 80' lang='grc'>470.</span> 
     </span>
    </p>

    <p class='ocr_par' dir='ltr' id='par_1_13' title="bbox 202 2969 1187 3052">
     <span class='ocr_line' id='line_1_19' title="bbox 202 2969 1187 3052; baseline -0.002 -17"><span class='ocrx_word' id='word_1_144' title='bbox 202 2969 329 3052; x_wconf 87' lang='lat' dir='ltr'>Appius</span> <span class='ocrx_word' id='word_1_145' title='bbox 345 2970 464 3052; x_wconf 89' lang='lat' dir='ltr'>primus</span> <span class='ocrx_word' id='word_1_146' title='bbox 478 2970 617 3036; x_wconf 83' lang='lat' dir='ltr'>omnium</span> <span class='ocrx_word' id='word_1_147' title='bbox 636 2973 856 3036; x_wconf 82' lang='lat' dir='ltr'>Romanorum</span> <span class='ocrx_word' id='word_1_148' title='bbox 875 2983 989 3034; x_wconf 86' lang='lat' dir='ltr'>auctor</span> <span class='ocrx_word' id='word_1_149' title='bbox 1006 2992 1073 3035; x_wconf 85' lang='lat' dir='ltr'>esse</span> <span class='ocrx_word' id='word_1_150' title='bbox 1086 2971 1187 3034; x_wconf 88' lang='lat' dir='ltr'>tradi·</span> 
     </span>
    </p>

    <p class='ocr_par' dir='ltr' id='par_1_14' title="bbox 51 3072 1187 3260">
     <span class='ocr_line' id='line_1_20' title="bbox 51 3072 1187 3159; baseline 0.004 -25"><span class='ocrx_word' id='word_1_151' title='bbox 51 3078 52 3082; x_wconf 77' lang='grc'>’</span> <span class='ocrx_word' id='word_1_152' title='bbox 138 3083 200 3148; x_wconf 85' lang='lat' dir='ltr'>tur,</span> <span class='ocrx_word' id='word_1_153' title='bbox 213 3095 275 3136; x_wconf 90' lang='lat' dir='ltr'>nec</span> <span class='ocrx_word' id='word_1_154' title='bbox 287 3072 465 3136; x_wconf 84' lang='lat' dir='ltr'>orationem</span> <span class='ocrx_word' id='word_1_155' title='bbox 481 3085 600 3136; x_wconf 84' lang='lat' dir='ltr'>tantum</span> <span class='ocrx_word' id='word_1_156' title='bbox 616 3075 671 3135; x_wconf 89' lang='lat' dir='ltr'>sed</span> <span class='ocrx_word' id='word_1_157' title='bbox 687 3072 827 3136; x_wconf 84' lang='lat' dir='ltr'>carmina</span> <span class='ocrx_word' id='word_1_158' title='bbox 842 3094 971 3159; x_wconf 85' lang='lat' dir='ltr'>quoque</span> <span class='ocrx_word' id='word_1_159' title='bbox 987 3086 1019 3136; x_wconf 89' lang='lat' dir='ltr'>et</span> <span class='ocrx_word' id='word_1_160' title='bbox 1033 3073 1135 3138; x_wconf 87' lang='lat' dir='ltr'>libros</span> <span class='ocrx_word' id='word_1_161' title='bbox 1150 3078 1187 3138; x_wconf 82' lang='lat' dir='ltr'>de</span> 
     </span>
     <span class='ocr_line' id='line_1_21' title="bbox 137 3174 363 3260; baseline 0.035 -24"><span class='ocrx_word' id='word_1_162' title='bbox 137 3175 207 3238; x_wconf 90' lang='lat' dir='ltr'>iure</span> <span class='ocrx_word' id='word_1_163' title='bbox 223 3174 363 3260; x_wconf 83' lang='lat' dir='ltr'>reliquit.</span> 
     </span>
    </p>

    <p class='ocr_par' dir='ltr' id='par_1_15' title="bbox 138 3277 1187 3474">
     <span class='ocr_line' id='line_1_22' title="bbox 203 3277 1187 3365; baseline 0 -23"><span class='ocrx_word' id='word_1_164' title='bbox 203 3277 324 3342; x_wconf 85' lang='lat' dir='ltr'>Cicero</span> <span class='ocrx_word' id='word_1_165' title='bbox 339 3277 371 3340; x_wconf 92' lang='lat' dir='ltr'>in</span> <span class='ocrx_word' id='word_1_166' title='bbox 388 3279 494 3342; x_wconf 90' lang='lat' dir='ltr'>Bruto</span> <span class='ocrx_word' id='word_1_167' title='bbox 512 3278 568 3354; x_wconf 85' lang='lat'>46,</span> <span class='ocrx_word' id='word_1_168' title='bbox 585 3280 637 3348; x_wconf 81' lang='lat'>61.</span> <span class='ocrx_word' id='word_1_169' title='bbox 661 3281 735 3343; x_wconf 88' lang='lat' dir='ltr'>Nee</span> <span class='ocrx_word' id='word_1_170' title='bbox 754 3299 835 3344; x_wconf 85' lang='lat' dir='ltr'>vero</span> <span class='ocrx_word' id='word_1_171' title='bbox 853 3283 962 3346; x_wconf 75' lang='lat' dir='ltr'>nabeo</span> <span class='ocrx_word' id='word_1_172' title='bbox 981 3303 1187 3365; x_wconf 83' lang='lat' dir='ltr'>quemquam</span> 
     </span>
     <span class='ocr_line' id='line_1_23' title="bbox 138 3380 1184 3474; baseline 0.002 -32"><span class='ocrx_word' id='word_1_173' title='bbox 138 3380 370 3465; x_wconf 80' lang='lat' dir='ltr'>antiquiorem</span> <span class='ocrx_word' id='word_1_174' title='bbox 389 3381 488 3444; x_wconf 83' lang='lat' dir='ltr'>cuius</span> <span class='ocrx_word' id='word_1_175' title='bbox 510 3381 648 3466; x_wconf 79' lang='lat' dir='ltr'>quidem</span> <span class='ocrx_word' id='word_1_176' title='bbox 668 3383 798 3466; x_wconf 81' lang='lat' dir='ltr'>scripta</span> <span class='ocrx_word' id='word_1_177' title='bbox 814 3381 1035 3474; x_wconf 78' lang='lat' dir='ltr'>proferenda</span> <span class='ocrx_word' id='word_1_178' title='bbox 1051 3396 1184 3466; x_wconf 85' lang='lat' dir='ltr'>putem,</span> 
     </span>
    </p>

    <p class='ocr_par' dir='ltr' id='par_1_16' title="bbox 51 3482 1188 3778">
     <span class='ocr_line' id='line_1_24' title="bbox 51 3482 1188 3569; baseline 0.006 -29"><span class='ocrx_word' id='word_1_179' title='bbox 51 3515 52 3540; x_wconf 80' lang='lat' dir='ltr'>t</span> <span class='ocrx_word' id='word_1_180' title='bbox 140 3488 254 3568; x_wconf 84' lang='lat' dir='ltr'>(quam</span> <span class='ocrx_word' id='word_1_181' title='bbox 269 3482 464 3564; x_wconf 83' lang='lat' dir='ltr'>Catonem),</span> <span class='ocrx_word' id='word_1_182' title='bbox 481 3484 548 3546; x_wconf 83' lang='lat' dir='ltr'>nisi</span> <span class='ocrx_word' id='word_1_183' title='bbox 568 3507 668 3568; x_wconf 80' lang='lat' dir='ltr'>quem</span> <span class='ocrx_word' id='word_1_184' title='bbox 687 3485 793 3569; x_wconf 86' lang='lat' dir='ltr'>Appii</span> <span class='ocrx_word' id='word_1_185' title='bbox 807 3487 908 3550; x_wconf 83' lang='lat' dir='ltr'>Caeci</span> <span class='ocrx_word' id='word_1_186' title='bbox 922 3486 1068 3548; x_wconf 82' lang='lat' dir='ltr'>oratio</span> <span class='ocrx_word' id='word_1_187' title='bbox 1088 3488 1188 3548; x_wconf 83' lang='lat' dir='ltr'>hoec</span> 
     </span>
     <span class='ocr_line' id='line_1_25' title="bbox 121 3585 1188 3672; baseline 0.002 -24"><span class='ocrx_word' id='word_1_188' title='bbox 121 3659 122 3662; x_wconf 7' lang='grc' dir='ltr'><strong>Ἴ</strong></span> <span class='ocrx_word' id='word_1_189' title='bbox 139 3585 236 3668; x_wconf 83' lang='lat' dir='ltr'>ipsa</span> <span class='ocrx_word' id='word_1_190' title='bbox 254 3585 300 3648; x_wconf 86' lang='lat' dir='ltr'>de</span> <span class='ocrx_word' id='word_1_191' title='bbox 316 3589 484 3672; x_wconf 82' lang='lat' dir='ltr'>Pyrrho</span> <span class='ocrx_word' id='word_1_192' title='bbox 502 3599 535 3650; x_wconf 82' lang='lat' dir='ltr'>et</span> <span class='ocrx_word' id='word_1_193' title='bbox 551 3591 735 3651; x_wconf 78' lang='lat' dir='ltr'>nonnullae</span> <span class='ocrx_word' id='word_1_194' title='bbox 747 3589 1188 3652; x_wconf 75' lang='lat' dir='ltr'>mortuorumlaudationes</span> 
     </span>
     <span class='ocr_line' id='line_1_26' title="bbox 126 3684 434 3778; baseline 0.013 -28"><span class='ocrx_word' id='word_1_195' title='bbox 126 3684 236 3778; x_wconf 85' lang='lat' dir='ltr'>forte</span> <span class='ocrx_word' id='word_1_196' title='bbox 251 3688 434 3754; x_wconf 80' lang='lat' dir='ltr'>delectant.</span> 
     </span>
    </p>

    <p class='ocr_par' dir='ltr' id='par_1_17' title="bbox 130 3789 1184 3876">
     <span class='ocr_line' id='line_1_27' title="bbox 130 3789 1184 3876; baseline 0.007 -25"><span class='ocrx_word' id='word_1_197' title='bbox 130 3861 135 3868; x_wconf 25' lang='grc' dir='ltr'>Ι</span> <span class='ocrx_word' id='word_1_198' title='bbox 205 3789 350 3856; x_wconf 84' lang='lat' dir='ltr'>isidorus</span> <span class='ocrx_word' id='word_1_199' title='bbox 366 3790 538 3876; x_wconf 82' lang='lat' dir='ltr'>Originum</span> <span class='ocrx_word' id='word_1_200' title='bbox 561 3792 618 3863; x_wconf 81' lang='lat' dir='ltr'>lib.</span> <span class='ocrx_word' id='word_1_201' title='bbox 640 3795 670 3870; x_wconf 89' lang='grc'>1,</span> <span class='ocrx_word' id='word_1_202' title='bbox 687 3795 740 3868; x_wconf 74' lang='grc'>37,</span> <span class='ocrx_word' id='word_1_203' title='bbox 752 3795 780 3862; x_wconf 77' lang='lat'>2.</span> <span class='ocrx_word' id='word_1_204' title='bbox 803 3794 909 3876; x_wconf 69' lang='lat' dir='ltr'>Apntd</span> <span class='ocrx_word' id='word_1_205' title='bbox 923 3797 1099 3858; x_wconf 86' lang='lat' dir='ltr'>Romanos</span> <span class='ocrx_word' id='word_1_206' title='bbox 1117 3797 1184 3874; x_wconf 84' lang='lat' dir='ltr'>Ap·</span> 
     </span>
    </p>

    <p class='ocr_par' dir='ltr' id='par_1_18' title="bbox 30 3886 1190 4160">
     <span class='ocr_line' id='line_1_28' title="bbox 30 3886 1188 3979; baseline 0.001 -26"><span class='ocrx_word' id='word_1_207' title='bbox 30 3886 32 3890; x_wconf 70' lang='grc'><strong>’</strong></span> <span class='ocrx_word' id='word_1_208' title='bbox 50 3935 51 3942; x_wconf 48' lang='grc'><strong>.</strong></span> <span class='ocrx_word' id='word_1_209' title='bbox 134 3891 219 3974; x_wconf 75' lang='lat' dir='ltr'>pina</span> <span class='ocrx_word' id='word_1_210' title='bbox 230 3893 359 3958; x_wconf 85' lang='lat' dir='ltr'>Caecus</span> <span class='ocrx_word' id='word_1_211' title='bbox 372 3893 418 3974; x_wconf 89' lang='lat' dir='ltr'>(in</span> <span class='ocrx_word' id='word_1_212' title='bbox 428 3894 722 3960; x_wconf 81' lang='lat' dir='ltr'>edit.Lindemanni</span> <span class='ocrx_word' id='word_1_213' title='bbox 735 3896 896 3979; x_wconf 86' lang='lat' dir='ltr'>Appius</span> <span class='ocrx_word' id='word_1_214' title='bbox 908 3897 1043 3960; x_wconf 84' lang='lat' dir='ltr'>Graec</span> <span class='ocrx_word' id='word_1_215' title='bbox 1053 3917 1095 3958; x_wconf 92' lang='lat' dir='ltr'>us</span> <span class='ocrx_word' id='word_1_216' title='bbox 1111 3896 1188 3956; x_wconf 85' lang='lat' dir='ltr'>maie</span> 
     </span>
     <span class='ocr_line' id='line_1_29' title="bbox 139 3991 1190 4081; baseline 0.002 -27"><span class='ocrx_word' id='word_1_217' title='bbox 139 3991 277 4078; x_wconf 86' lang='lat' dir='ltr'>legitur)</span> <span class='ocrx_word' id='word_1_218' title='bbox 298 3996 464 4060; x_wconf 81' lang='lat' dir='ltr'>adversus</span> <span class='ocrx_word' id='word_1_219' title='bbox 480 3999 657 4081; x_wconf 75' lang='lat' dir='ltr'>Pyrrham</span> <span class='ocrx_word' id='word_1_220' title='bbox 676 4000 827 4062; x_wconf 77' lang='lat' dir='ltr'>solutam</span> <span class='ocrx_word' id='word_1_221' title='bbox 844 3999 1035 4062; x_wconf 85' lang='lat' dir='ltr'>orationem</span> <span class='ocrx_word' id='word_1_222' title='bbox 1052 3998 1190 4079; x_wconf 83' lang='lat' dir='ltr'>primns</span> 
     </span>
     <span class='ocr_line' id='line_1_30' title="bbox 138 4098 310 4160; baseline -0.006 0"><span class='ocrx_word' id='word_1_223' title='bbox 138 4098 310 4160; x_wconf 77' lang='lat' dir='ltr'>exercuit.</span> 
     </span>
    </p>

    <p class='ocr_par' dir='ltr' id='par_1_19' title="bbox 205 4198 1189 4284">
     <span class='ocr_line' id='line_1_31' title="bbox 205 4198 1189 4284; baseline -0.002 -22"><span class='ocrx_word' id='word_1_224' title='bbox 205 4198 320 4262; x_wconf 87' lang='lat' dir='ltr'>Livius</span> <span class='ocrx_word' id='word_1_225' title='bbox 332 4198 447 4278; x_wconf 82' lang='grc' dir='ltr'>Ι.40,49</span> <span class='ocrx_word' id='word_1_226' title='bbox 456 4199 605 4264; x_wconf 83' lang='lat' dir='ltr'>eximiam</span> <span class='ocrx_word' id='word_1_227' title='bbox 616 4199 715 4264; x_wconf 81' lang='lat' dir='ltr'>fuisse</span> <span class='ocrx_word' id='word_1_228' title='bbox 725 4201 828 4284; x_wconf 81' lang='lat' dir='ltr'>Appii</span> <span class='ocrx_word' id='word_1_229' title='bbox 837 4201 1052 4284; x_wconf 86' lang='lat' dir='ltr'>eloquentiam</span> <span class='ocrx_word' id='word_1_230' title='bbox 1066 4199 1189 4268; x_wconf 76' lang='lat' dir='ltr'>scribit.</span> 
     </span>
    </p>
   </div>
   <div class='ocr_carea' id='block_1_3' title="bbox 189 4299 1190 4464">
    <p class='ocr_par' dir='ltr' id='par_1_20' title="bbox 189 4299 1190 4464">
     <span class='ocr_line' id='line_1_32' title="bbox 204 4299 1190 4382; baseline -0.001 -20"><span class='ocrx_word' id='word_1_231' title='bbox 204 4299 316 4364; x_wconf 88' lang='lat' dir='ltr'>Dictio</span> <span class='ocrx_word' id='word_1_232' title='bbox 329 4300 430 4382; x_wconf 82' lang='lat' dir='ltr'>Appii</span> <span class='ocrx_word' id='word_1_233' title='bbox 446 4299 534 4362; x_wconf 85' lang='lat' dir='ltr'>rudis</span> <span class='ocrx_word' id='word_1_234' title='bbox 546 4312 629 4375; x_wconf 84' lang='lat' dir='ltr'>erat,</span> <span class='ocrx_word' id='word_1_235' title='bbox 646 4311 677 4362; x_wconf 88' lang='lat' dir='ltr'>et</span> <span class='ocrx_word' id='word_1_236' title='bbox 692 4322 740 4376; x_wconf 83' lang='lat' dir='ltr'>ea,</span> <span class='ocrx_word' id='word_1_237' title='bbox 758 4314 791 4364; x_wconf 91' lang='lat' dir='ltr'>ut</span> <span class='ocrx_word' id='word_1_238' title='bbox 806 4299 976 4364; x_wconf 84' lang='lat' dir='ltr'>Ciceronis</span> <span class='ocrx_word' id='word_1_239' title='bbox 991 4302 1190 4380; x_wconf 88' lang='lat' dir='ltr'>temporibus</span> 
     </span>
     <span class='ocr_line' id='line_1_33' title="bbox 189 4405 1004 4464; baseline 0.011 -20"><span class='ocrx_word' id='word_1_240' title='bbox 189 4406 264 4446; x_wconf 63' lang='lat' dir='ltr'><strong>naon</strong></span> <span class='ocrx_word' id='word_1_241' title='bbox 275 4409 328 4448; x_wconf 68' lang='lat' dir='ltr'>orn.</span> <span class='ocrx_word' id='word_1_242' title='bbox 336 4407 394 4448; x_wconf 70' lang='lat' dir='ltr'><strong>non.</strong></span> <span class='ocrx_word' id='word_1_243' title='bbox 406 4409 485 4460; x_wconf 56' lang='lat' dir='ltr'>unga.</span> <span class='ocrx_word' id='word_1_244' title='bbox 503 4408 534 4446; x_wconf 68' lang='lat' dir='ltr'>aa.</span> <span class='ocrx_word' id='word_1_245' title='bbox 544 4405 564 4448; x_wconf 79' lang='lat'>2.</span> <span class='ocrx_word' id='word_1_246' title='bbox 989 4405 1004 4464; x_wconf 83' lang='lat'><strong>1</strong></span> 
     </span>
    </p>
   </div>
   <div class='ocr_carea' id='block_1_4' title="bbox 0 0 1493 4836">
    <p class='ocr_par' dir='ltr' id='par_1_21' title="bbox 0 0 1493 4836">
     <span class='ocr_line' id='line_1_34' title="bbox 0 0 1493 4836; baseline 0 0"><span class='ocrx_word' id='word_1_247' title='bbox 0 0 1493 4836; x_wconf 95' lang='lat' dir='ltr'> </span> 
     </span>
    </p>
   </div>
  </div>
 </body>
</html>
