2966 4842
200 554 393 626 industria,
419 551 537 636 gratia
558 560 744 615 accusatur
773 553 816 615 ab
838 554 912 616 eius
929 551 1031 630 filio,
1056 575 1155 637 quem
1177 556 1250 636 ipse

184 659 237 746 ¹in
260 657 427 720 iudicium
449 668 482 717 et
504 667 600 716 vocat
623 668 655 716 et
678 655 821 718 vocavit.

237 790 311 828 vocat
323 789 347 827 et
358 779 465 839 vocavit]
503 797 532 826 ex
551 784 594 824 hor
615 785 668 828 loco
689 785 775 836 elucet,
790 786 874 828 eodem
889 789 995 840 ternpore
1009 786 1144 828 Atratinum
1159 791 1250 840 patrem

271 887 283 914 n
303 871 403 922 Coelio,
425 869 548 926 ipsumque
569 871 679 914 Coelium
699 871 728 912 nb
750 870 857 916 Atratino
876 869 926 916 fillo
945 877 1093 916 accusatum.

264 969 342 1032 ibid.
370 974 400 1031 7.
443 971 546 1050 Quod
567 971 660 1031 haud
682 971 753 1032 scio
775 992 820 1032 an
844 973 884 1034 de
906 974 1037 1035 ambitu
1058 985 1091 1036 et
1113 975 1155 1036 de
1180 975 1248 1036 cri·

201 1072 349 1135 minibus
379 1073 456 1133 istis
486 1073 655 1134 sodalium
685 1094 725 1133 ac
755 1076 983 1157 sequestrium
1010 1075 1168 1138 similiter
1195 1099 1248 1140 re·

199 1175 436 1258 spondendum
469 1187 601 1257 putem.
660 1177 850 1259 Nunquam
885 1179 974 1239 enim
1008 1189 1079 1240 tam
1113 1179 1249 1243 Coelius

199 1299 317 1340 amens
328 1275 481 1367 fuisset,
508 1289 558 1352 ut,
583 1278 613 1338 si
635 1299 670 1339 se
692 1278 760 1341 isto
782 1279 924 1355 infinito
946 1281 1077 1342 ambitu
1099 1303 1249 1344 comma-

200 1382 366 1451 culasset,
392 1379 541 1440 ambitus
563 1382 711 1441 alterum
734 1395 923 1455 accusaret,
947 1403 1054 1465 neque
1070 1381 1250 1471 eiussacti

200 1483 234 1542 in
257 1484 367 1542 altero
389 1481 617 1562 suspicionem
646 1495 844 1564 quaereret,
870 1486 966 1545 cuius
989 1485 1061 1565 ipse
1084 1486 1149 1547 sibi
1170 1507 1245 1568 per·

199 1598 339 1666 petuam
355 1583 527 1646 licentiam
542 1596 689 1664 optaret,
715 1605 775 1646 nec
797 1587 827 1646 si
849 1586 915 1647 sibi
937 1589 1042 1648 semel
1055 1588 1247 1668 periculum

199 1687 347 1750 ambitus
381 1686 593 1748 subeundum
624 1699 786 1767 putaret,
829 1689 901 1768 ipse
942 1691 1089 1751 alterum
1123 1689 1248 1752 iterum

198 1790 346 1852 ambitus
369 1789 511 1851 erimine
533 1801 735 1852 arcesseret.

262 1891 341 1954 ibid.
378 1914 407 1952 c.
441 1892 493 1952 31.
553 1895 680 1956 Vellem
714 1893 784 1954 alio
816 1894 931 1974 potius
965 1915 1043 1956 eum
1073 1893 1247 1975 cupiditas

198 1994 332 2077 gloriae
362 1991 557 2055 detulisset!
584 1994 644 2075 sed
670 1994 754 2056 abiit
783 1997 886 2057 liuius
916 2008 1047 2077 tempus
1075 1999 1247 2079 querelae.

200 2097 384 2160 Accusavit
399 2099 437 2160 0.
455 2096 644 2158 Antonium
667 2099 834 2178 collegam
858 2118 983 2159 meum.
1008 2125 1047 2140 -·
1069 2131 1108 2143 -
1124 2098 1249 2160 Postea

199 2198 327 2260 nemini
342 2219 505 2280 umquam
520 2199 686 2261 concessit
708 2199 922 2282 aequalium,
944 2201 1025 2280 plus
1044 2209 1082 2260 ut
1098 2195 1247 2286 inforo,

197 2304 276 2382 plus
299 2312 349 2362 ut-
367 2300 402 2362 in
435 2301 583 2380 negotiis
611 2313 809 2362 versaretur
840 2300 1019 2383 causisque
1041 2299 1245 2374 amicorum,

197 2406 276 2484 plus
304 2403 353 2463 ut'
373 2405 501 2464 valeret
530 2402 620 2463 inter
649 2423 732 2465 suos
762 2403 894 2482 gratia.
918 2437 958 2447 -
981 2401 1094 2484 Atque
1124 2421 1246 2465 nomen

200 2504 303 2565 amici
325 2503 390 2566 mei
412 2503 453 2565 cle
481 2503 612 2565 ambitu
641 2503 779 2577 detulit,
810 2525 909 2586 quem
940 2503 1135 2565 absolutum
1157 2504 1246 2567 inse·

198 2607 338 2690 quitur,
379 2617 532 2680 revocat,
575 2606 702 2668 nemini
740 2618 896 2669 nostrum
934 2606 1160 2688 obtemperat,
1196 2618 1247 2668 est

198 2708 380 2773 violentior
401 2729 505 2791 quam
528 2711 654 2771 uellem.

311 2885 339 2944 3.
381 2883 481 2940 Oratio
501 2900 553 2954 pto
574 2900 606 2940 ss
626 2885 662 2942 do
682 2886 710 2942 vi
730 2889 831 2942 contra
844 2885 1008 2940 Atratinum
1028 2883 1130 2940 filium.

263 2999 345 3060 Acta
373 3006 420 3058 est
443 3016 535 3058 caiisa
560 3017 588 3056 a.
614 2997 675 3059 698
699 2997 781 3073 (56).
814 2996 891 3063 Vid‚
914 2997 1079 3058 Drumann
1101 2999 1124 3062 t.
1148 2995 1185 3071 2,
1210 3015 1245 3076 p.

199 3101 273 3162 377.
308 3100 379 3167 tut.
415 3098 545 3162 Ellendt
570 3097 687 3182 aliique
716 3101 798 3160 hanc
827 3119 949 3159 cansam
978 3117 1061 3160 anno
1091 3099 1151 3158 700
1180 3096 1249 3176 (st)

202 3201 375 3284 assignant.
419 3203 463 3263 L.
499 3200 706 3282 Sempronius
739 3199 906 3263 Atratinus
937 3199 1040 3276 filius,
1075 3198 1129 3284 qui
1163 3199 1248 3261 infra

198 3304 281 3368 inter
311 3315 460 3368 oratores
488 3303 724 3381 nominabitur,
759 3305 811 3366 M.
847 3301 995 3368 Coelium
1028 3305 1066 3364 de
1096 3301 1129 3364 vi
1159 3324 1246 3366 reum

197 3403 284 3482 lecit,
314 3409 439 3492 quoda
467 3405 581 3470 Clodia
610 3427 720 3468 aurum
746 3404 921 3481 sumsisset,
949 3427 988 3470 eo
1015 3407 1077 3468 fine
1111 3417 1143 3466 nt
1169 3404 1245 3480 Dio,

197 3509 319 3590 legatus
336 3508 642 3582 Alexandrinorum,
659 3510 783 3572 Romae
800 3520 977 3582 necaretur,
994 3519 1025 3570 et
1040 3509 1127 3590 quod
1143 3507 1244 3569 eidem

199 3607 334 3672 Clodiae
349 3630 501 3672 venenum
518 3611 708 3690 paravisset.
727 3613 807 3672 Eum
826 3611 1034 3673 defenderunt
1047 3609 1096 3675 M.
1111 3607 1247 3672 Crassus

198 3717 245 3784 (v.
268 3731 301 3787 p.
327 3709 624 3787 3811.)etcice1·0,
649 3711 737 3772 cuius
763 3711 868 3774 oratio
892 3724 991 3773 extat.

263 3807 384 3870 Cicero
406 3833 441 3891 p.
466 3810 579 3881 Coelio
609 3833 639 3872 c.
665 3812 717 3874 19.
762 3813 922 3875 Audistis
950 3834 1027 3874 cum
1048 3834 1115 3894 pro
1138 3833 1174 3874 se
1196 3811 1247 3873 di·

198 3920 300 3979 ceret,
318 3910 468 3974 audistis
483 3924 596 3984 antea,
622 3935 699 3975 cum
720 3927 919 3976 accusaret:
937 3935 1049 3996 genus
1064 3911 1246 3982 orationis,

194 4005 429 4096 facultatem,
466 4011 601 4094 copiam
643 4015 891 4078 sententiarum
927 4026 1029 4097 atque
1068 4013 1248 4074 verborum

198 4110 441 4192 perspexistis.
487 4115 598 4195 Atque
621 4115 656 4177 in
685 4139 725 4178 eo
748 4138 816 4178 non
846 4119 958 4178 solum
981 4111 1158 4196 ingenium
1179 4115 1249 4174 elu-

198 4235 273 4275 cere
306 4213 381 4274 eius
413 4213 595 4288 videbatis,
628 4219 687 4280 sed
714 4217 828 4280 inerat
855 4215 947 4278 ratio
975 4227 1007 4276 et
1037 4213 1135 4280 bonis
1162 4213 1248 4276 arti·

199 4314 261 4378 bus
284 4314 444 4379 instituta
466 4328 499 4379 et
520 4339 606 4380 cura
626 4330 661 4382 et
681 4316 810 4397 vigiliis
833 4317 1033 4386 elaborata.
