2958 4840
258 393 320 458 511

256 575 317 636 γον
347 548 416 618 κατ’
449 547 553 618 αὐτοῦ
581 548 711 640 pascois
736 546 867 637 ἀνέγνω.
890 548 997 630 ἄλλως
1022 573 1058 619 τε
1075 549 1142 643 γὰρ
1163 559 1315 644 προέχειν

258 649 491 721 bodriuntio
509 649 657 744 ῥητόρων
671 649 772 736 ἡξίσυ,
789 658 848 720 nol
867 655 991 721 ἐκεῖνον
1008 651 1197 724 δεινότατον
1213 655 1315 727 εἰπεῖν

258 753 349 834 εἰδὼς
373 754 464 836 ὄντα,
485 752 681 842 ὑπερβαλεῖν
695 751 887 824 ἐσπούδασε.
900 791 940 805 ·-
958 789 1000 802 -
1012 760 1059 851 τῷ
1076 783 1113 844 ys
1133 761 1310 854 Καλλίστῳ

261 855 487 952 αἰτιασαμένῳ
496 855 599 926 αὐτὸν
609 851 757 949 ὕστερον,
772 851 823 926 ὅτι
835 866 890 926 καὶ
901 856 961 941 τὴν
973 855 1077 952 ἀρχὴν
1091 857 1197 930 αὐτοῦ
1206 887 1308 945 nurn-

257 956 408 1050 ydoneo,
423 957 621 1050 ἀπεκρίνατο
643 953 696 1028 ὅτι
711 958 1310 1052 etuttupeeotetrovttyoe

256 1059 575 1155 ἀποκεκρύφθα
589 1091 611 1130 ι.

507 1221 624 1281 CXXX.
649 1221 774 1280 Ttbetlut
794 1223 1053 1283 dementatur.

324 1355 424 1418 Natus
447 1367 545 1417 esta.
571 1353 632 1416 ttt
660 1354 742 1438 (10).
789 1355 919 1420 Sueten.
944 1355 1057 1424 Claud.
1092 1357 1122 1420 2.
1167 1357 1208 1424 A.
1246 1357 1307 1422 ttt

257 1459 325 1537 (tt)
348 1455 515 1540 imperium
541 1455 691 1521 obtinuit.
737 1455 891 1520 Mortuus
913 1470 960 1521 cst
983 1481 1009 1522 a.
1034 1459 1095 1522 807
1119 1459 1199 1542 (54).

323 1558 454 1624 Suetoo.
479 1557 632 1623 Claudius
657 1579 684 1627 o.
706 1554 738 1621 3.
764 1559 964 1642 Disciplinis
978 1574 1094 1624 tamen
1111 1563 1306 1626 liberalibus

257 1663 301 1724 ob
331 1676 445 1726 aetate
478 1663 594 1744 prima
622 1683 689 1724 non
720 1663 925 1725 mediocrem
948 1686 1090 1747 operam
1119 1665 1231 1740 dedit,
1264 1687 1305 1728 ac

255 1785 358 1846 saepe
379 1763 617 1846 experimenta
639 1763 802 1847 cuiusque
823 1765 926 1828 etiam
947 1765 1145 1848 publicavit.
1174 1769 1303 1832 Verum

256 1887 298 1928 ne
320 1865 526 1950 sicquidem
548 1865 735 1950 quidquam
758 1867 939 1957 dignitatis
961 1869 1100 1952 assequi
1125 1881 1187 1932 aut
1209 1891 1304 1953 spem

256 1967 297 2030 de
319 1989 355 2030 se
376 1967 647 2030 commodiorem
666 1968 701 2029 in
722 1980 900 2051 posterum
909 1966 1045 2058 facere
1062 1967 1190 2050 potuit.
1341 2044 1344 2049 .

320 2067 400 2132 ibid.
424 2091 454 2132 o.
480 2072 510 2133 1.
554 2072 737 2152 Augustus
766 2071 802 2134 in
824 2069 967 2152 epistola
994 2070 1144 2156 quodam
1170 2070 1218 2132 ad
1246 2069 1305 2132 Li·

247 2171 365 2234 uium:
390 2171 567 2238 Tiberium
597 2185 753 2254 nepotem
785 2185 882 2236 tuum
908 2176 1044 2255 placere
1075 2171 1157 2235 mihi
1193 2172 1304 2234 decla·

258 2286 407 2337 montem
426 2275 593 2357 potuisse,
614 2295 755 2357 peream
777 2274 863 2350 nisi,
896 2295 971 2336 meo
995 2273 1109 2350 Liuia,
1132 2273 1300 2337 admiror.

256 2379 352 2442 Nam
373 2377 522 2460 quitum
545 2372 684 2468 ἀσαφῶς
705 2380 884 2461 loquatur,
909 2377 968 2462 qui
987 2377 1115 2460 possit,
1138 2398 1215 2439 cum
1247 2375 1305 2438 de·

256 2481 392 2554 clamat,
418 2479 534 2570 σαφῶς
555 2477 680 2553 dicere,
704 2501 792 2564 quae
813 2480 957 2543 dicendo
977 2491 1077 2555 sunt,
1099 2499 1169 2542 non
1190 2477 1302 2541 video.

292 2640 355 2685 quoe
379 2624 487 2670 dicendo
511 2623 581 2683 sunt]
619 2631 736 2683 temquetn
766 2627 872 2684 glossam
900 2627 999 2670 dolende
1026 2629 1108 2670 contet
1135 2625 1250 2683 Spalding
1273 2627 1304 2670 ad

328 2714 428 2770 Quintil.
451 2711 474 2774 l,
493 2710 518 2766 2,
540 2711 599 2760 118.

320 2831 453 2894 Tacitus
476 2830 593 2894 Annal.
619 2832 670 2907 tt,
691 2832 723 2894 3.
768 2831 907 2896 Primus
929 2849 975 2892 etc
1008 2829 1070 2904 iis,
1106 2830 1165 2915 qui
1187 2849 1306 2892 renem

254 2936 357 3017 potiti
379 2947 470 3008 sunt,
495 2937 595 2999 Nero
619 2934 751 2999 alienae
766 2930 968 3023 facundiae
990 2933 1099 3014 eguit.
1144 2935 1305 3014 Augusto

252 3049 394 3119 promta
415 3049 447 3099 et
467 3036 664 3129 profluens,
682 3059 769 3120 quae
783 3037 915 3099 deceret
923 3034 1129 3117 principem,
1146 3037 1305 3118 eloquen-

255 3140 306 3202 tia
314 3135 416 3228 fuit.
452 3137 613 3202 Tiberius
634 3151 745 3202 artem
766 3159 899 3223 quoque
922 3138 1082 3212 callebat,
1113 3155 1182 3220 qua
1202 3137 1306 3199 verbu

254 3240 482 3323 expenderem
503 3241 608 3302 etiam
630 3241 692 3305 Gai
715 3241 875 3305 Caesaris
898 3240 1037 3301 turbata
1060 3259 1155 3301 mens
1170 3239 1237 3300 uim
1250 3239 1304 3300 di·

255 3341 353 3403 cendt‘
375 3361 443 3403 non
467 3341 633 3422 corrupit.
658 3343 773 3406 necin
798 3342 954 3416 Claudio,
977 3342 1110 3425 quoties
1136 3341 1306 3404 meditatu

256 3443 452 3518 dissereret,
476 3443 683 3526 elegantiam
706 3444 908 3527 requireres.

705 3582 867 3641 Orationes.

321 3716 409 3778 Suet.
434 3714 546 3780 Claud.
573 3717 625 3780 38.
674 3719 728 3780 Ne
750 3715 932 3778 stultitiam
953 3716 1091 3798 quidem
1120 3734 1222 3777 suam
1249 3735 1305 3776 re·

256 3817 371 3893 ticuit,
405 3817 668 3902 simulatamque
703 3840 794 3906 ase
824 3841 870 3879 ex
906 3817 1080 3879 industrio
1111 3816 1175 3882 sub
1195 3815 1300 3889 Gaio,

255 3922 347 4004 quod
376 3921 477 3983 aliter
499 3942 665 3984 euasurus
702 3933 994 4002 peruenturusque
1025 3918 1073 3982 ad
1103 3929 1303 3999 susceptum

255 4025 439 4088 stationem
459 4019 680 4113 nonfuem‘t‚
713 4021 971 4104 quibusdam
1000 4017 1304 4084 oratiunculis

255 4136 401 4190 teuotue
421 4137 492 4190 eet:
514 4146 573 4188 nec
595 4136 712 4188 tamen
729 4124 917 4206 persuasit.
