2984 4842
255 320 317 382 444

253 476 371 559 potius
400 471 585 562 effeceras,
618 486 654 536 ut
685 486 717 536 te
746 472 875 557 eripias
904 495 951 535 ex
974 474 1037 535 bac
1060 472 1162 536 turba
1180 485 1302 556 patro·

257 598 391 653 norum,
409 598 468 638 nec
489 576 578 638 enim
601 577 694 638 decet
716 587 748 638 tc
771 587 932 639 ornatum
955 575 1138 638 uberrimis
1153 576 1319 654 artibus,¹
1408 647 1409 650 Ἴ
1477 618 1478 667 1

257 701 361 765 quas,
386 699 462 739 cum
483 678 587 740 domo
608 679 749 740 haurire
771 699 839 739 non
860 699 998 758 posses,
1023 677 1235 740 arcessivisti
1255 701 1303 741 esc

256 783 339 844 urbe
361 801 421 855 ea,
455 801 542 862 quae
572 781 694 842 domus
726 793 777 842 est
808 800 942 862 semper
971 780 1087 841 habita
1109 778 1299 854 doctrinae,

256 882 433 945 numerari
455 881 490 942 in
515 885 616 964 vulgo
635 895 878 964 patronorum.
924 883 1019 945 Nam
1041 881 1123 964 quid
1144 894 1176 943 te
1199 905 1300 944 exer·

254 986 324 1047 cuit
341 988 549 1057 Pammenes,
574 984 626 1046 vir
648 987 749 1066 longe
768 983 1063 1066 eloquentissimus
1078 1003 1298 1065 graecorum,

255 1088 338 1171 quid
359 1087 418 1148 illa
445 1099 541 1148 vetus
575 1087 763 1149 Academia
792 1097 894 1168 atque
924 1085 998 1147 eius
1025 1087 1123 1148 heres
1146 1086 1296 1159 Aristus,

253 1190 422 1273 siquidem
432 1188 560 1251 similes
571 1188 713 1250 maioris
723 1188 834 1269 partis
843 1199 1023 1250 oratorum
1019 1185 1151 1276 futuri
1157 1189 1300 1250 scimus?

319 1289 464 1353 Velleius
495 1291 529 1364 2,
560 1291 613 1352 36.
659 1293 733 1354 lam
757 1311 845 1371 pene
874 1285 1163 1370 supervacaneum
1186 1288 1299 1352 videri

205 1453 215 1470 ,
250 1404 379 1478 potest,
394 1393 616 1454 eminentium
631 1392 850 1474 ingeniorum
872 1403 992 1453 notare
1015 1404 1183 1472 tempora.
1215 1392 1300 1474 Quis

253 1495 343 1558 enim
372 1495 529 1576 ignorat,
572 1494 736 1556 diremtos
769 1493 937 1576 gradibus
968 1493 1093 1554 aetatis
1119 1492 1298 1586 floruisse

251 1601 314 1660 hoc
329 1609 481 1678 tempore
494 1596 701 1671 Ciceronem,
720 1595 943 1658 Hortensium
959 1616 1107 1678 saneque
1121 1598 1296 1670 Crassum,

252 1703 435 1774 Catonem,
464 1697 673 1777 Sulpicium,
703 1718 852 1779 moxque
883 1700 1086 1771 Brutum,
1112 1697 1293 1770 Calidium,

252 1801 425 1875 Coelium,
440 1801 581 1864 Calvum
596 1811 629 1862 et
648 1799 851 1881 proximum
868 1799 1025 1862 Ciceroni
1042 1802 1224 1863 Caesarem
1239 1821 1297 1862 eo·

249 1923 392 1984 rumque
401 1904 490 1963 velut
499 1904 656 1963 alccmnos
670 1901 911 1989 Corvinumac
924 1902 1110 1964 Pollionem
1121 1901 1295 1965 Asinium.

313 2002 492 2066 Columella
516 2002 573 2066 lib.
600 2007 630 2064 4.
649 2003 787 2085 praelat.
805 2003 830 2079 §.
846 2003 898 2065 30.
944 2006 1019 2067 Nec
1040 2007 1220 2066 Brutum
1234 2017 1296 2066 aut

247 2106 400 2170 Coelium
418 2106 643 2168 Pollionemve
659 2126 735 2167 cum
751 2103 907 2168 Messala
929 2117 961 2166 ct
977 2107 1080 2169 Calvo
1096 2106 1294 2170 deterruere

246 2208 290 2270 ab
311 2209 523 2291 eloquentiae
545 2207 661 2269 studio
679 2206 837 2295 fulmina
859 2209 919 2270 illa
941 2208 1128 2270 Ciceronis.

312 2309 447 2390 Quintil.
467 2311 522 2382 40,
548 2312 582 2383 4,
608 2310 680 2371 123.
726 2315 922 2391 Supersunt
944 2310 1002 2392 qui
1021 2311 1062 2372 de
1077 2311 1296 2394 philosophia

247 2412 465 2493 scripserint,
483 2412 601 2494 quoin
624 2433 748 2493 genere
769 2413 998 2492 paucissimos
1012 2413 1124 2474 adhuc
1136 2416 1293 2498 eloquen-

245 2527 296 2577 tes
311 2517 447 2576 litterae
463 2535 627 2576 romanae
651 2517 814 2578 tulerunt.
840 2515 1017 2596 Egregius
1040 2537 1119 2577 vero
1134 2520 1222 2578 mul
1228 2530 1292 2580 to-

245 2639 323 2700 que
345 2637 467 2699 quam
490 2617 531 2678 in
555 2617 830 2679 orationibus
853 2621 1162 2698 praestantior
1184 2622 1293 2681 Bru·

244 2732 311 2782 tus
328 2717 467 2806 suffecit
487 2719 635 2799 ponderi
657 2741 792 2791 rerum,
818 2720 907 2782 scias
934 2741 1012 2781 eum
1034 2720 1180 2796 sentire,
1206 2741 1293 2804 quae

246 2822 339 2885 dicit.

308 2923 445 3005 Quintil.
476 2924 533 2997 li,
559 2924 613 2998 40,
639 2925 690 2985 40.
721 2923 991 3006 gravitatem
1014 2926 1115 2986 Bruti
1138 2923 1292 2987 oratoris

241 3026 373 3088 laudat.
490 3021 494 3024 ’

307 3127 441 3206 Quintil.
460 3129 497 3202 9,
523 3131 561 3205 4,
588 3129 640 3192 76.
686 3129 900 3192 Trimetri
922 3149 1073 3192 versus
1092 3127 1174 3212 fere
1196 3129 1293 3190 exci-

240 3230 338 3301 dunt,
362 3251 448 3311 quos
471 3233 637 3293 Brutus
665 3233 741 3310 ipso
771 3231 996 3308 componendi
1025 3230 1148 3290 ductus
1174 3232 1291 3294 studio

242 3331 442 3412 saepissime
450 3330 564 3420 facit,
588 3352 656 3394 non
680 3353 763 3392 raro
786 3330 940 3401 Asinius,
965 3330 1027 3390 sed
1047 3331 1150 3390 ctiam
1169 3331 1290 3394 Cicero

242 3453 510 3516 nonnumquam.

238 3577 241 3582 ,
304 3533 414 3612 Quint.
440 3534 476 3606 9,
499 3535 538 3607 4,
564 3535 615 3595 63.
662 3531 866 3597 Proximam
888 3532 1053 3594 clausulis
1069 3532 1288 3612 diligentiam

235 3638 413 3720 postulant
443 3634 556 3696 initia.
603 3637 670 3699 Sed
697 3656 817 3697 corum
827 3631 983 3721 facilior
1011 3635 1104 3699 ratio
1127 3648 1177 3698 est
1185 3659 1197 3708 ,·
1218 3658 1288 3700 non

238 3739 330 3803 enim
354 3740 554 3808 cohaerent,
580 3739 642 3800 sed
671 3739 720 3800 ita
745 3738 1029 3820 praecedentibus
1052 3739 1223 3813 serviunt,
1249 3751 1288 3802 ut

238 3841 424 3906 exordium
447 3852 587 3902 sumant
615 3864 692 3903 cum
720 3845 876 3903 clausula
898 3843 1059 3925 qualibet.
1097 3843 1150 3906 Sit
1172 3856 1286 3904 tamen

237 3945 429 4028 composita
464 3941 559 4024 ipsa;
589 3945 741 4027 gratiam
763 3945 904 4026 perdet,
939 3944 970 4006 si
1000 3946 1046 4006 ad
1075 3967 1151 4007 eam
1182 3955 1286 4025 rupta

238 4048 294 4108 via
316 4047 518 4111 venerimus.
551 4052 629 4128 Qvtv
645 4047 706 4124 fit,
736 4058 786 4120 ut,
811 4069 887 4108 cum
911 4047 1151 4109 Demosthenis
1167 4066 1286 4108 severa

236 4148 393 4211 videatur
415 4151 630 4232 compositio,
658 4149 882 4238 πρῶτονμὲν,
906 4136 931 4212 ὦ
953 4145 1069 4237 ἄνδρες
1086 4143 1283 4227 Ἀθηναῖοι,

239 4255 307 4322 τοῖς
330 4255 426 4326 θεοῖς
448 4248 584 4337 εὔχομαι
613 4252 693 4318 πᾶσι
725 4257 779 4316 καὶ
807 4245 951 4330 πάσαις,
974 4261 1007 4313 et
1029 4249 1105 4324 itta,
1131 4271 1217 4332 quae
1239 4249 1282 4311 ab
