2976 4844
1185 371 1244 434 stt

225 549 275 580 rex
298 530 429 589 Seleucus]
467 533 581 580 Seleucus
604 533 765 590 Philopator,
798 533 837 588 qui
861 533 891 576 rb
914 547 976 578 enno
1003 528 1051 579 567
1074 531 1148 591 (187)
1169 537 1198 580 sd
1219 551 1242 586 s.

263 620 312 670 579
338 619 413 677 (175)
435 622 561 676 imperinm
584 621 667 666 tenuit.
704 619 822 674 Polybius
841 622 883 665 tib.
908 617 950 676 23,
976 611 1121 672 ἵῐἮκον
1141 619 1171 672 δὲ
1194 623 1245 672 καὶ

260 707 342 781 παρὰ
367 704 515 760 Σελεύκου
538 705 592 757 τοῦ
616 705 763 769 βασιλέως
785 707 980 778 apertissimi,
1007 704 1061 774 τήν
1084 725 1114 760 rc
1135 709 1244 773 φιλίαν

260 792 519 859 ἀνανεωσάμενοι,
544 795 595 845 καὶ
616 793 774 844 δεκαναΐαν
795 796 919 866 μακρῶν
942 795 1051 847 πλοίων
1069 793 1245 865 ἐπαγγελλό-

259 901 347 951 μενοι
369 880 475 935 δώσειν
497 887 561 946 τοῖς
581 877 713 946 Ἀχαιοῖς.
762 885 788 928 td
812 899 874 929 anno
896 881 943 931 ⁵⁶9
967 885 1245 945 (sememonten...

260 982 300 1020 tur
321 975 421 1022 Giinton
444 975 468 1018 in
491 973 572 1018 Pestis
596 979 616 1021 t.
640 970 665 1024 ³.
693 987 717 1028 p.
743 968 811 1027 317,
839 974 878 1018 obi
901 975 1028 1021 historiam
1050 991 1134 1036 regom
1159 979 1244 1032 Syrtes

259 1065 368 1120 restitit,
390 1065 491 1121 ideoque
509 1063 553 1108 ino
573 1075 635 1107 nono
654 1061 713 1108 haec
734 1065 814 1108 cretio
833 1065 894 1108 diets
915 1065 1019 1110 ridetur.

423 1307 429 1318 '
451 1303 500 1359 89.
534 1301 634 1360 Oratio
660 1307 761 1358 contra
787 1301 819 1359 G.
841 1303 987 1360 Pisonem.

255 1457 416 1518 Weberus
447 1453 612 1520 adnotavit
633 1475 669 1534 p.
695 1452 755 1518 35:
784 1457 1012 1538 „Perpetuam
1046 1468 1079 1518 et
1107 1458 1242 1538 proeci-

188 1583 256 1644 puc
283 1559 456 1640 insignem
483 1578 583 1639 opem
608 1557 688 1620 tulit
720 1557 901 1640 Hisponis,
927 1560 1033 1620 veteri
1053 1581 1139 1622 suae
1159 1582 1242 1642 pro·

190 1661 333 1736 vinciae,
359 1673 507 1744 propter
530 1680 679 1744 quorum
701 1659 862 1734 iniurius,
887 1661 1050 1725 Cicerone
1074 1675 1243 1726 narrante

191 1766 331 1846 (Dicin.
357 1765 393 1826 in
417 1764 546 1829 Caecil.
570 1764 634 1844 20)
655 1783 732 1825 cum
757 1764 874 1828 multis
895 1786 1020 1847 graves
1040 1765 1243 1830 inimicitias

190 1869 315 1951 gessit.
360 1870 481 1950 Itaque
498 1867 655 1948 primum
676 1889 710 1930 o.
733 1889 768 1929 u.
792 1868 853 1930 583
871 1864 1037 1956 perfecit,
1063 1880 1101 1930 ut
1121 1872 1158 1934 P.
1179 1874 1244 1932 Fu·

192 1972 267 2036 rius
292 1971 413 2036 Philus
444 1970 686 2032 damnaretur.
731 1974 806 2034 Nec
833 1970 979 2044 dubito,
1007 1972 1088 2055 quin
1113 1973 1160 2034 od
1184 1973 1245 2036 illa

192 2087 351 2156 temporo
371 2073 582 2152 pertinuerit
608 2074 723 2136 oratio
745 2073 780 2135 in
804 2077 843 2138 0.
868 2073 1039 2149 Pisonem,
1070 2075 1243 2157 et.ipsum

192 2178 276 2242 oiim
316 2189 517 2260 praetorem
556 2176 761 2259 Hispaniae.
777 2185 791 2211 ‘¹
844 2174 885 2239 C.
925 2175 1008 2240 enim
1049 2176 1243 2260 Calpurnius

192 2281 274 2344 Piso
300 2303 329 2343 a.
359 2281 421 2344 558
446 2279 536 2359 (185)
567 2291 700 2359 praetor
727 2290 869 2354 creatus,
896 2279 1082 2362 Hispaniam
1110 2281 1244 2345 ultorio·

191 2405 260 2446 rem
282 2383 497 2447 sortitusest.
549 2381 625 2449 Liv.
648 2383 701 2459 39,
727 2383 780 2444 tr.
826 2381 994 2462 Appianus
1017 2383 1185 2463 Hispanic.
1210 2407 1240 2446 c.

192 2487 246 2549 55.
293 2483 418 2549 Consul
443 2484 554 2548 deinde
579 2506 608 2546 a.
634 2487 695 2546 ott
718 2480 829 2565 (180),
853 2485 964 2546 eodem
994 2506 1076 2548 anno
1102 2498 1244 2549 mortuus

191 2601 250 2652 est.
296 2589 374 2650 Liv.
396 2589 450 2664 30,
472 2589 503 2650 5.
525 2585 558 2650 8.
584 2589 635 2660 to,
656 2587 708 2648 35.
733 2587 786 2648 37.
807 2585 859 2648 30.

256 2694 394 2774 Quando
432 2704 535 2754 autem
566 2688 648 2754 Piso
680 2688 838 2752 Catonem
878 2711 967 2755 reum
1006 2689 1146 2766 fecerit,
1180 2711 1243 2754 non

193 2807 331 2859 constat.
1005 2841 1007 2848 ,

256 2897 415 2962 Priscian.
432 2899 474 2959 T.
490 2900 521 2959 t.
535 2919 569 2978 p.
584 2897 657 2960 503.
696 2899 784 2961 Cato
798 2908 921 2960 contro
932 2899 970 2960 C.
981 2897 1157 2960 Pisonem:
1180 2896 1242 2961 Vi·

116 2999 120 3002 *
192 3000 270 3076 deo,
293 3003 357 3064 huc
375 3012 578 3082 tempestate
594 2999 856 3064 concucurrisse
876 3020 994 3064 omnes
1008 2999 1241 3064 aduersarios.

507 3251 555 3308 90.
591 3250 690 3307 Oratio
714 3253 751 3306 de
774 3250 918 3306 Laetorio.

258 3404 296 3464 In
321 3401 432 3466 Nonio
457 3400 576 3486 legitor
598 3413 752 3482 corrupte
775 3403 865 3465 Coto
881 3401 1074 3476 Detetorio,
1099 3400 1243 3485 quodlin

196 3505 272 3566 duas
296 3525 395 3568 voces
423 3507 477 3568 De
503 3503 669 3568 Laetorio
695 3501 949 3586 distinguendum
979 3502 1160 3566 arbitrabar
1185 3525 1245 3567 vo·

195 3606 356 3670 cabulum.
402 3608 530 3689 Popma
553 3617 657 3666 antem
687 3603 873 3666 adnotavit:
906 3609 974 3684 „In
997 3606 1109 3668 Nonii
1126 3609 1246 3689 vulgo·

193 3707 239 3771 tis
271 3708 446 3772 codicibus
473 3707 602 3792 tegitur
635 3706 837 3771 Deletori
846 3727 887 3780 0,
916 3706 1005 3770 unde
1032 3708 1171 3771 restitui
1197 3709 1244 3771 de

192 3813 285 3894 lege
314 3811 473 3886 Torio,
507 3809 554 3872 od
585 3830 690 3893 quom
715 3808 868 3890 pertinet
894 3810 1034 3874 unicum
1047 3809 1244 3901 fragmen·

192 3924 267 3975 tum
292 3913 334 3976 de
355 3913 519 3996 pastione
545 3911 696 3996 pecoris.
743 3915 833 3976 Eam
858 3912 969 3994 legem
992 3915 1073 3976 tulit
1093 3916 1153 3994 Sp.
1174 3916 1244 3987 Το·

191 4015 268 4080 rius
301 4016 373 4080 sive
407 4012 560 4080 Thorius
594 4014 755 4077 tribunus
779 4017 854 4096 pt,
888 4015 930 4076 de
960 4036 1028 4097 ¹quo
1057 4013 1177 4078 Cicero
1208 4013 1244 4076 in
1313 3996 1321 4008 ’

191 4118 250 4182 lib.
279 4119 312 4184 2.
341 4119 384 4181 dc
410 4119 513 4182 Orat.
537 4115 628 4178 etin
650 4119 763 4180 Bruto
790 4117 844 4197 (c.
869 4117 934 4198 36)
960 4116 1034 4178 itu:
1065 4118 1126 4197 Sp.
1151 4118 1244 4180 Tho·

193 4220 269 4286 rius
291 4221 379 4287 sotis
403 4219 510 4282 coluit
532 4218 568 4280 in
593 4219 774 4301 populari,
787 4239 913 4301 genere
941 4216 1088 4296 dicendi,
1118 4218 1161 4296 is,
1185 4220 1244 4304 qui

192 4343 320 4406 agrum
345 4322 523 4408 publicum
552 4319 679 4384 vitioso
702 4334 736 4386 et
763 4319 881 4384 inutili
911 4321 986 4402 lege
1012 4320 1174 4404 vectigali
1195 4325 1242 4387 te-
