2992 4844
1145 373 1206 438 stt

145 531 342 607 ¹intentatam
361 527 472 604 fuisse,
497 528 613 612 quibus
631 525 777 590 nimirum
799 525 830 591 ita
844 527 945 594 causis
959 534 1207 612 repetundarum

155 637 341 698 introducta
363 631 422 693 suit
445 643 476 693 et
501 629 662 712 ampliatio
685 642 716 693 et
743 633 1056 713 comperendinatio:
1073 657 1207 718 quarum

156 738 325 809 alterutra,
352 734 473 819 inquit,
504 732 535 795 in
564 735 742 797 Messalino
766 733 883 796 iudicio
910 735 1135 811 intervenisse,
1160 749 1208 800 est

158 842 246 924 quod
269 841 452 926 credamus:
480 840 621 897 adducor
638 835 719 898 enim
739 837 894 898 mentione
915 837 997 898 facta
1021 839 1094 900 libri
1119 839 1207 901 tertii

158 940 395 1004 Accusationis.
442 941 536 1020 Quod
569 938 594 999 si
624 937 724 1019 igitur
756 938 901 1001 Cratneri
934 940 1118 1021 opinionem
1141 963 1207 1002 am-

157 1043 353 1125 plectantur,
383 1063 476 1102 eausa
505 1043 543 1102 de
576 1063 637 1124 qua
672 1063 776 1103 sermo
805 1053 870 1116 cst,
901 1063 963 1105 non
992 1055 1062 1106 ante
1093 1064 1206 1105 auutnn

157 1147 229 1208 fere
247 1144 307 1206 ott
332 1147 420 1221 (100)
444 1155 511 1204 acta
537 1142 681 1205 videtur:
705 1143 793 1225 leges
821 1143 901 1205 enim
927 1145 1061 1206 Aciliam
1080 1157 1110 1206 et
1130 1147 1207 1207 Ser·

159 1247 268 1309 viliam
300 1250 337 1308 de
362 1243 545 1327 repetundis
577 1244 660 1307 inter
693 1267 722 1306 a.
755 1246 922 1308 018-051
945 1245 1023 1308 latas
1049 1267 1116 1309 esse
1135 1269 1207 1309 cer-

159 1363 223 1414 tum
247 1361 306 1412 est.
353 1348 452 1412 Cous.
470 1345 705 1411 Baiterilndex
725 1349 851 1430 Legum
871 1371 905 1429 p.
934 1349 1003 1423 120,
1027 1361 1057 1410 et
1077 1351 1137 1412 969
1155 1371 1205 1433 sq.

223 1469 348 1532 Gellius
380 1469 438 1545 15,
467 1469 519 1529 tt.
565 1468 670 1550 Apud
700 1473 741 1549 Q.
772 1471 951 1530 Metellum
981 1469 1207 1533 Numidicum

158 1573 194 1637 iu
215 1572 303 1635 libro
323 1571 564 1634 Accusationis
597 1570 633 1631 in
665 1570 842 1634 Valeriam
874 1574 1066 1633 Messalam
1103 1576 1207 1636 tertio

159 1697 243 1738 none
265 1674 392 1734 dictum
415 1695 489 1734 esse
520 1673 774 1734 adnotavimus.
832 1675 946 1738 Verba
970 1697 1016 1734 ex
1048 1677 1207 1737 oratioue

159 1779 233 1842 eius
258 1777 339 1838 haec
363 1785 462 1836 sunt:
488 1778 574 1838 cnm
603 1797 676 1836 sese
711 1775 814 1836 sciret
842 1775 877 1835 in
907 1787 1041 1837 tantum
1078 1778 1207 1838 crimen
1231 1803 1278 1836 κ.

159 1881 306 1952 venisse,
340 1889 443 1960 alqtte
478 1878 589 1940 socios
630 1878 677 1938 acl
715 1889 871 1938 senatum
898 1892 1054 1959 questitm
1068 1880 1207 1970 flentes

159 1983 302 2055 venisse,
328 2002 401 2041 sese
421 1980 586 2060 pecunias
611 1979 784 2040 maximas
807 1992 951 2042 exactos
974 2002 1057 2043 esse.
1084 2018 1123 2028 -
1146 1987 1207 2045 Pe-

160 2085 296 2156 cuniae,
329 2081 440 2166 inquit
475 2083 650 2143 maximas
683 2093 826 2143 exactos
856 2104 924 2162 pro
957 2105 997 2142 eo
1031 2085 1124 2166 quod
1156 2096 1208 2146 est

157 2185 323 2270 pecunias
342 2205 364 2244 a
387 2207 422 2245 se
448 2183 621 2244 anaximas
647 2199 803 2246 exactas.
848 2185 890 2246 Id
916 2186 1013 2246 rachis
1030 2187 1208 2248 uidebatur

161 2308 290 2371 graeca
299 2287 432 2369 figura
446 2285 586 2346 dictttm.
612 2286 736 2347 Graeci
752 2285 840 2346 euim
858 2285 976 2346 dicunt
994 2281 1207 2372 εἰσεπράξατὸ

161 2415 200 2476 με
231 2385 405 2476 ἀργύριον,
444 2387 480 2449 id
515 2387 719 2470 significat,
762 2386 881 2468 exegit
918 2409 970 2448 me
1009 2390 1205 2468 pecttniam.

162 2493 265 2575 Quod
294 2492 324 2554 si
355 2491 393 2553 id
421 2491 488 2552 dici
509 2501 642 2571 potest,
675 2487 779 2552 etiam
812 2499 959 2550 exactas
989 2510 1062 2550 esse
1083 2489 1209 2573 aliquis
1282 2534 1284 2538 -

158 2594 342 2678 pecuniam
368 2593 436 2656 dici
457 2602 584 2675 potest.

509 2898 610 2956 XLVI.
653 2899 681 2956 0.
696 2897 857 2992 Ι1111001113.

228 3052 391 3114 Tribunus
417 3051 520 3135 plebis
543 3074 572 3114 a.
597 3053 657 3114 013
680 3055 782 3130 (111).
827 3049 956 3112 Sallust.
974 3049 1047 3132 Ing.
1069 3049 1128 3125 27,
1153 3047 1207 3110 30.

163 3156 207 3218 Α.
238 3153 299 3215 050
330 3158 420 3231 (101)
453 3166 633 3236 praeturam
671 3153 769 3236 gessit
804 3165 834 3216 et
864 3150 1066 3234 provinciam
1100 3148 1208 3213 nescio

163 3278 256 3340 quam
281 3256 530 3332 administravit,
562 3279 578 3318 e
605 3279 665 3340 qna
693 3279 839 3319 reversus
867 3277 939 3318 reus
963 3256 1209 3334 repetundarum

163 3357 266 3419 lactus
293 3370 340 3421 est
371 3380 400 3420 a.
425 3360 483 3420 651
519 3361 622 3438 (103).
668 3362 787 3423 Postea
816 3358 1012 3423 consulatum
1042 3370 1152 3439 petens
1179 3377 1209 3418 a.

164 3460 226 3522 654
253 3459 342 3543 (100)
371 3460 542 3523 occiditur.

228 3582 421 3661 Fragmenta
444 3582 571 3664 quidem
596 3582 744 3644 nonnulla
780 3581 960 3644 orationum
993 3579 1034 3644 C.
1065 3578 1213 3642 Memmii

165 3683 247 3761 apud
264 3695 409 3744 auctores
427 3694 651 3756 memorantur,
675 3687 728 3744 setl
745 3683 929 3765 plerumque
946 3681 1026 3743 alius
1041 3682 1214 3742 Memmius

164 3780 371 3872 intelligitur,
397 3785 452 3869 qni
470 3797 583 3876 posteo
613 3783 695 3846 vixit
725 3796 755 3846 et
780 3797 892 3846 contra
921 3783 1089 3844 Lttcullnm
1117 3794 1211 3864 atque

166 3882 337 3947 Caesarem
358 3887 521 3950 orationes
542 3886 632 3960 dixit,
653 3890 690 3947 dc
712 3906 777 3968 quo
802 3885 885 3946 inlra
908 3885 1059 3946 dicemus.

230 4002 349 4068 Cicero
373 4007 477 4068 Bruto
505 4006 557 4067 36.
611 4007 822 4068 Tumetiam
856 4007 894 4067 C.
924 4015 957 4065 et
987 4007 1027 4064 L.
1053 3999 1213 4064 Memmii

151 4102 329 4194 ficerunt,
352 4119 511 4170 oratores
527 4106 732 4180 mediocres,
755 4119 974 4167 accusatores
994 4123 1091 4163 acres
1107 4113 1209 4183 atque

163 4209 290 4274 acerbi.
311 4213 433 4292 Itaque
456 4209 492 4270 iu
515 4207 680 4270 iudicium
705 4208 830 4291 capitis
855 4208 980 4267 mattos
995 4213 1211 4280 vocaverunt,

161 4331 229 4394 pro
253 4311 321 4374 reis
346 4331 415 4375 non
440 4331 542 4393 saepe
564 4303 743 4372 disserunt.
