2992 4844
258 323 320 386 dib

255 484 503 546 cohortationis
526 507 638 561 ureae,
662 505 738 544 cum
761 483 825 545 iste
847 486 1017 547 accusauit
1032 489 1071 550 C.
1095 488 1298 550 Norbanum

257 581 463 671 defendente
488 609 550 648 nte.

503 761 531 818 2.
573 760 670 816 Oratio
691 766 791 818 contra
812 761 845 820 C.
867 763 1043 821 Norbanum.
1482 789 1483 828 l

1482 839 1483 878 r

318 892 367 954 Ea
398 913 488 954 causa
517 902 586 953 acta
616 904 663 954 est
692 915 722 957 a.
753 893 816 958 660
846 893 928 978 (911).
959 895 1118 977 Sulpicius
1142 894 1184 959 C.
1211 897 1299 960 Nar·

256 997 381 1072 benum,
402 991 560 1056 hominem
584 994 780 1072 seditiosum,
803 997 876 1080 lege
894 998 1052 1079 Appuleia
1077 1001 1114 1060 de
1138 996 1299 1062 maiestate

254 1093 424 1160 accusavit.
452 1093 515 1157 Sed
534 1097 695 1161 Antonius
718 1120 788 1162 eum
813 1099 955 1162 defendit
977 1113 1009 1164 et
1030 1099 1185 1164 servavit.
1218 1099 1297 1164 Vid.

256 1195 397 1262 Antonii
418 1208 498 1258 orat
523 1221 558 1279 p.
582 1200 655 1262 287.

315 1296 387 1361 Cic.
412 1300 449 1361 de
474 1299 567 1370 Orat.
591 1303 623 1380 2,
648 1303 701 1366 21.
749 1305 922 1388 Sulpicius
943 1304 1119 1368 accusauit
1142 1309 1179 1372 C.
1195 1308 1298 1370 Nor·

251 1403 376 1464 banum
402 1399 610 1482 defendente
640 1385 718 1470 mel
743 1409 824 1471 uon
855 1421 907 1470 ec
935 1408 1118 1484 cresum,
1143 1407 1226 1492 quc
1246 1407 1298 1469 a.

251 1515 377 1566 teresse
406 1505 490 1566 milri
520 1506 566 1568 sit
595 1507 706 1570 uisum
735 1509 825 1571 inter
855 1532 932 1571 eum
963 1510 1022 1592 qui
1051 1522 1124 1572 tum
1146 1522 1241 1584 erat,
1266 1521 1298 1570 et

250 1605 308 1689 qui
330 1626 422 1669 anno
455 1619 534 1668 ante
562 1606 700 1690 fuerat.
735 1611 886 1675 Omnino
915 1611 950 1671 in
980 1611 1067 1672 illud
1087 1618 1197 1691 genus
1219 1633 1297 1672 eum

251 1710 371 1772 Crassi
405 1709 632 1790 magnificum
669 1723 771 1794 atque
800 1713 1021 1792 praeclarum
1057 1721 1186 1771 natura
1220 1710 1297 1791 ipsa

250 1809 414 1883 ducebat,
444 1810 505 1872 sed
534 1831 575 1872 ea
605 1831 673 1873 non
705 1813 791 1874 satis
815 1813 991 1893 proficere
1009 1811 1201 1892 potuisset,
1226 1813 1296 1874 nisi
1370 1835 1372 1840 ·

252 1913 370 1976 eodem
392 1913 508 1976 studio
530 1923 632 1996 atque
654 1913 845 1975 imitatione
876 1913 1094 1988 intendisset,
1120 1909 1223 1996 atque
1245 1914 1295 1976 ita

251 2016 364 2078 dicere
386 2027 592 2090 consuesset,
616 2027 655 2078 ut
676 2025 749 2078 tota‘
771 2025 882 2076 mente
898 2019 1062 2079 Crassum
1084 2027 1186 2097 atque
1201 2017 1294 2079 omni

247 2119 365 2180 animo
387 2118 591 2180 intueretur.
914 2123 938 2178 ,“

259 2240 263 2254 ‘
312 2220 396 2282 lbid.
422 2222 450 2292 l,
475 2222 526 2294 tl,
553 2218 624 2282 197.
670 2222 887 2302 Quamquam
911 2219 1121 2304 tequidem,
1149 2219 1291 2300 Sulpici,
1320 2213 1321 2216 '

247 2322 330 2406 quid
351 2324 413 2383 boc
436 2320 593 2394 doceam,
620 2321 679 2403 qui
708 2321 743 2382 in
764 2322 960 2384 accusando
981 2321 1095 2384 sodali
1118 2344 1193 2384 meo
1215 2334 1291 2384 tan·

247 2436 320 2486 tum
342 2423 535 2485 incendium
558 2443 627 2486 non
652 2424 810 2487 oratione
840 2428 952 2487 solum
975 2424 1163 2487 sedetiam
1185 2428 1293 2486 multo

247 2525 361 2608 magis
376 2525 408 2587 vi
422 2537 455 2588 et
469 2525 588 2588 dolore
609 2537 643 2588 et
664 2526 793 2590 ardore
813 2526 922 2589 animi
944 2527 1156 2600 concitares,
1173 2539 1212 2589 ut
1227 2547 1293 2608 ego

248 2628 294 2690 ad
308 2627 345 2690 id
359 2627 641 2709 restinguendum
663 2627 724 2690 uicc
747 2649 893 2692 conarer
907 2629 1094 2692 accedere?
1110 2629 1292 2692 Habueras

203 2801 206 2808 ¹
246 2731 337 2793 enim
364 2741 402 2792 tu
430 2729 548 2792 omnia
576 2731 610 2796 in
643 2751 750 2793 causa
786 2731 991 2812 superiora,
1025 2731 1115 2802 vim,
1135 2728 1288 2819 fugam,

245 2831 509 2913 lapidationem,
541 2833 779 2895 crudelitatem
806 2833 1022 2896 tribunitiam
1050 2833 1085 2894 in
1108 2832 1290 2914 Caepionis

245 2934 347 3016 gravi
362 2933 613 3017 miserabilique
635 2956 718 2996 casu
740 2936 776 2997 in
798 2935 966 2997 iudicium
987 2936 1147 3008 vocabas,
1169 2934 1290 2997 deinde

243 3035 436 3117 principem
451 3047 483 3097 et
499 3048 639 3099 senatus
654 3049 686 3100 et
709 3037 869 3113 ciuitatis,
887 3041 943 3101 M.
961 3038 1157 3111 Aemilium,
1176 3037 1289 3117 lapide

241 3157 446 3219 percussum
475 3158 549 3199 esse
579 3140 777 3215 constabat,
810 3141 842 3202 υἱ
867 3142 1008 3222 pulsum
1030 3161 1077 3200 ecc
1099 3141 1225 3220 templo
1246 3143 1287 3200 L.

245 3243 382 3304 Cottam
403 3251 435 3301 et
458 3243 500 3303 Τ.
526 3241 689 3316 Didium,
713 3263 791 3303 cum
813 3243 1021 3304 intercedere
1044 3243 1163 3302 vellent
1186 3261 1290 3322 roga-

244 3339 351 3415 tioni,
374 3361 474 3404 nemo
501 3355 639 3424 poterat
667 3365 807 3426 negare.
852 3341 1060 3416 Accedebat,
1086 3353 1124 3401 ut
1146 3343 1228 3402 haec
1250 3354 1289 3403 tu

243 3443 439 3506 adolescens
458 3465 526 3526 pro
549 3446 722 3527 republica
744 3445 842 3529 queri
863 3462 998 3505 summa
1020 3463 1099 3503 cum
1118 3441 1288 3523 dignitate

243 3546 498 3620 existimarer-e,
523 3569 601 3629 ego,
625 3551 727 3610 bomo
749 3544 937 3617 censorius,
963 3543 1024 3606 cicc
1046 3545 1132 3606 satis
1147 3546 1287 3606 honeste

242 3649 378 3712 uiderer
404 3649 607 3712 seditiosum
641 3649 746 3710 ciuem
775 3660 808 3710 et
842 3648 877 3709 in
912 3646 1060 3708 hominis
1092 3646 1287 3708 consularis

242 3753 437 3821 calamitate
463 3752 635 3814 crudelem
653 3771 757 3831 posse
779 3746 980 3837 defendere.
1025 3752 1138 3812 Erant
1164 3750 1288 3831 optimi
1475 3783 1483 3826 ς

241 3857 330 3919 ciues
353 3855 501 3928 iudices,
526 3853 694 3915 bonorum
717 3851 872 3913 virorum
896 3854 1036 3932 plenum
1045 3848 1200 3941 forum,
1224 3853 1286 3916 vix

240 3969 280 4020 ut
302 3958 386 4020 mihi
405 3957 518 4020 tenuis
540 3955 710 4040 quaedam
741 3954 840 4016 venia
868 3954 1011 4015 daretur
1034 3953 1282 4026 excusationis,

154 4121 160 4134 ,
239 4062 334 4148 quod
370 4071 486 4145 tamen
522 4077 600 4120 eum
636 4053 876 4145 defenderem,
913 4056 971 4140 qui
1006 4057 1089 4118 mihi
1121 4068 1285 4141 quaestor

229 4159 383 4247 fuisset.

305 4260 378 4324 Cic.
404 4265 441 4326 de
464 4261 565 4328 Offic.
590 4263 628 4337 2,
655 4262 705 4330 tt.
749 4263 866 4327 Etiam
896 4264 935 4324 P.
960 4261 1103 4342 Sulpicii
1124 4263 1283 4343 eloquen-
