2984 4842
238 360 298 422 398

328 577 355 632 2.
398 577 500 633 Oratio
522 581 620 632 eontra
641 575 832 646 Oppianicum
853 576 882 631 in
903 590 990 631 cansa
1012 575 1194 632 Cluentiana.

303 709 385 771 Vide
395 720 614 791 argumentum
628 705 786 773 orationis
806 705 975 771 Ciceronis
991 727 1052 788 pro
1068 709 1112 771 A.
1132 706 1283 771 Cluentio

239 810 352 875 Avito.

472 967 617 1028 Lxxvss.
659 969 770 1027 Servius
792 968 929 1042 Sulpicius
950 969 1047 1039 llulus.

303 1099 381 1164 Eius
409 1114 500 1182 pater
532 1101 673 1185 equestri
706 1102 798 1176 loco,
834 1123 911 1165 avus
941 1100 1025 1164 nulla
1052 1101 1168 1164 illustri
1194 1100 1286 1162 laude

237 1204 428 1266 celebratus.
454 1202 528 1269 Cic.
550 1227 584 1286 p.
613 1205 752 1268 Murena
776 1225 806 1265 c.
837 1204 866 1264 7.
895 1200 1035 1268 Videtur
1058 1221 1125 1263 esse
1149 1212 1238 1264 natus
1258 1225 1284 1263 a.

237 1306 298 1369 610
321 1307 412 1386 (106)
439 1306 489 1369 vel
513 1328 543 1370 a.
568 1307 630 1371 660
653 1308 741 1386 (101)
767 1326 829 1368 uno
857 1316 976 1367 tantum
1002 1304 1168 1366 duobusve
1195 1303 1283 1366 anuis

237 1408 341 1472 minor
359 1430 452 1494 quatu
472 1407 604 1484 Cicero,
623 1407 677 1494 qui
700 1430 771 1471 eum
796 1406 958 1492 aequalem
975 1406 1114 1488 appellat
1130 1407 1162 1468 in
1181 1409 1283 1469 Bruto

235 1534 265 1574 c.
290 1514 348 1585 10,
376 1513 449 1576 150.
479 1513 539 1588 lli,
570 1513 640 1574 156.
675 1510 803 1573 Ellendt
826 1532 860 1590 p.
890 1508 973 1573 CIV
998 1509 1121 1582 scribit,
1138 1507 1285 1572 Servium

238 1637 266 1676 a.
297 1614 358 1676 680
391 1615 460 1694 (71)
495 1625 722 1698 quaestorem,
758 1633 786 1673 a.
824 1611 884 1673 686
917 1609 1147 1687 (69)“ειεᾱίΙειη
1177 1610 1286 1674 luisse.

237 1718 427 1779 Praetura.
463 1716 523 1778 689
551 1718 631 1793 (66).
664 1713 787 1775 Deinde
816 1713 1013 1775 consulatum
1039 1723 1149 1793 petens
1171 1734 1197 1778 a.
1224 1713 1284 1776 691

236 1819 304 1895 (63)
327 1818 487 1898 repulsam
508 1817 591 1890 tulit,
618 1837 676 1878 nec
704 1826 774 1876 ante
801 1835 830 1875 a.
860 1814 920 1874 703
945 1815 1012 1890 (61)
1038 1835 1108 1876 eum
1136 1813 1285 1880 obtinuit.

236 1922 274 1983 In
296 1921 380 1982 bello
402 1919 492 1982 civili
516 1917 665 1982 Caesaris
690 1929 797 1998 partes
821 1927 958 1990 secutus,
982 1917 1022 1976 ab
1045 1936 1149 2001 euque
1172 1938 1201 1977 a.
1224 1918 1285 1981 709

237 2021 306 2106 (16)
322 2023 497 2102 proconsul
513 2019 656 2082 Achaiae
678 2019 781 2081 lactus
805 2030 865 2082 est.
889 2017 1015 2082 Deinde
1032 2017 1171 2082 Caesare
1187 2018 1285 2082 inter·

235 2124 323 2188 fecto
341 2125 472 2186 consilia
497 2135 620 2186 senatus
645 2121 808 2196 adiuvans,
832 2121 864 2183 in
888 2119 1049 2204 legatione
1071 2121 1227 2184 Mutinam
1246 2126 1285 2184 ad

238 2225 412 2290 Antonium
442 2225 626 2307 profectus,
655 2247 685 2287 a.
712 2227 769 2286 711
798 2225 867 2304 (tu)
895 2223 977 2286 diem
1001 2224 1093 2295 obiit.

300 2347 423 2409 Orator
451 2344 604 2422 celebris,
633 2358 664 2408 at
690 2344 848 2408 celebrior
877 2343 955 2406 iuris
992 2347 1168 2422 consultus,
1191 2357 1221 2408 et
1245 2365 1284 2407 eo

237 2447 434 2530 potissimum
459 2448 585 2511 nomine
609 2471 624 2510 a
655 2450 777 2529 populo
811 2467 946 2512 romano
976 2448 1156 2511 consulatus
1185 2452 1285 2523 slatus,

238 2561 271 2612 ut
293 2551 359 2614 Dio
383 2550 513 2615 Cassius
544 2550 622 2614 dicit
645 2552 669 2614 l.
701 2553 757 2628 10,
789 2553 841 2616 68.
883 2555 1005 2615 Extant
1037 2551 1172 2633 plurima
1195 2551 1285 2634 frag·

237 2665 339 2716 menta
357 2653 516 2716 librorum
539 2653 606 2716 eius
636 2657 677 2716 de
698 2654 781 2717 iure.
811 2658 920 2740 Atque
946 2653 1112 2736 Epistulae
1136 2653 1286 2718 candoris

238 2767 269 2818 et
302 2754 423 2839 ingenii
452 2757 565 2837 plenae
599 2759 638 2818 ab
669 2778 708 2820 eo
741 2756 897 2839 scriptae,
932 2756 1016 2819 inter
1044 2755 1215 2820 Ciceronis
1246 2759 1286 2817 ad
1338 2763 1339 2766 ’

237 2857 411 2921 familiares
431 2858 517 2920 libro
540 2869 655 2941 quarto
674 2860 777 2921 adhue
799 2872 977 2942 supersunt.
996 2858 1094 2924 Cous.
1116 2861 1285 2924 Robertus

238 2962 425 3025 Schneider
447 2961 700 3043 Quaestionum
725 2961 765 3024 de
791 2962 911 3026 Servio
934 2963 1086 3043 Sulpicio
1112 2960 1211 3050 Ruso
1226 2964 1284 3048 lu·

236 3065 446 3127 riseonsulto
470 3084 615 3150 romano
639 3061 818 3146 Speeimina
842 3067 905 3128 duo
928 3061 1059 3145 Lipsiae
1085 3063 1179 3127 1831.

301 3163 371 3230 Cic.
396 3167 489 3229 Brut.
510 3189 540 3228 o.
564 3167 616 3229 11.
662 3170 716 3230 De
739 3167 858 3232 Servio
881 3187 947 3249 ego
974 3167 1086 3229 dicum
1101 3167 1196 3251 quod
1212 3185 1286 3229 sen-

238 3268 299 3332 tio.
356 3271 438 3333 Non
477 3269 567 3332 enim
590 3266 708 3348 ¹facile
742 3291 842 3352 quem
875 3267 1026 3331 dixerim
1064 3272 1143 3350 plus
1180 3269 1287 3332 studii

237 3392 341 3454 quam
362 3371 460 3433 illum
485 3384 519 3434 et
544 3371 591 3433 ad
616 3370 797 3434 dicendum
828 3383 862 3432 et
888 3371 935 3432 ad
966 3392 1084 3434 omnes
1118 3371 1286 3433 bonorum

237 3457 354 3535 rerum
397 3473 596 3556 disciplinas
648 3474 858 3535 adhibuisse.
906 3495 987 3534 nam
1027 3483 1060 3535 et
1096 3472 1132 3533 in
1166 3471 1286 3536 iisdem

236 3576 544 3638 exercitationibus
578 3576 715 3638 ineunte
753 3587 866 3638 aetate
887 3573 1057 3664 fuimus,
1099 3585 1132 3636 et
1165 3585 1287 3656 postea

237 3699 307 3740 unu
333 3679 492 3743 Rhodum
523 3677 578 3740 itte
610 3675 715 3740 etiam
745 3675 928 3768 profectus
958 3689 1028 3752 est,
1064 3699 1132 3760 quo
1166 3676 1288 3739 melior

235 3792 324 3846 esset
353 3789 386 3843 et
415 3781 568 3854 doctior,
598 3791 631 3843 et
656 3779 735 3842 inde
766 3785 804 3841 ui
828 3777 951 3855 rediit,
980 3781 1115 3843 uidetur
1145 3779 1228 3841 mihi
1251 3777 1287 3840 in

237 3884 389 3947 secunda
409 3896 486 3946 arte
506 3883 643 3964 primus
670 3904 744 3944 esse
776 3881 938 3944 maluisse
972 3904 1075 3966 quam
1107 3881 1141 3944 in
1172 3879 1288 3964 primu

236 3987 420 4048 secundus.
453 3998 555 4069 atque
581 3984 675 4046 haud
705 3985 775 4046 scio
804 4005 849 4045 an
880 4005 947 4066 par
975 3983 1191 4066 principibus
1215 3981 1287 4045 esse

233 4087 417 4167 potuisset,
442 4085 503 4149 sed
512 4083 681 4176 fortusse
704 4085 847 4161 maluit,
873 4087 910 4148 id
935 4087 1027 4170 quod
1053 4085 1284 4168 ostendentur,

239 4187 341 4267 longe
357 4187 523 4263 omnium,
544 4207 613 4250 non
637 4186 790 4250 eiusdem
815 4188 917 4251 modo
931 4188 1065 4262 aetatis,
1090 4187 1152 4250 sed
1166 4208 1287 4251 eorum

237 4285 353 4360 etiam,
377 4288 437 4369 qui
450 4287 633 4376 fuissent,
662 4287 697 4349 in
725 4289 802 4352 iure
828 4290 918 4352 civiti
941 4309 1010 4352 esse
1026 4289 1202 4372 princeps.
