2970 4836
1207 363 1243 420 41

199 519 250 591 35,
276 517 335 593 3.),
360 536 480 599 eosque
503 526 683 598 prorogato
707 515 842 595 imperio
867 535 950 578 anno
976 516 1036 576 564
1060 516 1150 593 (490)
1177 518 1246 580 Ro-

201 621 299 682 mams
324 616 473 680 subiecit.
519 616 633 680 Livius
655 619 785 691 amn.
811 617 942 678 scribit:
982 621 1075 680 Dum
1101 621 1183 680 hoec
1212 621 1247 680 in

201 723 287 786 Asia
311 733 495 804 geruntur,
521 720 591 782 duo
606 716 697 808 fere
719 721 782 780 sub
806 719 896 782 idem
922 732 1057 800 tempus
1073 711 1159 782 'cnm
1185 721 1248 783 tri-

201 824 320 904 umphi
351 845 410 902 spe
436 824 659 902 proconsules
687 823 727 882 de
752 822 940 902 provinciis
966 827 1112 886 Romam
1139 825 1246 886 redie-

202 938 296 998 runt,
321 929 364 1006 Q.
378 923 558 987 Minucius
578 947 625 984 esc
647 924 849 1005 Liguribus,
879 925 1025 986 Munius
1047 926 1179 988 Acilius
1201 949 1248 988 ex

204 1028 351 1091 Aetolia.
390 1027 526 1089 Auditis
550 1027 728 1108 utriusque
752 1027 853 1087 rebus
879 1027 987 1106 gestis
1012 1028 1168 1090 Minucio
1190 1051 1248 1089 ne·

202 1142 306 1211 gntus
334 1129 543 1208 triumphus,
579 1129 691 1190 Acilio
725 1149 851 1209 magno
880 1150 1049 1190 consensu
1077 1130 1247 1193 decretus.

205 1229 354 1293 Minucio
389 1232 565 1312 negabatur
598 1229 721 1292 Catone
756 1229 955 1310 potissimum
990 1241 1141 1306 auctore,
1182 1243 1247 1294 tum

205 1333 279 1416 quia
311 1335 418 1394 decem
449 1331 594 1394 homines
622 1332 744 1395 liberos
774 1331 805 1392 in
832 1330 1002 1410 provincia
1033 1333 1248 1397 crudelissime

206 1434 386 1509 occidisset,
423 1445 454 1495 et
489 1433 692 1515 magistratus
732 1432 887 1495 Boiorum
925 1437 1147 1508 verberasset,
1183 1447 1247 1497 tum

208 1539 281 1620 quia
305 1537 336 1598 in
361 1535 514 1617 petitione
538 1535 692 1618 triumphi
717 1536 812 1596 multa
833 1534 953 1616 praelia
978 1536 1113 1617 fingeret
1140 1550 1171 1600 et
1192 1561 1250 1600 uu-

206 1661 324 1700 merum
356 1637 596 1701 interemtorum
624 1638 761 1700 hostium
790 1649 1014 1719 exaggeraret.
1052 1641 1143 1700 Tunc
1167 1640 1247 1702 enim

205 1741 369 1804 orationes
393 1742 433 1802 (le
455 1741 570 1802 decern
593 1742 787 1804 hominibus
807 1750 900 1822 atque
926 1741 967 1801 cle
979 1737 1097 1828 falsis
1118 1745 1249 1822 pugnis

205 1844 236 1904 iu
266 1845 440 1906 Thermum
472 1843 574 1904 dictae
608 1842 772 1918 videntur,
802 1863 882 1925 quae
912 1840 987 1904 satis
1016 1845 1248 1917 demonstrant,

207 1944 363 2008 Catonem
383 1967 447 2008 non
466 1947 567 2008 solum
591 1943 623 2006 in
645 1957 753 2006 senatu
776 1943 940 2024 triumpho
960 1943 1026 2006 eius
1049 1946 1250 2009 vehementer

206 2046 389 2123 obstitisse,
413 2049 469 2108 sed
496 2049 628 2108 eundem
655 2068 743 2108 reum
774 2066 902 2129 quoque
931 2045 1101 2108 rnaiestatis
1127 2050 1165 2108 ad
1189 2071 1249 2128 po-

205 2150 313 2231 pulum
337 2149 453 2230 egisse.
512 2151 582 2212 Hae
606 2149 767 2211 orationes
788 2147 887 2227 igitur
909 2170 938 2209 a.
958 2149 1018 2210 564
1041 2149 1131 2228 (490)
1149 2161 1248 2214 actae.

273 2251 394 2313 Gellius
415 2252 518 2314 XIII.
543 2253 593 2324 24,
618 2253 669 2312 ll.
708 2253 783 2314 Hoc
811 2262 939 2312 ornatus
965 2272 1064 2332 genus
1089 2250 1120 2312 in
1144 2251 1251 2314 crimi-

204 2376 244 2416 ne
265 2375 329 2415 uno
349 2353 487 2414 vocibus
511 2352 616 2414 multis
642 2365 735 2435 atque
762 2351 864 2414 saevis
888 2355 1082 2416 exstruendo
1109 2353 1161 2414 illc
1188 2366 1249 2416 tam

204 2467 281 2516 tunc
308 2458 363 2518 M.
394 2458 476 2518 Octo
502 2455 764 2538 antiquissimus
797 2455 831 2514 in
860 2455 1074 2516 orationibus
1097 2456 1171 2516 suis
1199 2478 1250 2517 ce-

204 2556 357 2632 lebravit,
383 2555 477 2618 sicuti
500 2556 534 2618 in
559 2557 638 2629 illa,
668 2577 754 2638 quoe
783 2555 949 2634 inscripta
979 2567 1030 2615 est
1062 2559 1113 2617 De
1138 2556 1251 2620 decem

206 2659 424 2733 hominibus,
460 2681 537 2719 cnm
576 2661 766 2720 Thermum
795 2655 988 2729 accusauit,
1019 2658 1111 2739 qnod
1139 2658 1252 2721 decem

209 2761 335 2822 liberos
365 2761 521 2822 homines
549 2761 667 2822 eodem
696 2772 847 2841 tempore
877 2755 1131 2846 interfecisset,
1167 2759 1252 2823 hisce

209 2862 318 2925 verbis
351 2865 481 2924 eandem
516 2861 663 2924 omnibus
695 2882 760 2923 rem
798 2859 1051 2943 significantibus
1080 2881 1154 2924 usus
1188 2875 1251 2936 est,

211 2985 293 3048 quae
318 2964 466 3048 quoniam
491 2975 563 3026 suut
588 2962 787 3047 eloquentiae
810 2962 924 3023 latinae
948 2975 1022 3024 tunc
1041 2962 1175 3043 prImum
1196 2987 1254 3026 ex-

212 3065 346 3128 orientis
373 3066 487 3128 Iumina
514 3070 665 3150 quaedam
694 3063 874 3138 sublustria‚
899 3063 1020 3124 libitum
1048 3077 1094 3127 est
1118 3087 1153 3128 ea
1178 3066 1253 3128 mihi

207 3163 503 3253 ἀπομνημονεύεινε

273 3273 389 3332 Tuum
410 3267 590 3359 ufforium
610 3268 764 3359 fucinus
789 3269 908 3350 peiore
920 3267 1093 3359 facinore
1118 3271 1253 3352 operire

204 3375 379 3454 postulas,
409 3373 580 3434 succidias
613 3375 782 3434 humanus
799 3369 925 3461 fucis,
956 3384 1072 3434 tantus
1100 3373 1253 3434 trucido-

211 3474 323 3536 tiones
338 3472 456 3563 socis,
491 3474 606 3536 decem
623 3472 767 3564 funere
786 3471 903 3562 fucis,
934 3475 1048 3536 decem
1071 3475 1187 3556 capitu
1214 3475 1253 3536 ti-

209 3577 291 3637 bere
308 3576 492 3652 interficis,
513 3576 627 3638 decem
647 3576 841 3638 hominibus
863 3576 967 3638 vitum
987 3577 1105 3658 eripis,
1125 3576 1255 3639 indicta

210 3699 327 3752 causo,
355 3677 569 3750 iniudicatis,
596 3678 880 3740 incondemnatis.

239 3819 370 3878 sermore]
398 3823 516 3867 Decetia
539 3825 592 3866 cod.
612 3823 690 3881 regio.
725 3823 833 3869 Dilbuer.

246 3947 376 3992 succidiae
398 3945 522 3990 humanos
536 3943 620 4005 sucis]
649 3948 763 3992 Homines
783 3948 882 4006 occidis,
907 3954 1007 3992 mactas.

246 4079 330 4116 tantos
351 4045 543 4128 trucidationes]
574 4071 682 4116 Tantum
701 4071 902 4116 trucidationem.
932 4070 990 4116 Cod.
1011 4085 1063 4128 reg·
1094 4069 1200 4112 Ditbuer.

275 4193 389 4253 Festus
409 4195 633 4254 Sacramento
655 4215 691 4272 p.
711 4192 785 4253 344.
811 4193 1017 4252 Sacramenta
1037 4187 1153 4249 dicitur
1169 4190 1256 4270 qrrod

211 4291 432 4371 (iurisiurandi
466 4293 659 4370 saerati)one
694 4291 881 4372 interposita
915 4301 1018 4351 actum
1050 4301 1108 4351 est.
1151 4290 1255 4366 (Unde
