2976 4844
1133 348 1174 408 05

128 495 243 582 antiqui
269 499 439 560 secuudum
467 499 645 583 analogiam
674 501 784 564 Anien
811 501 1041 566 nominativum
1061 503 1174 586 prole·

127 603 251 662 rebant.
297 605 385 666 Cato
407 613 531 665 contra
555 602 757 666 Veturiam:
788 607 925 690 Aquam
948 607 1117 670 Anienam
1138 608 1172 670 in

126 703 321 766 sacrariam
351 701 490 794 inferre
514 706 714 786 oportebat:
741 727 809 770 non
834 708 947 772 minus
972 721 1089 774 autem
1105 713 1176 776 XV

126 807 235 869 millia
261 807 373 871 Anien
394 807 503 870 abest.

156 967 249 1012 aquam
267 950 403 1011 hunum]
434 953 474 998 Sic
498 954 624 1011 legendnm
643 955 735 998 monuit
755 955 839 1000 luctus
859 956 956 1013 Lipsius
976 959 998 1004 io
1020 955 1171 1008 Vuntnctt.

194 1037 220 1095 3,
244 1041 285 1086 11.
309 1046 333 1086 ct
351 1041 465 1086 Krshlios
485 1042 509 1085 in
532 1042 651 1086 Addcndis
669 1043 698 1085 ad
718 1043 789 1088 'l'otm
809 1041 834 1088 2.
858 1059 880 1100 p.
900 1043 961 1092 dli.
985 1059 1077 1106 aquam
1097 1044 1173 1091 Anie-

193 1143 251 1173 nem
275 1131 365 1188 vulgo,
395 1132 457 1187 qnod
489 1131 568 1174 errori
600 1130 770 1187 tribuendum
803 1133 913 1176 adiectiri
941 1135 1004 1177 enim
1034 1135 1112 1178 forins
1137 1141 1174 1180 est

193 1216 318 1272 Manae,
341 1231 367 1271 a,
392 1231 442 1272 nm,
466 1223 492 1262 nt
509 1218 649 1263 Priscianus
673 1219 724 1273 ipse
749 1219 818 1263 dcccl
837 1219 868 1267 T.
891 1219 915 1264 1.
938 1234 961 1275 p.
989 1215 1031 1266 9³.

155 1321 254 1384 autem]
284 1326 374 1370 addidit
391 1325 468 1372 ttratn
486 1327 510 1370 in
530 1325 653 1370 Addeodis
673 1326 690 1371 Ι,
711 1327 729 1370 Ι.
749 1339 779 1370 cx
797 1325 929 1380 codicibus,
950 1328 1006 1371 item
1028 1327 1170 1372 Duobucrus

196 1426 226 1457 ex
247 1414 302 1461 cod.
328 1415 406 1472 ragio.

157 1517 254 1578 millia]
285 1519 399 1566 mutilas
418 1522 458 1566 ed.
483 1521 560 1567 linit.
576 1533 615 1576 sp.
630 1517 732 1564 notaui
755 1532 778 1576 p.
803 1515 861 1566 120.

189 1638 376 1704 Priscianus
402 1641 445 1703 Τ.
474 1643 504 1703 1.
527 1661 561 1722 p.
583 1639 658 1702 365.
696 1637 793 1702 ditur
817 1637 910 1702 eliam
933 1661 996 1723 pro
1010 1639 1064 1719 fit
1086 1641 1172 1704 dice·

125 1745 213 1806 bant.
272 1745 328 1807 Μ.
358 1746 444 1808 Cato
481 1743 667 1807 Censorius
700 1741 736 1804 in
768 1747 811 1826 Q.
830 1745 1040 1808 Thermum:
1076 1747 1172 1809 Post-

124 1866 229 1929 quam
256 1845 389 1908 diutius
409 1844 520 1923 fitur.
574 1846 663 1908 Idem
696 1845 738 1908 de
772 1851 812 1910 L.
837 1847 1006 1912 Veturio:
1037 1850 1173 1912 Graeco

125 1950 197 2012 ritu
215 1947 399 2025 fiebantur
426 1949 641 2013 Saturnalia.

189 2052 311 2114 Gellius
340 2053 369 2126 t,
395 2051 449 2114 22.
488 2049 592 2113 Nimis
623 2049 735 2136 pingui
766 2049 888 2115 homini
917 2063 948 2115 et
978 2053 1171 2134 corpulento

125 2174 275 2218 censores
299 2176 414 2238 equum
441 2152 580 2217 adimere
607 2153 738 2230 solitos,
766 2151 905 2228 scilicet,
933 2153 1034 2218 minus
1059 2153 1172 2219 idone-

124 2279 195 2332 um,
221 2268 327 2330 ratos,
350 2275 419 2318 esse
445 2275 516 2317 cum
542 2255 621 2318 tanti
644 2255 794 2338 corporis
821 2261 966 2338 pondere
989 2262 1029 2321 sd
1050 2259 1172 2322 facien·

126 2362 198 2421 dum
225 2357 340 2442 equitis
365 2379 489 2421 munus.
535 2359 610 2421 Nou
637 2359 718 2422 enim
745 2381 848 2440 poena
872 2359 906 2422 id
931 2360 1011 2435 suit,
1042 2372 1076 2422 ut
1101 2361 1173 2444 qui·

126 2463 196 2523 dam
220 2461 414 2535 existimant,
441 2463 497 2524 sed
523 2481 634 2524 munus
656 2461 722 2524 sinc
741 2460 916 2543 ignominia
936 2461 1171 2525 resiiittebatnr.

126 2567 248 2628 Tamen
279 2568 366 2630 Cato
392 2565 429 2626 in
458 2563 637 2638 oratione,
668 2584 773 2646 quam
801 2564 844 2625 de
872 2563 1052 2641 sacrificio
1080 2575 1173 2626 com·'

126 2669 233 2731 misso
264 2667 429 2751 scripsit,
461 2667 577 2730 obiicit
611 2669 699 2728 hane
732 2687 807 2728 rem
838 2665 1080 2742 criminosius,
1121 2666 1173 2729 uti

125 2771 239 2854 magis
262 2771 374 2833 videri
395 2769 509 2853 possit
533 2791 612 2832 cunt
630 2768 825 2851 ignominia
837 2766 980 2859 faisse.

190 2875 381 2936 Plutarchus
403 2872 462 2935 vit.
485 2871 562 2936 Cat.
589 2871 621 2935 9.
663 2869 730 2938 Τὸν
757 2874 793 2937 δὲ
818 2867 1008 2961 ὑπέρπαχυν
1035 2871 1173 2952 κακίζων

127 2977 226 3050 ..Ποῦ
248 2972 278 3042 δ’
297 2973 348 3056 ἂν,
376 2976 450 3068 ἔφη,
476 2977 571 3062 σῶμα
595 2975 748 3041 τοιοῦτον
773 2975 810 3067 τῇ
832 2969 927 3040 πόλει
950 2977 1078 3059 γένοιτο
1092 2968 1173 3064 χρὴ

126 3101 233 3163 σιμον,
260 3069 300 3145 οὗ
322 3075 360 3144 τὸ
374 3075 495 3164 μεταξὺ
518 3079 641 3164 λαιμοῦ
663 3081 718 3142 καὶ
742 3072 920 3160 βουβώνων
941 3077 1007 3143 πᾶν
1028 3071 1092 3142 ὑπὸ
1116 3076 1174 3156 τῆς

125 3178 270 3269 γαστρὸς
291 3185 507 3268 κατέχεται,·“

160 3301 219 3357 Τὸν
236 3299 418 3380 ὖπέρπαχυν]
449 3309 478 3352 ad
500 3307 528 3352 L.
553 3307 680 3352 Veturium
705 3307 858 3353 referendum
884 3307 1001 3352 arbitror.

189 3427 313 3492 Gellius
337 3430 388 3507 17,
413 3429 444 3492 9.
479 3427 655 3492 Sanctitas
674 3438 704 3488 et
727 3427 957 3489 sanctimonia
981 3445 1044 3488 non
1071 3425 1171 3488 minus

126 3528 220 3593 latine
250 3529 418 3606 dicuntur,
447 3533 500 3594 sed
529 3529 639 3593 nescio
670 3527 749 3612 quid
775 3527 904 3590 iunioris
934 3526 1097 3609 dignitatis
1126 3537 1174 3589 est

128 3635 259 3697 verbum
284 3635 504 3708 saucianda,
538 3631 632 3696 sicuti
662 3634 718 3695 M.
747 3633 833 3695 Cato
860 3631 895 3691 in
919 3634 958 3692 L.
988 3629 1172 3694 Veturiam

126 3735 360 3801 claritudinem
396 3759 491 3822 quam
523 3735 688 3798 duritiem
722 3731 830 3796 dicere
865 3731 997 3818 gravius
1033 3729 1170 3812 putarit.

127 3839 194 3920 Qui
213 3840 319 3916 illius,
341 3839 457 3925 inquit,
477 3837 727 3922 impudentiam
746 3849 850 3900 norat
869 3849 901 3900 et
921 3833 1170 3898 claritudinem.

189 3941 315 4005 Nonius
347 3965 381 4024 p.
410 3943 483 4005 100.
536 3941 714 4005 Daritudo
748 3961 810 4020 pro
845 3938 973 4001 duritia.
1020 3939 1105 3999 Cato
1135 3936 1171 3994 in

129 4045 331 4108 Veturium:
353 4046 422 4128 Qui
444 4045 551 4119 illias,
576 4043 698 4128 inquit,
724 4041 993 4124 imprudentiam
1016 4047 1117 4098 norat
1139 4045 1171 4096 et

125 4145 374 4208 claritudinem.

159 4287 230 4349 cato]
262 4291 313 4336 lloc
331 4305 384 4336 cum
403 4292 484 4336 multis
506 4293 561 4336 aliis
580 4306 610 4338 ex
628 4291 708 4336 Gellio
732 4289 824 4334 Nonius
845 4287 916 4330 tacite
935 4285 1030 4328 sumsit.

173 4395 249 4434 tta-ri
260 4396 316 4434 orus.
324 4395 381 4434 Bon.
393 4396 471 4446 lingna.
488 4397 519 4435 cd.
529 4394 548 4436 2.
971 4385 989 4444 5
