2984 4842
256 350 319 414 sm

256 506 383 587 species
401 518 634 588 praestantem
659 507 842 581 habemns,
866 507 927 570 sed
949 507 984 568 in
1016 506 1191 584 omnibus,
1212 529 1299 592 quae

256 607 290 666 in
312 627 445 690 quoque
467 609 672 682 laudantur,
695 608 1013 672 eminentissimum.

318 725 453 809 Quintil.
470 729 525 804 tt,
545 728 600 803 ll,
619 728 671 790 27.
717 729 808 812 Quin
823 731 893 793 imo
910 730 941 793 si
955 733 1043 793 hane
1054 731 1300 814 cogitationem

181 857 188 864 ·
254 829 409 892 homines
430 829 644 906 habuissent,
674 842 712 893 ut
735 852 835 895 nemo
860 855 896 894 se
925 833 1101 896 meliorem
1117 832 1212 923 fore
1244 855 1296 909 eo,

255 931 314 1015 qui
335 931 483 1014 optimus
498 929 658 1020 fuisset,
688 934 937 1012 arbitraretur,
962 936 998 999 hi
1023 935 1108 1018 ipsi,
1137 936 1300 1020 quisunt

258 1032 389 1116 optimi,
410 1052 478 1094 non
489 1031 668 1122 fuissent,
689 1056 750 1098 nec
762 1048 841 1119 post
860 1038 1061 1101 Lucretium
1079 1059 1119 1100 ac
1135 1041 1299 1104 Macrum

258 1132 443 1214 Virgilius,
466 1156 526 1198 nec
546 1149 628 1218 post
654 1140 820 1202 Crassum
848 1152 882 1202 et
906 1141 1133 1204 Hortensium
1163 1140 1296 1216 Cicero,

255 1234 315 1298 sed
333 1255 394 1298 nec
417 1236 486 1313 illi,
510 1239 570 1322 qui
588 1252 670 1322 post
691 1262 751 1305 eos
762 1237 933 1331 fuerunt.

317 1355 431 1421 Schol.
451 1357 626 1424 Bobieusia
641 1360 673 1423 iu
690 1374 775 1425 orat.
791 1385 825 1445 p.
843 1363 968 1426 Archia
979 1387 1013 1448 p.
1027 1365 1099 1428 356.
1144 1370 1185 1429 L.
1208 1367 1300 1429 Hor·

252 1460 364 1523 tensio
377 1459 485 1538 filius
493 1461 580 1552 fuit
604 1468 645 1547 Q.
672 1467 898 1540 Hortensius,
920 1467 980 1549 qui
1003 1467 1215 1548 temporibus
1242 1468 1297 1531 M.

254 1564 514 1649 Tuliiquamcis
535 1579 650 1629 aetate
665 1568 873 1648 provectior,
887 1588 955 1629 non
974 1580 1087 1630 tamen
1095 1565 1296 1655 famosior,

253 1668 408 1730 oratoris
430 1688 554 1730 nomen
576 1667 734 1730 obtinuit.

287 1808 346 1868 non]
383 1810 464 1854 Maius
483 1813 592 1856 inseruit.

317 1929 495 2013 Appuleius
514 1929 680 2013 Apologia
706 1953 740 2012 p.
769 1931 829 1994 589
862 1934 912 1996 ed.
940 1932 1025 1995 Oud.
1050 1953 1298 2017 quamcumque

255 2033 446 2098 orationem
469 2032 642 2096 struxerit
666 2032 807 2109 Avitus,
834 2033 885 2097 ita
907 2035 968 2096 illa
991 2035 1058 2097 erit
1078 2035 1226 2118 undique
1242 2037 1298 2099 sui

251 2134 410 2227 perfecte
425 2136 593 2210 absoluta,
612 2146 651 2198 ut
665 2135 701 2196 in
717 2135 777 2198 illa
790 2156 850 2198 nec
865 2141 952 2201 Cato
963 2138 1171 2220 gravitatem
1184 2139 1296 2222 requi·

255 2254 312 2305 rot
331 2261 391 2302 nec
410 2237 546 2301 Laelius
575 2237 748 2300 lenitatem
775 2259 835 2300 nec
856 2241 1029 2303 Gracchus
1051 2241 1216 2323 impetum
1238 2259 1297 2302 nec

253 2348 382 2409 Caesar
409 2344 581 2415 colorem,
608 2359 668 2404 nec
694 2341 903 2406 Hortensius
934 2342 1209 2406 distributionem
1237 2365 1296 2405 nec

254 2450 378 2512 Calvus
396 2445 558 2528 argutias
583 2464 642 2505 nec
662 2443 914 2525 parsimoniam
938 2445 1110 2510 Salustius
1131 2467 1191 2508 nee
1213 2465 1297 2528 opu-

255 2549 395 2613 lentiam
418 2548 549 2612 Gicero.
989 2615 991 2620 ,

320 2653 448 2714 Pseudo
473 2687 486 2699 ·
509 2650 670 2713 Asconius
694 2649 726 2712 in
753 2647 896 2712 Divinet.
924 2673 957 2732 p.
985 2651 1039 2715 98.
1090 2651 1298 2716 Hortensius

244 2753 362 2847 facile
378 2765 412 2815 et
430 2753 593 2836 princeps
615 2753 649 2814 in
673 2763 795 2814 senatu
815 2763 960 2834 propter
982 2752 1193 2816 nobilitatem
1215 2765 1248 2816 et
1262 2753 1297 2816 in

244 2855 342 2945 foro
364 2857 406 2920 ob
428 2855 656 2938 eloquentiam
678 2877 745 2917 rea
766 2875 964 2918 causarum.

319 2959 468 3025 Sidonius
498 2956 640 3040 Epistol.
671 2952 735 3020 IV.
760 2956 793 3019 3.
837 2960 916 3022 Rex
939 2957 1174 3021 Theodericus
1195 2954 1298 3020 sentit

255 3075 295 3127 ut
308 3064 547 3148 Pythagoras,
566 3059 687 3124 dividit
709 3071 748 3121 ut
762 3063 938 3136 Socrates,
951 3048 953 3052 ’
964 3061 1117 3143 explicat
1132 3070 1170 3122 ut
1186 3063 1297 3136 Plato,

256 3165 410 3248 implicat
432 3176 470 3226 ut
499 3163 720 3238 Aristoteles,
753 3173 792 3224 ut
822 3162 1008 3226 Aeschines
1037 3163 1231 3236 blanditur,
1261 3173 1300 3224 ut

256 3270 504 3333 Demosthenes
519 3265 700 3337 irascitur,
725 3276 845 3327 vernat
867 3275 906 3326 ut
920 3265 1139 3338 Hortensius,
1163 3274 1300 3326 aestuat

255 3383 294 3434 ut
318 3373 503 3454 Cethegus,
535 3369 656 3431 incitat
688 3376 727 3430 ut
755 3368 879 3443 Curio,
915 3375 1074 3427 moratur
1101 3377 1139 3426 ut
1161 3364 1297 3440 Fabius,
1361 3399 1363 3404 ,

255 3475 396 3538 simulat
418 3484 457 3534 ut
479 3475 642 3548 Crassus,
668 3469 863 3534 dissimulat
884 3478 922 3528 ut
945 3468 1093 3540 Caesar,
1118 3466 1241 3529 suadet
1262 3479 1301 3530 ut

257 3580 362 3652 cato,
387 3576 563 3640 dissuadet
585 3586 623 3637 ut
646 3572 799 3655 Appius,
819 3566 1007 3653 persuadet
1028 3579 1067 3630 ut
1090 3569 1238 3632 Tullius.

291 3721 389 3782 vernat]
426 3722 536 3768 floridum
550 3723 642 3766 dicendi
655 3734 744 3780 genus,
764 3720 813 3763 site
826 3717 969 3771 Asiaticum,
982 3731 1029 3774 quo
1042 3717 1185 3762 Hortensius
1198 3715 1300 3759 maxime

328 3826 385 3856 usus
404 3817 454 3871 est,
474 3807 592 3869 siguificat
612 3809 733 3854 Sidonius.

696 3962 858 4020 Orationes.

320 4098 394 4164 Cic.
412 4100 504 4162 Brut.
521 4099 574 4161 94.
599 4121 605 4130 ·
620 4094 767 4161 Dicendi
786 4116 896 4179 genus
922 4091 1141 4184 quodfuerit
1155 4093 1191 4157 in
1207 4103 1303 4156 utro·

256 4221 320 4282 que
359 4212 552 4276 nostrum,
581 4199 757 4264 orationes
793 4198 972 4281 utriusque
1011 4191 1115 4260 etiam
1130 4218 1133 4220 ·
1151 4193 1302 4278 posteris

257 4301 384 4364 nostris
407 4303 616 4368 indicabunt.
