2966 4842
1194 369 1253 432 479

188 545 256 607 pra
288 524 425 606 cippum
457 523 573 588 iussit:
611 535 686 586 erat
712 523 803 586 enlm
832 527 997 605 parvulus
1024 536 1177 600 statura,
1215 539 1247 590 et

191 627 337 700 iurauit,
365 626 395 688 si
416 645 518 708 quam
542 625 706 688 iniuriam
728 629 815 690 Cato
836 627 982 690 Pollioni
998 627 1121 692 Asinio
1146 649 1246 690 accu-

191 729 302 792 satori
323 748 387 790 cuo
398 725 561 808 fecisset,
579 749 616 792 se
639 727 675 789 in
697 749 776 790 eum
798 727 997 790 iuraturum
1015 729 1243 803 calumniam,

190 853 249 892 nec
269 849 433 912 umquam
451 841 573 910 postea
588 829 697 893 Pollio
717 851 740 892 a
757 833 886 894 Catone
908 829 1152 914 aduocatisque
1169 833 1244 896 eius

189 944 253 994 aut
284 953 321 992 re
347 942 410 992 aut
438 931 540 994 verbo
567 931 715 994 uiolatus
731 944 794 994 est.

224 1077 250 1119 in
268 1071 332 1134 soro
355 1071 486 1135 Caesaris]
524 1077 558 1120 sic
585 1077 692 1122 correrit
713 1077 837 1136 Schniting
862 1092 886 1134 p.
911 1073 971 1128 2³8.
999 1076 1130 1139 inserere
1166 1083 1247 1139 vulgo.

257 1162 366 1207 Aliarum
388 1163 580 1208 coniecturarum
599 1166 657 1209 lectt
682 1167 828 1210 mentionem
848 1166 974 1211 Weiebert
999 1180 1021 1221 p.
1051 1165 1107 1215 119.
1140 1178 1176 1224 sq.

521 1327 550 1384 1.
591 1328 691 1386 Oratio
713 1346 766 1401 pro
786 1330 907 1388 Messio.

251 1459 381 1522 Ellendt
400 1480 434 1539 p.
464 1457 634 1522 CXXIII.
663 1459 795 1523 scribit:
830 1461 970 1542 „Messii
989 1483 1082 1526 causa
1108 1476 1243 1527 nonest

189 1560 305 1631 notior.
350 1561 412 1624 Sed
432 1559 599 1624 'credibile
630 1573 695 1635 est,
731 1583 799 1626 esse
833 1567 983 1640 eandem,
1017 1587 1109 1649 quam
1149 1565 1241 1628 etiarn

189 1661 308 1729 Cicero
326 1663 469 1727 defendit
493 1666 532 1726 ad
552 1676 733 1746 praetorem
759 1667 800 1728 P.
824 1665 999 1729 Isauricum
1024 1689 1054 1730 a.
1071 1670 1133 1729 700
1154 1668 1240 1748 (Att.

184 1766 252 1862 IV.
279 1767 344 1843 15).
391 1766 455 1830 Sed
481 1765 632 1850 quoniam
658 1767 820 1848 praetoris
847 1767 966 1830 nomini
991 1767 1072 1832 nihil
1098 1769 1239 1832 additum

187 1884 233 1934 est
250 1868 459 1942 aCicerone,
479 1867 652 1943 nescimus,
677 1881 780 1932 utrum
802 1869 939 1932 ambitus
954 1891 993 1932 an
1012 1871 1175 1952 peculatus
1197 1894 1237 1935 an

186 1973 432 2052 repetundarum
458 1992 531 2032 reus
559 1969 691 2033 luerit.“
747 1971 917 2034 Weicbert
942 1994 977 2053 p.
1014 1973 1074 2034 112
1106 1972 1240 2050 scribit,

187 2071 227 2136 C.
243 2071 399 2136 Messium
419 2071 579 2134 tribunum
603 2071 766 2154 pl.fuisse
787 2095 817 2135 a.
838 2074 898 2136 697
920 2077 1003 2150 (57),
1027 2094 1129 2158 eoque
1155 2096 1241 2139 anno

186 2178 225 2237 de
246 2175 442 2238 restituendo
465 2173 624 2239 Cicerone
647 2197 718 2237 cum
738 2174 873 2257 collegis
895 2187 1014 2256 septem
1037 2176 1242 2260 rogationem

185 2275 424 2361 promulgasse,
457 2290 569 2360 postea
612 2277 645 2340 in
685 2275 790 2340 Gallia
823 2279 906 2359 apud
935 2275 1106 2340 Caesarem
1143 2278 1241 2362 legati

185 2385 292 2444 Iocum
320 2377 505 2443 obtinuisse.
552 2375 854 2456 eiciuntur,
885 2379 997 2453 15,7.
1043 2380 1158 2443 Utrum
1186 2399 1241 2442 au·

185 2493 247 2545 tem
275 2481 307 2543 in
337 2481 385 2544 ius
411 2491 544 2546 vocatus
567 2480 684 2555 fuerit,
719 2484 807 2565 quod
833 2480 930 2565 legati
956 2502 1083 2544 munere
1114 2480 1241 2544 functus

184 2583 306 2647 nefarie
342 2583 476 2668 egisset,
508 2607 546 2647 an
578 2587 665 2669 quod
692 2596 782 2647 antea
803 2585 836 2648 in
865 2581 1028 2646 tribunatu
1062 2583 1094 2646 ri
1126 2596 1238 2666 aperta

185 2687 376 2769 Pompeium
414 2685 604 2761 adiuvisset,
633 2686 790 2751 incertum
825 2699 884 2752 est.
941 2683 1038 2753 Conf.
1072 2685 1239 2752 Drumann

184 2800 206 2854 t.
231 2791 263 2853 2.
291 2811 325 2872 p.
354 2791 427 2852 307.
451 2801 475 2852 t.
501 2790 532 2851 3.
554 2812 589 2871 p.
618 2792 693 2853 3211.

248 2894 368 2958 Seneca
385 2890 550 2956 Controv.
572 2893 609 2967 3,
634 2894 683 2957 19.
708 2916 741 2974 p.
761 2895 836 2956 258.
881 2895 1005 2957 Caluum
1030 2892 1066 2954 in
1086 2892 1236 2976 epilogo,

184 3015 284 3078 quem
301 3016 367 3075 pro
389 2995 523 3081 Messio
546 3005 626 3055 tunc
649 2995 753 3058 tertio
779 3015 921 3058 causam
943 2994 1075 3056 dicente
1106 2991 1236 3067 habuit,

184 3117 252 3160 non
271 3108 408 3160 tantum
424 3098 548 3160 leniter
569 3097 758 3177 componit,
786 3097 972 3162 sedetiam
1005 3097 1103 3159 dicit:
1138 3099 1236 3160 Cre·
1261 3139 1300 3164 1,

185 3199 274 3261 dite
303 3200 427 3274 mihi,
459 3220 539 3262 non
566 3212 631 3262 est
660 3211 785 3282 turpe
807 3199 1028 3275 misereri,
1059 3210 1093 3261 et
1119 3197 1237 3261 omnia

184 3300 219 3362 in
238 3300 298 3363 illo
313 3301 449 3385 epilogo
455 3301 547 3392 fere
563 3323 632 3366 non
657 3313 793 3365 tantum
818 3301 990 3365 emollitae
1016 3301 1237 3384 compositio·

184 3403 238 3465 nis
263 3405 430 3493 suntsed
451 3403 642 3494 infractae.

218 3554 276 3593 tunc
294 3547 378 3607 tertio]
414 3550 689 3605 attendentium.
712 3551 828 3605 explicet,
854 3552 971 3596 Messium
991 3550 1069 3596 tribus
1089 3548 1239 3595 orationibus

254 3649 265 3678 1
288 3636 363 3678 Calvo
381 3639 520 3689 defensum,
540 3637 582 3680 atii
602 3638 707 3691 melius,
726 3639 844 3681 Messium
867 3643 903 3682 ter
922 3642 1058 3682 accusatum
1076 3643 1100 3681 et
1119 3639 1142 3682 in
1166 3635 1237 3681 tertia

254 3722 405 3766 accusatione
424 3722 454 3764 ab
476 3722 550 3766 Calvo
574 3721 707 3766 defensum.

220 3805 266 3850 sed
282 3806 359 3850 etiarn
377 3806 448 3864 dicit]
485 3810 519 3853 sic
540 3809 665 3866 Schulting
685 3823 708 3864 p.
735 3805 796 3854 23⁹.
815 3809 861 3856 sed
882 3824 938 3856 cum
956 3809 1018 3855 dicit
1036 3811 1121 3870 vulgo.

523 3982 550 4037 5.
592 3978 691 4064 Oratio
711 3985 741 4040 ln
763 3984 896 4041 Asitium
971 4031 977 4042 .

248 4108 354 4174 Causa
379 4109 512 4174 incerta.

249 4214 356 4278 Tacit.
381 4210 472 4278 Dial.
497 4216 536 4278 de
565 4222 690 4276 orator.
716 4215 769 4278 21.
814 4219 892 4296 1pse
912 4210 995 4274 nulii
1022 4207 1146 4272 Caluus
1176 4205 1237 4302 uiae

183 4317 219 4378 in
236 4337 307 4380 una
326 4330 359 4382 et
386 4318 499 4380 altera
520 4313 741 4381 oratiuncula
764 4310 957 4403 satiffaeit.
975 4330 1037 4376 nae
1058 4305 1242 4373 dissentire
