2992 4840
1182 383 1241 444 187

194 536 295 603 Conl.
323 535 493 600 Onomast.
512 535 651 599 Tulliae.
676 559 704 598 s.
727 559 758 599 n.
804 537 927 600 Melius
953 545 1054 601 autem
1076 539 1242 602 Ferratius

194 641 226 704 iu
251 637 410 720 Epistolis
431 660 465 720 p.
484 638 562 713 251,
587 638 641 722 qui
660 641 705 703 L.
725 638 893 703 Aurelium
918 640 1048 705 Cottam
1073 641 1173 706 illium
1192 640 1242 704 in·

194 741 329 824 telligit,
353 761 488 824 eumque
517 753 593 822 post
618 751 820 823 praeturam,
844 755 1014 827 postquam
1039 742 1242 826 provinciam

196 841 410 918 obtinuisset,
442 863 566 904 causam
602 846 847 924 repetundarum
881 845 1019 921 dixisse,
1050 845 1242 928 aScipions

195 945 408 1028 postulatum,
432 947 631 1029 eundemque
658 946 854 1010 consulatum
879 947 1018 1012 triennio
1041 959 1116 1030 post
1138 948 1243 1030 Scipi·
1349 993 1352 1002 ,

196 1047 265 1112 onis
288 1057 424 1110 mortem
444 1067 474 1108 a.
492 1046 553 1110 635
570 1048 660 1126 (119)
684 1051 831 1130 adeptum
851 1071 920 1113 esse
936 1049 1061 1113 scribit.
1086 1051 1243 1115 Priorem

195 1154 348 1224 Cottam,
382 1149 427 1211 ait
446 1148 627 1225 Fet-ratius,
655 1171 819 1214 accusare
842 1152 884 1215 de
909 1153 1108 1235 repetundis
1128 1153 1244 1235 Scipio

196 1253 247 1316 bis
266 1254 388 1314 consul
414 1271 483 1315 non
507 1253 640 1334 potuit,
665 1275 744 1316 eum
764 1275 833 1317 non
853 1255 1007 1336 potuerit
1032 1259 1134 1320 Cotta
1157 1255 1243 1318 duo·

197 1355 305 1418 <lecim
327 1373 440 1416 annos
459 1369 540 1436 post
566 1358 783 1419 consulatum
800 1357 961 1440 priuatus
988 1357 1140 1420 obtinere
1162 1377 1244 1438 pro·

196 1457 356 1520 vinciam.
404 1457 448 1524 iis
467 1456 558 1519 enim
583 1459 796 1540 temporibus
815 1459 946 1541 privati
970 1479 1039 1523 non
1066 1459 1245 1522 mitteban-

197 1572 255 1622 tur
278 1559 313 1620 in
328 1559 530 1641 provincias
552 1581 630 1620 cum
646 1561 805 1642 imperio.
826 1561 1003 1643 posterior
1019 1561 1129 1644 igitur·
1145 1565 1246 1626 Cotta

198 1662 442 1746 significatur,
468 1663 527 1744 qui
553 1663 698 1745 adeptus
721 1674 772 1725 est
796 1666 1013 1727 consulatum
1031 1675 1113 1745 post
1135 1663 1244 1746 Scipi-

198 1765 276 1828 onis
299 1776 464 1840 mortem,
488 1776 522 1827 et
544 1785 688 1827 causam
714 1766 809 1828 illam
828 1765 921 1828 dixit
940 1764 1152 1848 praetorius,
1176 1785 1244 1830 non

199 1867 404 1930 consularis.
451 1868 595 1930 Eundem
613 1867 742 1932 Cottam
756 1868 857 1931 filium
871 1867 1110 1954 intelligendum
1131 1867 1242 1951 opina·

200 1983 253 2032 tur
280 1971 380 2034 Klotz
406 1966 543 2033 Ciceros
567 1972 679 2034 Reden
706 1972 748 2034 Τ.
767 1972 800 2033 2.
824 1994 858 2052 p.
876 1971 950 2033 664.

265 2128 307 2209 Q.
334 2125 496 2192 Caecilius
519 2129 671 2191 Metellus
693 2129 926 2193 Macedonicus
952 2126 1080 2193 Cottam
1107 2127 1248 2191 defendit

201 2228 445 2314 orationemque
467 2241 579 2292 eontra
603 2230 787 2313 Scipionem
811 2230 939 2306 habuit,
969 2251 1108 2315 quocum
1136 2232 1248 2294 multas

89 2355 94 2366 ·
201 2331 381 2395 iuimicitias
403 2353 558 2396 exercere
577 2335 710 2396 solebat.
748 2333 828 2397 Vid.
850 2354 946 2414 snpra
972 2356 1006 2416 p.
1026 2333 1099 2395 159.

265 2479 363 2546 Cotta
397 2482 562 2545 absolutus
594 2494 641 2544 est
670 2480 811 2566 nequitia
844 2480 1007 2556 iudieum,
1041 2479 1084 2540 ita
1112 2490 1145 2541 ut
1170 2483 1249 2543 haee

202 2606 332 2670 quoque
359 2607 453 2648 eausa
477 2587 571 2664 (teste
585 2583 752 2666 Appiano)
772 2581 814 2646 C.
838 2582 990 2645 Graccho
1013 2602 1118 2642 ansam
1144 2584 1248 2657 daret,

201 2685 536 2752 iudicia‘senatoribus
556 2684 713 2769 eripiendi
739 2684 962 2770 equitibusque
985 2681 1211 2746 transferendi.

267 2835 397 2899 Cottam
420 2849 543 2918 patrem
568 2857 631 2898 non
654 2834 786 2898 meliore
808 2835 892 2896 fama
920 2854 1008 2896 usum
1026 2853 1120 2916 quam
1135 2833 1246 2907 lilium,

208 2960 248 3002 ex
275 2938 362 3002 dieto
385 2937 524 3001 eiusdem
549 2937 711 3019 Scipionis
736 2948 893 3020 apparet,
917 2938 1005 3020 quod
1029 2938 1112 3016 apud
1135 2937 1249 2998 Valer.

209 3042 305 3104 Max.
330 3043 366 3116 b,
393 3044 428 3114 lt,
453 3043 485 3104 2.
510 3051 609 3104 extat.

1294 3160 1303 3185 Ι

269 3207 389 3272 Cicero
415 3229 477 3289 pro
501 3207 641 3271 Murena
664 3207 722 3283 28,
746 3205 800 3270 58.
846 3205 905 3269 Bis
928 3203 1190 3298 consulsuerat
1210 3211 1248 3273 P.

206 3308 404 3400 Africanus
425 3323 458 3374 et
479 3311 568 3374 duos
588 3323 742 3374 terrores
770 3307 873 3372 huius
895 3309 1044 3391 imperii,
1068 3311 1252 3394 Carthagi-

205 3435 282 3476 nem
311 3413 630 3497 Numantiamque,
669 3414 860 3487 deleoerat,
896 3435 973 3476 eum
1006 3413 1180 3475 accusauit
1210 3417 1251 3478 L.

206 3511 355 3580 Cottam.
389 3519 479 3579 Erat
498 3516 534 3578 in
558 3539 598 3580 eo
617 3537 754 3579 summa
768 3515 977 3598 eloquentia,
996 3535 1132 3577 summa
1143 3515 1251 3591 fides,

206 3639 342 3681 summa
368 3619 572 3702 integritas,
605 3619 797 3681 auctoritas
823 3629 940 3690 tanta,
969 3629 1100 3700 quanta
1122 3619 1254 3701 inipso

207 3721 354 3804 imperio
377 3722 501 3804 populi
524 3723 676 3797 romani,
708 3720 801 3803 quod
819 3719 913 3781 iilius
936 3739 1043 3800 opera
1064 3722 1252 3784 tenebatur.

207 3827 316 3907 Saepe
347 3827 409 3887 hoc
439 3827 590 3888 maiores
623 3836 708 3886 natu
732 3823 845 3886 (licere
876 3822 1012 3896 audivi,
1042 3825 1130 3885 hane
1155 3841 1254 3882 accu-

207 3929 336 3990 satoris
377 3928 545 3992 eximiam
586 3928 791 4010 dignitatem
823 3925 1015 4008 plurimum
1053 3929 1096 3987 L.
1135 3926 1254 3986 Cottae

204 4028 400 4119 profuisse.
426 4033 625 4096 Noluerunt
649 4028 896 4112 sapientissimi
916 4025 1081 4098 homines,
1104 4023 1255 4105 quitum

207 4153 281 4194 rem
303 4121 398 4196 illam
420 4132 637 4205 iudicabunt,
665 4131 715 4193 ita
734 4149 938 4214 quemquam
962 4126 1084 4188 cadere
1106 4125 1141 4186 in
1165 4124 1255 4187 iudi·

207 4236 278 4309 cio,
304 4247 343 4298 ut
367 4236 485 4298 nimiis
514 4232 707 4295 adversarii
729 4232 859 4295 viribus
885 4228 1038 4291 abiectus
1063 4225 1254 4293 videretur.
