2976 4844
1199 373 1237 436 95

182 525 340 616 Ῥώμην,
381 528 578 616 τριακοσίων
616 535 675 613 μὲν
716 529 868 619 δραχμῶν
904 523 1060 614 κεράμιον
1099 531 1237 617 ταρίχων

186 633 360 698 Ποντικῶν
382 627 595 717 ὠνησάμενοι,
614 628 773 722 μειράκια
795 627 826 698 δ’
838 627 990 722 εὔμορφα
1012 628 1237 722 ὑπερβαλλού-

186 757 247 816 σης
267 735 378 824 ἀγρῶν
403 734 511 818 τιμῆς.

221 877 307 940 τινὲς]
344 879 505 933 Ftemininus,
525 881 606 931 Scinio
623 879 752 932 Asiaticus,
770 882 821 925 etii.
862 881 1169 928 itietoeusnoeeiosuer
1192 883 1235 928 hee

256 969 365 1012 orations
387 969 419 1013 sit
438 973 540 1012 sumtus.

248 1086 397 1151 Ibidem:
432 1077 509 1153 ςΌτι
535 1081 682 1168 τοσαύτη
706 1112 756 1164 τις
782 1083 947 1155 ἀκολασία
977 1094 1034 1155 καὶ
1057 1085 1235 1172 τηλικαύτη

185 1185 393 1257 ἐνεπεπτώκει
414 1183 649 1257 ἕκτοπωτατων
670 1190 771 1281 ἔργων
791 1195 862 1269 τοῖς
882 1195 978 1272 νέοις,
997 1183 1074 1270 ῶςτε
1094 1190 1236 1271 πολλοὺς

183 1299 245 1379 μὲν
266 1287 427 1383 ἐρώμενον
448 1287 648 1378 ἠχορακέναι
671 1288 853 1373 ταλάντου,
877 1291 1023 1371 πολλοὺς
1042 1297 1077 1360 δὲ
1100 1295 1235 1382 ταρίχου

184 1389 342 1482 κεράμιον
359 1395 557 1483 τριακοσίων
579 1396 749 1485 δραχμῶν·
774 1391 823 1486 ἐφ’
844 1387 893 1474 οἷς
913 1401 968 1461 καὶ
985 1391 1126 1486 Μάρκος
1142 1389 1235 1478 (Κυί-

185 1499 262 1578 των)
279 1487 348 1563 εἶπέ
366 1521 445 1562 ποτε
467 1493 551 1587 πρὸς
570 1493 628 1563 τὸν
652 1497 765 1584 δῆμον,
790 1490 842 1564 ὅτι
863 1493 993 1584 μάλιστ’
1009 1494 1050 1565 ἂν
1072 1499 1236 1567 κατίδοιεν

184 1597 245 1683 τὴν
266 1601 317 1666 ἐπὶ
336 1603 447 1690 χεῖρον
470 1596 641 1690 προκοπὴν
667 1601 724 1682 τῆς
749 1603 916 1678 πολιτείας
938 1602 972 1666 ἐκ
998 1598 1131 1682 τούτων,
1154 1593 1236 1669 ὅταν

184 1698 389 1790 πωλούμενον
417 1704 528 1769 πλεῖον
558 1696 751 1790 εὑρίσκωσιν
781 1707 813 1770 oi
839 1709 899 1788 μὲν
928 1699 1095 1794 εὐπρεπεῖς
1122 1707 1235 1784 παῖδες

184 1806 248 1874 τῶν
268 1801 387 1895 ῶχρῶν,
409 1801 451 1871 τὰ
476 1807 512 1872 δὲ
533 1800 674 1894 κεράμια
697 1807 756 1872 τοῦ
777 1805 915 1894 ταρίχου
937 1807 1002 1874 τῶν
1019 1807 1233 1893 ζευχηλατῶν.

335 2039 382 2097 53.
419 2037 518 2095 Oratio
541 2039 579 2094 do
602 2053 725 2094 censura
749 2039 788 2096 Μ.
810 2038 900 2095 Fulvii
917 2039 1083 2096 Nobilioris.

248 2169 327 2231 Eam
356 2168 468 2231 habuit
495 2167 578 2232 Cato
605 2190 688 2233 anno
711 2171 773 2232 575
790 2169 889 2253 (179),
910 2190 974 2254 quo
994 2191 1075 2233 anno
1099 2171 1151 2234 M.
1171 2173 1235 2234 Ae·

185 2271 287 2334 milius
314 2270 457 2352 Lepidus
488 2283 519 2334 et
546 2273 599 2334 M.
626 2271 760 2335 Fulvius
785 2271 941 2338 Nobilior
970 2295 1133 2336 censuram
1164 2295 1237 2358 ges·

184 2386 305 2438 serunt.
350 2374 586 2458 Argumentum
618 2397 659 2437 ex
686 2373 785 2438 Livio
816 2377 985 2457 petendum
1014 2375 1071 2438 lib.
1101 2379 1152 2451 tu,
1180 2378 1232 2441 51.

183 2481 351 2543 Censores
371 2477 521 2540 habuere
543 2489 576 2540 et
602 2477 637 2539 in
660 2477 858 2558 promiscuo
876 2487 1061 2559 praeterea
1091 2479 1232 2558 pecuni-

183 2601 261 2642 am:
297 2603 344 2643 esc
378 2601 421 2642 eo
452 2579 679 2642 communiter
716 2580 874 2642 locarunt
906 2599 1033 2661 aquam
1063 2579 1234 2643 adducen-

183 2683 264 2745 dam
276 2680 512 2772 fornicesque
526 2681 735 2771 faeiendos.
771 2681 1137 2764 Impedimentooperi
1147 2680 1234 2774 suit

183 2787 239 2849 Μ.
263 2783 420 2848 Licinius
447 2787 620 2855 Crassus,
653 2783 713 2867 qui
740 2806 807 2866 per
834 2782 992 2872 fundum
1025 2805 1128 2846 suum
1153 2785 1234 2850 duci

181 2907 251 2950 non
274 2899 327 2950 est
348 2907 491 2968 possus.
524 2921 562 2934 -
599 2883 683 2950 Cato
711 2907 842 2970 quoque
872 2886 949 2962 huic¹
975 2885 1023 2949 rei
1051 2885 1233 2952 interfuisse

183 2989 327 3052 videtur:
358 2987 473 3052 scimus
496 2988 591 3062 enim,
617 3009 686 3050 eum
715 2991 753 3050 de
774 2991 971 3074 aquaeductu
995 2989 1103 3054 Fulsii
1124 2989 1157 3053 in
1174 2992 1233 3054 hae

183 3091 332 3156 oratione
360 3090 478 3175 egisse.

246 3193 351 3275 Supra
375 3193 469 3256 aliam
492 3191 669 3257 orationem
697 3191 834 3258 Catonis
854 3192 886 3256 in
914 3196 1046 3256 eundem
1074 3193 1126 3257 Μ.
1154 3193 1232 3257 Ful·

181 3295 267 3359 vinm
292 3295 497 3360 Nobiliorem
521 3297 702 3358 habuimus.

245 3398 359 3461 Festus
395 3420 430 3479 p.
466 3397 540 3461 282.
591 3395 777 3460 Retricibus
812 3419 881 3459 enm
911 3398 954 3460 ait
988 3401 1076 3462 Cato
1110 3397 1146 3460 in
1170 3418 1231 3474 ea,

181 3519 284 3581 quam
305 3500 458 3582 scripsit,
486 3522 565 3563 cnm
588 3498 807 3563 edissertavit
831 3500 926 3563 Fulvi
944 3499 1138 3564 Nobilioris
1156 3521 1233 3562 een-

180 3621 312 3678 suram,
339 3601 501 3685 significat
525 3623 637 3687 aquam
660 3621 699 3665 eo
726 3602 864 3676 nomine,
892 3623 973 3686 quae
997 3614 1045 3666 est
1069 3623 1164 3684 supra
1186 3602 1233 3666 vi·

181 3723 231 3765 am
255 3705 462 3768 Ardeatinam
481 3705 566 3769 inter
588 3704 724 3787 lapidem
752 3707 922 3768 seeundum
946 3715 978 3766 et
1000 3705 1140 3768 tertium.
1171 3726 1234 3789 qua

179 3804 363 3890 inrigantur
395 3807 484 3872 horti
511 3809 595 3872 inira
633 3807 716 3870 viam
752 3805 959 3870 Ardeatinam
994 3817 1024 3870 st
1051 3805 1232 3870 Asinariam

181 3927 281 3992 nsque
304 3912 344 3972 ad
367 3911 532 3974 Latinam.

214 4067 271 4099 eum
294 4055 467 4116 edissertavit]
503 4059 520 4102 i.
554 4072 575 4101 e.
609 4071 662 4101 cum
697 4057 756 4100 dixit
784 4058 813 4099 de
845 4066 945 4099 sensura
974 4053 1052 4095 Futvii
1084 4051 1229 4098 Nobitioris.

250 4143 368 4190 Similiter
388 4145 474 4190 Festus
494 4157 517 4200 p.
543 4139 602 4189 286.
635 4139 695 4188 Coto
716 4142 744 4186 irs
766 4138 947 4188 dissertatione
968 4138 1124 4183 consulates.

213 4247 318 4310 aquom]
355 4249 457 4296 eandem
477 4263 568 4311 aquam
584 4251 703 4308 suspicor
720 4249 840 4309 intelligi,
858 4259 920 4305 quae
940 4241 1052 4305 Egeriae
1072 4245 1161 4290 sellem
1172 4261 1232 4305 per.

243 4337 315 4400 fluit.
351 4337 382 4384 (i.
404 4338 435 4382 0.
461 4339 552 4383 Μίλητε
573 4338 596 4382 iu
618 4337 744 4393 sosptem.
765 4349 790 4390 p.
813 4328 874 4380 idi.
