2992 4840
1148 412 1206 471 211

189 563 294 628 allquot]
334 575 483 622 corruptum
498 575 562 623 puto.
588 572 695 629 SeaIIger
716 573 813 631 aliqua,
840 579 864 616 ut
883 575 910 616 ad
926 587 1067 632 purpuram
1080 574 1205 629 pertinent.

224 659 259 702 An
274 656 422 714 aerquunto?
440 655 543 713 uranioc
562 659 683 715 eliquanto
707 663 723 710 i.
741 677 762 706 e.
786 664 861 705 mutto
883 664 993 716 arnoltus.

445 878 579 935 XXVIII.
613 879 641 936 C.
662 883 793 952 Papirius
816 883 914 938 Carbo.

221 1031 323 1092 Natus
346 1029 416 1092 fere
441 1050 523 1092 euno
557 1029 618 1092 590
640 1032 742 1110 (tot).

202 1131 386 1204 ¹Tribunus
412 1132 514 1214 plebis
538 1154 567 1194 a.
596 1133 657 1194 623
685 1135 792 1212 (131),
819 1145 952 1214 praetor
974 1156 1003 1197 a.
1023 1134 1085 1196 630
1103 1136 1205 1216 (121),

155 1235 270 1300 consul
294 1235 534 1315 ει.631(120).
581 1238 759 1298 Accusatus
786 1258 802 1297 a
828 1237 869 1298 L.
895 1235 1015 1300 Crasso
1039 1236 1207 1300 maiestatis

155 1359 187 1400 a.
215 1337 275 1399 635
299 1339 388 1416 (119)
412 1349 515 1399 morte
544 1337 720 1399 voluntaria
746 1337 896 1400 iudicium
918 1337 1044 1424 effugit.

222 1448 263 1512 C.
291 1449 441 1530 Papirius
473 1448 584 1512 Carbo
615 1448 698 1510 filius
730 1448 813 1512 inira
850 1449 931 1512 inter
962 1460 1109 1512 oratores
1149 1471 1207 1514 no·

61 1632 62 1635 ¹
156 1549 347 1624 rniuabitur,
372 1551 503 1634 eiusque
529 1563 634 1613 exstat
656 1552 870 1632 fragmentum
895 1551 927 1613 in
950 1554 1100 1616 Oratore
1115 1553 1208 1615 Cice·

157 1653 255 1716 ranis
277 1675 307 1715 c.
326 1653 386 1726 63,
410 1655 487 1727 213,
515 1656 601 1737 quod
625 1652 657 1715 in
678 1655 902 1718 Onomastico
923 1654 1097 1718 Ciceronis
1125 1653 1206 1718 Car·

157 1754 237 1818 boni
258 1754 344 1836 patri
371 1753 540 1830 tribuitur,
565 1759 654 1840 quod
674 1755 748 1818 fieri
769 1756 896 1841 nequit,
922 1779 991 1818 cum
1017 1755 1128 1819 Carbo
1152 1778 1208 1837 pa-

157 1869 209 1920 ter
238 1857 291 1919 diu
322 1871 489 1942 antequam
517 1857 635 1924 Cicero
670 1869 760 1921 natus
786 1871 849 1936 est,
881 1881 897 1920 e
923 1857 987 1920 vita
1017 1861 1207 1940 excederet,

158 1959 203 2021 ita
224 1971 258 2020 ut
286 1958 319 2021 in
345 1963 496 2024 Oratore
524 1982 581 2023 suo
608 1982 671 2023 non
704 1960 861 2044 potuisset
893 1961 1035 2024 scribere
1067 1960 1206 2025 Cicero:

159 2065 223 2125 Me
249 2073 359 2124 stante
392 2065 430 2127 C.
459 2065 571 2127 Carbo
595 2066 633 2128 C.
662 2068 698 2127 F.
727 2065 885 2126 tribunus
906 2066 955 2146 pl.
984 2065 1018 2125 in
1047 2063 1208 2126 concione

160 2164 255 2226 dixit
276 2177 308 2226 et
323 2177 403 2227 cett.

227 2275 348 2339 Cicero
372 2278 475 2340 Bruto
500 2301 529 2339 c.
552 2280 606 2340 25.
651 2281 706 2342 Μ.
730 2279 916 2341 Aemilium
939 2277 1123 2358 Lepidum,
1149 2278 1208 2358 qui

161 2389 213 2442 est
238 2379 388 2442 Porcina
410 2380 544 2454 (lictus,
577 2381 731 2442 studiose
755 2381 824 2442 duo
849 2379 1081 2441 adolescentes
1109 2379 1207 2460 inge·

163 2481 349 2546 niosissimi
372 2493 405 2544 et
424 2504 534 2564 prope
559 2484 736 2566 aequales,
761 2485 799 2546 C.
826 2481 938 2546 Carbo
960 2492 993 2542 et
1020 2480 1075 2542 Ti.
1099 2481 1207 2542 Grae·

162 2585 246 2646 chus
267 2583 392 2647 audire
413 2585 507 2647 soliti
530 2595 621 2649 sunt.

226 2713 352 2776 Ibidem
383 2737 412 2777 c.
442 2716 495 2777 27.
553 2715 693 2776 Utinam
722 2713 758 2775 in
785 2714 842 2777 Ti.
872 2715 1029 2777 Graccho
1056 2710 1211 2794 Gaioque

163 2817 319 2882 Carbone
342 2818 424 2880 talis
448 2838 542 2880 mens
565 2817 612 2879 ad
633 2838 707 2878 rem
726 2817 898 2898 publicam
921 2816 1003 2877 bene
1023 2814 1213 2896 gerendam

151 2916 313 3008 fuisset,
338 2923 437 3002 quale
459 2920 639 3002 ingenium
656 2918 703 2981 ad
720 2919 802 2980 bene
818 2917 999 2982 dicendum
1003 2915 1106 3005 fuit,
1130 2937 1212 2997 pro-

152 3017 261 3106 fecto
293 3042 393 3083 nemo
410 3021 464 3083 his
483 3021 566 3084 uiris
587 3021 705 3103 gloria
724 3020 969 3102 praestitisset.
1010 3018 1078 3082 seu
1093 3040 1214 3080 eorum

165 3125 255 3184 alter
282 3134 426 3204 propter
457 3123 789 3185 turbulentissimum
821 3121 1035 3183 tribunatum
1063 3121 1106 3182 ab
1135 3121 1212 3202 ipsa

167 3247 204 3288 re
232 3225 369 3308 publica
397 3237 449 3287 est
475 3224 699 3315 interfectum
729 3227 818 3285 aller
840 3235 985 3306 propter
1008 3234 1213 3306 perpetuam

167 3327 201 3388 in
222 3325 389 3410 populari
414 3329 549 3390 ratione
575 3328 745 3389 leuitatem
770 3339 880 3389 morte
906 3325 1102 3388 voluntaria
1127 3347 1163 3385 se
1189 3345 1210 3384 a

167 3431 348 3492 seueritate
371 3430 525 3492 iudicum
547 3430 740 3492 vindicavit.
772 3427 933 3518 Sedfuit
955 3439 1097 3510 uterque
1119 3447 1212 3487 sum·

169 3553 244 3594 mus
265 3545 387 3595 orator
406 3545 508 3614 atque
527 3535 590 3595 hoc
611 3533 778 3594 memoria
793 3543 935 3612 patrum
954 3542 1038 3590 teste
1054 3527 1212 3590 dicimus.

168 3636 263 3698 Nam
283 3647 316 3696 et
336 3635 504 3699 Carbonis
520 3645 552 3695 et
568 3635 715 3697 Gracclu'
733 3633 894 3694 babemus
909 3631 1105 3702 orationes,
1131 3651 1215 3692 non-

169 3737 251 3797 elum
277 3737 364 3798 satis
385 3737 584 3818 splendidas
608 3737 737 3809 verbis,
762 3734 823 3796 secl
847 3743 966 3794 acutas
991 3731 1215 3814 prudentiae·

169 3859 232 3920 que
259 3839 493 3920 plenissimas.
517 3871 557 3883 -
590 3839 720 3913 Carbo,
751 3837 843 3920 quod
868 3836 939 3896 uita
965 3833 1214 3917 suppeditavit,

168 3951 220 4002 est
246 3941 282 4001 in
310 3941 427 4002 multis
452 3940 589 4002 iudiciis
613 3940 792 4022 causisque
818 3939 990 4021 cognitus.
1037 3938 1137 3998 Hunc
1157 3933 1216 4012 qui

168 4041 354 4104 audierant
387 4043 574 4123 prudentes
601 4041 775 4114 homines,
808 4041 842 4101 in
874 4038 996 4121 quibus
1011 4031 1216 4122 familiaris

168 4156 285 4208 noster
316 4149 356 4206 L.
387 4143 541 4217 Gellius,
577 4163 744 4204 canorum
772 4154 948 4206 aratorem
977 4147 1010 4194 et
1040 4131 1218 4195 volubilem

169 4258 202 4308 el
224 4247 311 4309 satis
333 4267 447 4307 acrem
471 4257 572 4326 atque
595 4244 738 4305 crrnilem
762 4256 794 4304 et
818 4244 1046 4302 uehementem
1068 4243 1099 4294 et
1123 4235 1219 4294 valile

170 4349 303 4411 dulcem
329 4361 361 4410 el
381 4344 603 4435 perfacetum
615 4342 740 4430 fuisse
757 4343 932 4404 dicebant:
954 4332 1144 4403 cauebant,
1170 4333 1223 4395 in-
