2992 4840
279 353 339 419 198

279 513 377 576 simis
406 511 579 587 vicinitas,
613 510 648 573 in
678 511 809 575 inuidia
832 527 961 595 magna
984 521 1080 587 erat,
1114 511 1332 604 confrages

279 616 411 679 alienas
429 614 604 698 pelliceret
624 613 815 693 beneflciis.
838 613 1070 697 Quamobrem
1089 633 1113 678 a
1127 619 1188 697 Sp.
1206 619 1332 682 Albino

281 717 395 780 curuli
414 717 470 780 die
490 717 603 793 diota,
628 729 781 780 metuens
797 716 1074 793 damnationem,
1098 736 1176 781 oum
1194 719 1229 781 in
1248 719 1330 810 suf·

276 819 443 907 fragium
472 819 585 882 tribus
614 832 791 902 oporteret
823 820 892 896 ire,
930 821 1198 884 instrumentum
1224 824 1331 886 rusti-

281 944 359 985 eum
381 942 480 986 omne
503 922 538 984 iu
554 920 690 1013 sorum
709 923 827 986 attulit
848 935 882 985 et
904 921 1055 986 adduxit
1061 920 1252 1012 familiam
1274 947 1331 987 oa-

282 1024 389 1087 lidam
412 1035 514 1108 atque
538 1025 593 1105 (ut
615 1025 666 1088 ait
688 1025 793 1106 Piso)
811 1026 892 1088 bene
912 1037 1072 1088 curatam
1093 1046 1134 1088 ao
1155 1027 1325 1104 vestitam,

269 1123 501 1215 ferramenta
525 1127 665 1209 egregie
676 1125 809 1217 faeta,
833 1148 962 1212 graues
990 1127 1144 1210 ligones,
1181 1151 1334 1193 vomeres

278 1225 512 1310 ponderosos,
536 1227 636 1292 boues
657 1241 810 1294 saturos.
856 1231 981 1295 Postea
1007 1229 1115 1292 illuit:
1147 1231 1328 1308 Veneficio

283 1347 376 1407 mea,
400 1331 574 1414 Quirites,
609 1333 693 1396 liaeo
719 1344 818 1408 runt,
848 1352 907 1394 nee
933 1348 1076 1411 mesum
1098 1332 1192 1396 uobis
1218 1343 1332 1396 osten·

283 1431 381 1508 dere,
405 1445 467 1498 aut
492 1432 671 1525 insonum
692 1434 864 1498 ademere
887 1434 1142 1498 broubrotioues
1161 1455 1255 1500 meas
1284 1436 1333 1498 ri-

281 1535 453 1619 giliasque
480 1548 512 1599 et
544 1537 702 1601 sudores.
748 1538 916 1602 Omnium
946 1536 1123 1600 sententiis
1152 1537 1333 1602 abeamus

280 1636 396 1720 itaque
414 1651 478 1702 est.

486 1885 558 1943 XX.
600 1887 703 1944 Lucius
721 1896 747 1944 et
767 1885 855 1947 Gutus
873 1889 981 1946 Aurelii
1001 1887 1122 1948 Orestae.

298 2107 300 2114 y
349 2039 394 2102 L.
415 2036 566 2102 Aurelius
593 2038 727 2102 Orestes
750 2038 861 2104 consul
887 2037 949 2102 luit
975 2059 1006 2104 a.
1023 2039 1084 2102 628
1108 2037 1200 2118 (136)
1225 2050 1256 2102 et
1278 2059 1330 2102 re·

288 2139 440 2204 bellantes
467 2141 588 2204 Sardos
614 2140 754 2224 subegit.

351 2239 393 2306 C.
416 2241 585 2309 Aurelium
615 2243 764 2307 Orestam
789 2255 972 2327 praetorem
994 2263 1025 2307 a.
1042 2242 1105 2306 624
1124 2241 1215 2323 (130)
1234 2240 1334 2306 luisse

286 2343 401 2410 scribit
425 2343 564 2430 Pighius
586 2356 610 2408 t.
626 2345 659 2410 3.
682 2347 789 2427 p.19.

351 2445 471 2512 Cicero
495 2448 600 2511 Bruto
627 2469 658 2510 c.
676 2449 729 2514 25.
772 2452 862 2516 Sunt
886 2446 991 2514 etiam
1012 2452 1055 2514 Ι..
1076 2459 1110 2512 et
1131 2450 1171 2514 G·
1195 2447 1332 2514 Aureli·

286 2570 389 2613 orum
423 2552 630 2615 Orestarum
663 2553 861 2628 orationes,
897 2571 983 2636 quos
1018 2551 1137 2636 aliquo
1166 2550 1264 2616 video
1295 2551 1332 2612 in

288 2673 432 2752 numero
452 2663 633 2716 oratorum
646 2650 785 2743 fuisse.

549 2906 634 2964 XXI.
677 2907 711 2975 Q.
731 2907 875 2976 Pompeius
896 2905 962 2962 Auli
982 2906 1066 2976 tillus.

352 3052 478 3119 Consul
510 3077 540 3119 a.
564 3056 626 3120 613
652 3058 773 3136 (111),
807 3075 978 3119 censura.
1005 3054 1066 3117 633
1089 3052 1207 3136 (131).
1252 3050 1334 3116 Eius

290 3155 388 3219 vitam
414 3155 546 3219 tradidit
565 3157 769 3221 Drumannus
791 3159 913 3222 Gesoh.
936 3158 1039 3220 Roms
1060 3166 1086 3220 t.
1101 3157 1138 3231 lt,
1162 3174 1197 3235 p.
1217 3154 1293 3218 307.

353 3266 474 3331 Cicero
495 3268 596 3334 Bruto
622 3292 652 3332 e.
670 3270 723 3332 25.
768 3273 810 3352 Q.
825 3267 1008 3351 Pompeius
1031 3289 1100 3331 nou
1118 3277 1333 3348 contemptus

290 3382 412 3435 orator·
438 3372 649 3453 temporibus
678 3372 748 3434 illie
764 3368 875 3461 fuit,
913 3369 974 3454 qui
999 3389 1153 3432 summos
1184 3371 1333 3432 honores

288 3477 391 3538 bomo
429 3495 493 3556 per
526 3494 562 3536 se
600 3474 760 3557 cognitus
795 3473 868 3536 siue
914 3474 986 3535 ulla
1033 3470 1328 3534 commendatione

291 3576 463 3638 maiorum
484 3587 536 3637 est
556 3576 713 3658 adeptus.
758 3579 849 3639 Tum
871 3578 914 3638 L.
936 3574 1078 3639 Cassius
1104 3575 1250 3636 multum
1268 3591 1334 3652 po·

289 3679 375 3749 tuit,
398 3695 466 3738 non
491 3677 702 3762 eloquentia,
727 3678 788 3740 secl
809 3677 953 3740 dicendo
978 3688 1106 3739 tamen.
1152 3677 1242 3736 'stem
1265 3672 1335 3734 duo

291 3777 480 3860 Caepiones
511 3782 656 3842 multum
687 3779 825 3841 clientes
852 3778 997 3842 oonsilio
1025 3787 1058 3842 et
1086 3777 1226 3860 lingua,
1253 3777 1336 3858 plus

287 3880 495 3944 auctoritate
510 3891 624 3943 tamen
639 3891 673 3944 et
687 3879 806 3963 gratia
822 3881 1054 3943 sublevabant.
1091 3879 1160 3942 Sed
1177 3875 1332 3959 Pompeii

289 3995 368 4045 sunt
385 3983 515 4065 scripta
535 4003 595 4046 neo
613 3982 716 4044 nimis
736 3992 938 4058 extenuata,
957 3999 1167 4066 quamquam
1181 3991 1333 4042 veterum

290 4085 505 4160 estsimilis,
530 4095 563 4148 et
586 4087 688 4166 plena
704 4082 924 4164 prudentiae.

326 4227 376 4276 set
394 4229 525 4287 Pompeii]
560 4227 695 4274 Difficulter
714 4227 782 4271 huius
800 4231 846 4273 loci
866 4242 912 4272 non
932 4233 968 4272 est
990 4227 1088 4273 silentio
1111 4223 1334 4282 praetermittenda.

362 4317 461 4360 tistitus
482 4318 545 4360 enim
568 4319 595 4360 ed
619 4317 648 4372 Q.
672 4315 827 4371 Pompeium,
853 4321 979 4372 postquam
1001 4317 1049 4361 iem
1071 4315 1099 4358 de
1119 4315 1174 4358 aliis
1197 4310 1336 4359 aratoribus
