2976 4844
1134 385 1194 450 129

142 544 200 606 sed
223 539 393 602 maximam
416 551 537 620 partem
560 539 591 599 in
617 539 802 602 coniectura
826 541 948 604 Ursini.
994 541 1031 604 In
1055 541 1195 606 editione

142 644 258 727 priore
277 642 491 726 fragmentum
513 641 604 704 huius
624 642 780 706 orationis
802 665 872 708 cum
893 643 1039 708 oratioue
1059 649 1112 710 De
1131 645 1195 708 tri·

142 747 246 810 bunia
268 746 417 810 militum
444 745 685 820 coniunxeram,
712 749 800 830 quod
828 746 962 810 alienum
991 747 1129 810 videtur.

209 851 325 913 Festus
336 870 370 930 p.
384 848 455 910 162.
486 850 617 912 Nemut
637 848 839 925 nuteriam,
863 853 914 912 uel
932 851 1088 932 (nempet
1108 873 1192 914 usuc

142 964 196 1016 eet
221 956 307 1018 Cato
330 952 371 1014 de
389 963 463 1033 pot.
486 951 722 1033 tryibunicua)
745 973 824 1014 cum
844 952 914 1016 ait:
945 966 1089 1042 nemut
1113 997 1122 1016 .
1148 997 1156 1016 .
1184 997 1193 1016 .

145 1101 155 1118 .
183 1100 193 1117 .
219 1101 228 1120 .
253 1101 261 1118 .
285 1075 527 1118 aerumnas.

509 1269 556 1326 73.
589 1268 659 1326 Cato
675 1271 706 1326 in
727 1269 835 1328 Seteia.

212 1381 335 1445 Nescio
368 1383 533 1465 quomodo
572 1384 651 1445 haec
685 1381 854 1464 inscriptio
891 1383 933 1446 sit
966 1382 1194 1464 intelligenda,

144 1485 227 1548 sitne
253 1495 407 1565 corrupta
431 1505 469 1546 an
491 1485 701 1566 incorrupta,
729 1503 804 1560 nec,
832 1486 859 1547 si
884 1499 1069 1568 corruptam
1092 1498 1197 1568 putas,

147 1609 258 1649 veram
283 1587 469 1650 emendandi
493 1586 576 1651 viam
601 1586 755 1656 invenies.
800 1588 998 1673 Quamquam
1024 1588 1197 1663 verisimile

147 1701 206 1763 est,
234 1694 323 1773 quod
348 1693 462 1753 Wasse
488 1695 528 1752 ad
547 1693 740 1772 Fragmenta
764 1690 1007 1754 Historicorum
1034 1694 1075 1754 T.
1103 1693 1135 1755 2.
1160 1713 1195 1774 p.

150 1794 211 1855 301
240 1792 441 1874 suspicatur,
466 1794 634 1876 legendum
663 1814 731 1856 esse
758 1797 845 1858 Cato
870 1794 905 1856 in
929 1795 1086 1859 Seruium
1113 1796 1196 1858 Gal·

150 1898 248 1972 bam,
285 1896 328 1957 ita
364 1908 398 1958 nt
432 1917 550 1960 novrum
583 1895 798 1979 fragmentum
830 1895 915 1958 iilius
950 1896 1107 1961 orationis
1136 1917 1198 1978 pro

149 1997 305 2080 Hispanis
332 2010 446 2061 contra
469 1999 604 2060 Galbam
628 2011 722 2060 esset.
770 1999 951 2061 Maiansiue
977 2012 1081 2065 autem
1106 2021 1140 2081 p.
1158 2001 1198 2062 tm

149 2107 233 2163 haec
260 2101 398 2163 scribit:
425 2102 567 2176 Livius,
593 2102 650 2164 tib.
673 2103 726 2176 32,
756 2102 812 2175 te,
842 2104 994 2165 scribone
1016 2102 1058 2165 de
1082 2101 1196 2176 rebus,

151 2225 241 2288 quae
267 2205 488 2286 contigerunt
513 2224 605 2266 anno
634 2206 695 2266 ete
722 2207 805 2268 Sex.
835 2207 935 2270 Aelio
959 2209 1064 2270 Paeto
1092 2217 1126 2268 et
1152 2209 1197 2269 Τ.

148 2307 292 2390 Quintio
311 2307 505 2370 Flaminino
524 2327 628 2380 coer„
655 2304 770 2396 refert
788 2309 1073 2384 coniurationem,
1094 2331 1199 2394 quam

149 2410 286 2473 obsideo
306 2409 652 2492 Carthaginensium,
677 2410 735 2491 qui
756 2412 870 2473 Setiae
891 2413 1194 2488 custodiebantur,

149 2514 363 2576 excitarunt.
408 2517 462 2576 De
487 2515 551 2574 hac
574 2512 816 2574 coniuratione
842 2513 979 2574 videtur
1006 2514 1089 2576 mihi
1111 2520 1203 2581 Cato

150 2616 344 2680 orationem
365 2616 537 2690 habuisse,
565 2635 634 2678 nan
660 2617 773 2676 coium
798 2627 985 2698 propterea
1004 2618 1098 2699 quod
1120 2623 1199 2683 Fec-

150 2731 207 2782 tus
231 2719 267 2782 in
289 2742 321 2782 υ.
345 2741 516 2801 precem
538 2717 590 2780 ita
610 2719 750 2799 scripsit
773 2722 942 2782 Precem
967 2722 1072 2786 Cato
1089 2721 1131 2782 in
1152 2742 1199 2783 ea

149 2843 258 2904 quae
291 2833 354 2884 eet
388 2823 434 2884 de
469 2821 811 2896 coniuratione,
849 2823 910 2886 ced
941 2823 1042 2906 quia,
1073 2823 1106 2886 ei
1135 2825 1198 2890 hoc

138 2920 396 3015 fragmentum
423 2926 659 3007 coniungatur
684 2945 762 2986 cum
788 2929 899 2987 altero
925 2945 948 2986 a
972 2926 1092 2990 Nonio
1116 2930 1199 2988 atle-

150 3040 251 3110 gato,
279 3028 371 3090 idem
391 3028 590 3108 colligitur:
616 3047 696 3088 nam
717 3027 767 3089 cic
791 3049 827 3088 ce
850 3026 950 3088 habet
979 3030 1086 3091 Cato
1109 3032 1200 3092 Ser-

148 3131 232 3192 cia.
276 3131 495 3211 Accipite,
532 3131 571 3192 ei
605 3129 757 3202 uultis,
792 3131 866 3192 hoc
899 3149 1002 3193 onue
1037 3131 1078 3192 in
1109 3153 1201 3194 ues-

150 3246 243 3297 troe
265 3236 418 3296 collos.
452 3232 506 3294 ubi
529 3253 592 3314 pro
618 3230 738 3295 Sercia
764 3231 839 3315 lego
865 3232 977 3306 Setia,
1003 3232 1040 3294 id
1065 3245 1134 3307 eet,
1164 3234 1200 3294 in

153 3336 313 3399 oratione
338 3337 380 3399 de
407 3336 513 3400 Setia.
537 3365 578 3378 -
615 3337 709 3397 Hauc
735 3334 951 3398 coniecturam
975 3334 1088 3398 falsam
1115 3335 1203 3397 arbi·

151 3449 233 3514 tror,
263 3442 352 3522 quod
373 3439 431 3502 illo
458 3460 542 3502 anno
567 3436 652 3502 Cato
676 3460 694 3501 a
719 3440 823 3504 Roma
849 3442 1015 3502 abet-atet
1036 3439 1069 3500 in
1090 3437 1201 3501 Sardi·

150 3541 203 3602 uia
234 3553 416 3622 praeturam
439 3541 551 3624 gessit.

216 3644 343 3708 Nonius
369 3666 404 3726 p.
427 3646 502 3706 200.
541 3645 658 3708 Callus
685 3642 849 3705 masculini
876 3642 1015 3726 generis.
1061 3647 1147 3708 Cato
1165 3643 1201 3705 in

152 3746 293 3810 Seruio:
320 3748 487 3829 Accipite,
514 3747 545 3809 si
568 3745 682 3820 vultis,
711 3748 775 3808 hoc
800 3766 890 3810 anua
914 3747 950 3809 in
980 3758 1111 3810 oectroe
1130 3748 1197 3808 coi-

151 3850 217 3911 lou.

427 4028 476 4084 m.
511 4025 611 4084 Oratio
633 4005 773 4084 debonis
796 4025 927 4082 Dulciae.

215 4142 451 4225 Argumentum
479 4139 648 4203 incertum.

217 4244 345 4310 Fronto
372 4266 406 4325 p.
432 4245 507 4306 102.
554 4243 643 4325 Legi
665 4241 807 4308 Catonis
832 4240 1025 4304 orationem
1051 4241 1110 4302 De
1128 4236 1201 4300 =bo-

153 4345 219 4408 nic
244 4346 429 4410 Dulciae
452 4359 485 4410 et
510 4346 629 4420 aliam,
661 4364 732 4428 qua
755 4343 894 4430 tribuno
918 4339 1009 4402 diem
1035 4339 1139 4404 dixit.

202 4452 277 4494 namn
288 4455 346 4493 one
352 4452 411 4494 Bam
423 4454 502 4505 Fragm.
518 4453 550 4492 ed.
559 4447 579 4490 2.
1001 4457 1019 4518 9
