2958 4840
264 387 326 454 578

272 552 355 614 baec
376 549 428 614 ita
447 567 522 613 esse
543 543 755 620 consentitis,
776 541 861 628 quid
882 545 975 608 ultm
989 542 1208 620 desideratis,
1223 565 1333 628 quam

273 665 313 716 ut
333 652 428 716 uobis
449 649 562 733 digito
584 649 827 723 demonstrem,
849 648 962 710 solum
983 646 1098 728 ipsum
1120 649 1215 710 ultra
1228 647 1332 724 fines

271 753 473 840 prouinciae
496 751 733 818 Narbonensis
756 750 826 812 iam
847 750 941 814 uobis
972 760 1149 812 senatores
1179 748 1328 826 mittere,

274 857 413 942 quando
434 877 481 918 esc
504 854 677 934 Lugduno
698 852 821 915 babere
843 873 907 916 nos
928 852 1040 914 nostri
1070 851 1204 914 ordinis
1235 851 1331 914 viros

277 979 347 1024 non
365 957 530 1042 poenitet.
554 955 691 1019 Timide
702 954 851 1038 quidem,
864 965 984 1037 patres
995 953 1194 1034 conscripti,
1211 975 1330 1037 egres-

278 1082 338 1125 sus
366 1061 531 1124 adsuetos
547 1057 823 1148 familiaresque
850 1056 945 1120 uobis
971 1055 1230 1138 prouinciarum
1259 1069 1330 1120 ter·

278 1163 388 1226 minos
411 1182 507 1236 sum,
532 1161 593 1224 sed
613 1159 772 1222 destricte
794 1159 866 1220 ium
887 1169 1042 1222 comatae
1066 1158 1200 1222 Galliae
1222 1179 1331 1220 causa

275 1266 413 1348 agenda
433 1275 496 1339 est,
520 1262 556 1334 in
578 1283 658 1346 qua,
683 1262 714 1324 si
735 1262 813 1345 quis
835 1264 896 1324 hoc
919 1263 1097 1337 intuetur,
1130 1262 1223 1344 quod
1243 1263 1331 1324 bello

274 1389 338 1451 per
359 1367 473 1440 decem
494 1385 605 1428 annos
626 1363 845 1426 exercuerint
866 1365 982 1427 diuum
1003 1365 1143 1438 lulium,
1157 1365 1249 1426 idem
1264 1385 1327 1447 op-

260 1453 266 1462 ⁸
273 1481 383 1553 ponat
404 1480 540 1531 centum
560 1487 733 1530 annorum
754 1466 959 1530 immobilem
973 1466 1090 1544 fldem
1109 1466 1326 1550 obsequium·

276 1593 340 1655 que
362 1571 479 1633 multis
501 1569 645 1651 trepidis
668 1569 769 1633 rebus
786 1570 916 1632 nostris
929 1571 1113 1652 plusquam
1128 1581 1327 1650 expertum.

276 1673 334 1738 Illi
344 1671 524 1755 patrimeo
536 1673 656 1736 Druso
665 1673 889 1735 Germaniam
901 1671 1074 1753 subigenti
1089 1681 1199 1734 tutam
1215 1670 1328 1754 quiete

277 1794 344 1836 sua
365 1794 588 1854 securamque
609 1793 632 1833 a
654 1783 755 1854 tergo
775 1785 894 1853 pacem
915 1774 1176 1854 praestiterunt,
1200 1783 1234 1835 et
1254 1772 1330 1855 qui-

278 1875 356 1937 dem
386 1894 464 1936 cum
502 1893 526 1934 a
563 1893 682 1936 census
718 1893 807 1937 nouo
837 1887 910 1936 tum
944 1897 1045 1956 opere
1078 1885 1112 1938 et
1150 1875 1335 1937 inadsueta

278 1975 402 2040 Galliis
423 1975 471 2038 ud
491 1975 615 2038 bellum
635 1975 820 2038 advocatus
843 1987 943 2038 esset.
988 1976 1091 2058 Quod
1112 1997 1200 2058 opus
1222 1996 1329 2059 quum

278 2079 431 2142 arduum
451 2078 497 2142 sit
518 2077 613 2142 nobis
635 2098 725 2140 nunc
747 2098 824 2139 cum
848 2077 1022 2152 maxime,
1056 2077 1213 2161 quamuis
1244 2076 1332 2140 uilcil

279 2182 384 2255 ultra,
407 2201 510 2262 quam
533 2191 572 2244 ut
590 2181 724 2262 publice
746 2191 849 2242 notae
871 2179 940 2242 sint
951 2177 1152 2262 facultates
1175 2191 1326 2256 nostrae,

280 2281 501 2366 exquiratur,
524 2281 628 2345 nimis
651 2301 779 2365 magno
802 2281 1041 2364 experimento
1061 2281 1296 2365 agnoscimus.

741 2419 813 2477 lab.
837 2420 864 2476 l.

315 2575 654 2637 appellitatuslcppcllitauit
668 2576 775 2620 Niebuhr
790 2574 853 2624 Μ,
863 2581 880 2619 t.
891 2575 914 2622 1.
927 2589 950 2630 p.
965 2571 1023 2620 393.
1035 2591 1059 2624 n.
1069 2573 1130 2622 859.
1140 2575 1171 2620 0.
1185 2573 1333 2622 liliillerDie

348 2665 467 2710 Eli-uskei-
488 2664 511 2713 i.
529 2677 554 2720 p.
577 2659 634 2711 117.
654 2665 718 2708 Zell.
745 2664 791 2707 Ssd
811 2665 928 2723 vulgatam
947 2663 1051 2708 defendit
1069 2665 1199 2708 lectionem
1219 2663 1335 2727 Gostting

350 2751 380 2797 G.
401 2754 425 2800 d.
445 2755 508 2794 clim.
530 2751 565 2798 Sl.
586 2765 609 2806 p.
632 2746 691 2795 232.

315 2837 382 2900 (iuid
399 2839 433 2882 im
453 2873 459 2886 .
481 2868 488 2883 .
510 2869 517 2882 .
538 2837 603 2895 uris]
641 2837 702 2897 quid
719 2838 787 2882 inter
804 2838 888 2896 pluris
908 2838 1014 2884 Niebuhr
1034 2847 1052 2884 t.
1074 2837 1098 2882 2.
1119 2852 1142 2893 p.
1165 2834 1223 2882 ¹73.
1238 2837 1286 2881 Ed.
1308 2838 1333 2888 1.
1390 2877 1399 2890 .

351 2928 415 2972 zon.
435 2925 503 2988 Quid
520 2925 703 2985 imperantibus
721 2927 852 2974 centuriis.
889 2925 988 2972 Fisdlss
1006 2931 1030 2972 et
1048 2923 1159 2985 Gbllling
1177 2939 1200 2982 p.
1223 2921 1285 2973 326.

747 3044 816 3102 Tab.
837 3044 864 3104 2.

316 3181 479 3241 reiiciendos]
515 3184 548 3226 sic
568 3180 660 3226 Zellius
680 3196 692 3227 s
714 3183 776 3226 libra
795 3183 969 3226 Menestrierii.
990 3181 1071 3225 Celeri
1090 3179 1261 3238 recipiendos.

315 3268 433 3326 latronis]
453 3271 483 3323 is,
503 3271 527 3313 iu
546 3283 615 3325 quens
629 3268 742 3312 Claudius
761 3273 808 3311 ism
827 3269 913 3312 acerbe
933 3281 1064 3324 suppresso
1083 3269 1179 3312 nomine
1198 3268 1333 3323 invehitur,

350 3357 462 3399 Valerius
481 3355 600 3398 Asiaticus
619 3359 663 3397 esi.
702 3355 799 3399 'l'usilus
819 3355 882 3400 Anu.
901 3356 950 3414 Xl,
972 3352 1049 3400 1-4.
1071 3357 1135 3400 Zeli-

317 3447 414 3500 tempus
431 3439 480 3501 eet]
516 3443 573 3485 baec
593 3445 640 3484 tam
660 3442 738 3496 inepta
757 3448 827 3496 eunt,
848 3447 881 3495 ut,
901 3445 921 3487 si
943 3457 1053 3500 umquam
1083 3445 1111 3488 de
1139 3445 1220 3500 eliqua
1247 3448 1332 3489 vetars

350 3536 503 3574 monumento
522 3529 673 3574 dubitandum
694 3531 789 3584 censui,
810 3531 880 3574 huius
900 3531 995 3577 tabulas
1008 3528 1066 3574 fides
1078 3532 1181 3576 maxims
1196 3530 1268 3576 dubis
1278 3544 1334 3576 ssss

350 3619 469 3666 videatur.

317 3720 334 3749 c
351 3706 453 3764 censue]
490 3721 506 3750 a
523 3720 601 3751 censu
619 3707 713 3752 bekker
732 3708 755 3751 in
774 3705 849 3762 Lipsii
868 3705 978 3750 Excusso
997 3708 1025 3750 sd
1042 3707 1102 3751 'lua
1118 3706 1205 3750 Annul.
1225 3701 1271 3752 Xl.
1284 3699 1332 3750 24.

317 3790 464 3852 advocatus]
498 3800 617 3839 avocutus
635 3795 740 3840 Bekker.

277 3863 279 3868 ,
312 3876 423 3938 publice]
457 3880 573 3938 publicus
593 3881 656 3928 Zell.
676 3883 717 3926 sed
737 3883 803 3936 prius
822 3895 904 3925 verum
924 3891 969 3926 est.

559 4013 690 4072 CXXXI.
731 4014 764 4070 L.
785 4013 913 4072 Annaeus
933 4015 1045 4074 Seneca

345 4145 447 4207 Natus
470 4156 517 4207 cst
540 4164 570 4206 a.
600 4145 658 4206 747
683 4146 730 4224 (7)
757 4144 903 4223 (Clinton
928 4149 969 4208 ad
996 4168 1026 4209 a.
1053 4147 1162 4226 lib),
1188 4147 1334 4231 equestri

281 4255 312 4306 et
335 4245 529 4326 provinciali
551 4245 625 4311 loco
648 4259 748 4322 ortus,
765 4259 799 4309 ut
817 4247 947 4311 Tacitus
970 4249 1090 4312 Annal.
1119 4252 1168 4324 lt,
1186 4249 1239 4311 53.
1263 4259 1334 4310 tra·

279 4343 369 4407 didit.
394 4345 735 4426 Quaesturamuescio
757 4371 823 4434 quo
846 4371 929 4414 anno
946 4350 1099 4425 obtinuit3
1119 4353 1178 4414 sub
1193 4350 1333 4416 Tiberio
