2992 4844
364 525 392 582 3.
433 525 532 584 Oratio
552 544 604 598 pro
624 529 689 598 legs
709 545 761 586 sua
781 531 818 586 do
840 533 962 590 tribunis
986 537 1119 593 militum.

277 665 372 730 Dicta
396 688 427 730 a.
450 670 510 732 old
537 671 641 746 (105).

279 769 456 831 Maiansius
484 773 536 850 (ad
561 771 691 855 triginta
713 772 794 836 luris
820 796 911 838 cons.
942 778 1134 860 Fragmenta
1161 782 1203 844 T.
1223 784 1265 846 2.

215 895 249 953 p.
268 873 298 948 9)
327 871 458 934 scribit:
485 876 524 937 P.
552 874 691 937 Rutilius
719 877 830 938 consul
856 877 957 960 legem
986 880 1056 943 tulit
1077 885 1115 946 dc
1132 882 1268 946 tribunis

216 973 348 1035 militum
376 996 392 1035 n
420 976 550 1038 consule
576 977 733 1039 creandis.

279 1078 393 1138 Festus
425 1099 459 1157 p.
491 1080 561 1140 tot.
608 1082 738 1158 Rrrfuli
765 1084 894 1146 tribuni
924 1085 984 1146 mil
1010 1084 1100 1162 (itum
1127 1089 1267 1170 appella·

216 1182 345 1252 bantur,
371 1182 465 1262 quos)
493 1181 603 1242 consul
631 1181 787 1258 faciebat,
814 1183 908 1269 n(on
933 1188 1091 1266 populus,
1120 1193 1157 1252 de
1186 1214 1267 1275 quo-

215 1303 284 1342 rum
321 1280 389 1342 iure
420 1284 519 1366 quod)
552 1285 704 1347 Rutilius
740 1285 861 1376 Rufus
894 1291 1004 1370 legem
1032 1291 1178 1366 (tulerat,
1204 1315 1266 1377 qua

10 1383 12 1396 '
121 1455 125 1463 Ι
215 1382 261 1444 eis
285 1387 457 1445 cavebatur
476 1384 592 1462 uudtis)
609 1387 730 1450 modis:
755 1388 800 1451 sic
827 1390 907 1452 enim
936 1391 1024 1452 eleva
1047 1396 1173 1469 (verant
1198 1417 1265 1470 eos,

216 1497 249 1547 ut
264 1489 577 1568 praeponderalbant
598 1488 619 1550 ii
639 1489 692 1572 qui
714 1491 827 1572 populi
850 1491 932 1554 sullr
953 1493 1047 1574 (agiis
1065 1498 1264 1570 creabantur,

219 1590 292 1652 Rufi
322 1597 353 1663 a)
400 1591 594 1672 cognomine
630 1591 729 1654 Rutili
768 1596 817 1664 alc
859 1607 932 1675 post
965 1596 1075 1658 Rul'uli
1110 1598 1260 1680 appellati

152 1699 154 1704 '
216 1694 316 1767 sunt.)

459 1861 487 1916 d.
528 1861 625 1918 Oratio
645 1865 681 1920 de
703 1865 788 1921 modo
817 1865 1023 1928 aedificiorum.

282 1991 360 2052 Eam
391 1989 530 2052 Rutilius
564 1992 594 2054 in
622 1995 786 2056 consulatu
816 1996 962 2057 habuisse
1001 1997 1124 2060 videtur
1148 2020 1177 2058 a.
1207 2000 1268 2062 649

219 2096 321 2169 (105).

280 2189 449 2258 Suetonius
476 2198 616 2279 August.
653 2221 682 2259 c.
713 2199 766 2260 89.
823 2200 938 2262 Etiam
967 2201 1074 2262 libros
1108 2214 1200 2265 totos
1232 2215 1266 2264 et

217 2301 352 2361 senatui
378 2299 533 2360 inritauit
563 2312 595 2361 et
624 2303 752 2382 populo
784 2314 883 2363 notos
908 2325 971 2383 per
991 2303 1139 2364 edictum
1164 2327 1265 2385 saepe

206 2396 322 2488 fecit,
349 2414 385 2462 ut
414 2403 591 2464 orationes
618 2407 660 2486 Q.
689 2403 821 2466 Metelli
854 2404 893 2464 de
927 2408 1024 2484 prole
1053 2407 1216 2486 erigenda
1234 2418 1267 2467 et

219 2503 341 2566 Rutilii
355 2505 396 2566 de
413 2507 514 2568 modo
530 2505 785 2580 aedificiorum,
804 2529 871 2588 quo
888 2506 1000 2586 magis
1021 2497 1278 2586 persuaderet.

218 2619 398 2690 utramque
444 2631 517 2671 rem
556 2631 624 2672 non
668 2630 689 2668 a
733 2631 768 2670 se
813 2608 927 2689 primo
974 2608 1264 2684 animaduersam,

217 2710 278 2772 red
302 2711 453 2794 antiquis
480 2724 550 2772 tam
573 2724 653 2773 tunc
679 2733 783 2772 curae
800 2709 944 2800 fuisse.

252 2853 282 2914 Q.
309 2853 415 2914 Metelli]
452 2858 545 2900 Krause
571 2858 671 2912 l'rugm.
701 2857 876 2900 nisurum-un
908 2870 930 2910 n.
965 2851 1025 2898 232.
1058 2857 1121 2900 delet
1147 2857 1177 2913 Q.
1214 2869 1267 2901 cuin

287 2947 340 2988 cod.
359 2945 525 2994 Berolineuse.

283 3063 448 3146 Augustus
471 3063 589 3125 insanis
620 3067 768 3126 domuum
797 3073 826 3124 et
861 3063 1008 3124 villarum
1042 3064 1268 3127 exstructioni-

218 3170 276 3228 bus
293 3187 466 3228 occurrere
489 3168 617 3241 volens,
640 3165 789 3228 recitavit
813 3165 843 3227 in
868 3178 975 3228 senatu
999 3167 1180 3229 orationem
1199 3169 1267 3229 Ru-

217 3268 277 3332 tilii
302 3272 340 3330 de
362 3271 458 3332 modo
492 3269 730 3346 aedificiorum,
765 3272 955 3353 modumque
990 3268 1059 3349 ipse
1086 3269 1268 3349 praefinivit

219 3370 384 3433 aedificiis.
419 3371 556 3433 Rutilius
582 3372 663 3433 enim
697 3372 728 3433 in
756 3393 790 3434 ea
819 3373 964 3435 oratione
988 3374 1025 3433 de
1051 3373 1216 3434 altitudine
1238 3383 1270 3433 et

219 3473 380 3535 latitudine
397 3473 593 3554 privatorum
615 3475 736 3536 aedium
758 3475 921 3555 praecepit
937 3486 1124 3557 certumque
1141 3478 1268 3536 modum

219 3575 288 3638 sive
322 3597 482 3638 nnmerum
507 3580 622 3657 pedum
641 3575 775 3652 ‚statuit
821 3577 890 3638 Nec
918 3598 994 3638 raro
1029 3597 1083 3638 eos
1121 3578 1268 3638 multatos

220 3699 298 3752 esse,
316 3677 372 3762 qui
396 3678 427 3741 in
443 3682 501 3740 hac
516 3701 552 3740 re
577 3691 759 3760 peccarent,
787 3691 908 3740 eertum
934 3690 1000 3754 est,
1024 3679 1269 3762 exemplumque

221 3781 313 3841 affert
339 3781 491 3844 Valerius
522 3781 686 3844 Maximus
713 3783 750 3857 8,
776 3787 810 3855 l,
837 3783 874 3842 7:
905 3781 1102 3844 Admodum
1130 3800 1268 3842 severae

220 3893 322 3943 notae
344 3897 376 3945 et
403 3885 489 3946 illud
512 3881 847 3965 populi'iuclicium‚
885 3904 962 3942 cuin
992 3884 1048 3944 M.
1081 3881 1268 3942 Aemilium

221 3985 404 4047 Porcinam
440 4007 462 4047 α
501 3991 541 4048 L.
579 3986 701 4048 Cossio
740 3996 940 4046 securarum
982 3981 1124 4042 crimine
1165 3980 1268 4042 nimis

219 4087 364 4150 sublime
379 4099 559 4150 extructae
580 4087 679 4148 villae
702 4089 737 4149 in
762 4086 910 4150 Alsiensi
934 4105 1023 4165 agro
1042 4083 1143 4162 gravi
1160 4083 1268 4143 multo

184 4223 193 4244 ·
218 4187 352 4277 offecit.
399 4189 501 4254 Conf.
527 4187 706 4250 Maiansius
734 4193 772 4251 ad
801 4190 904 4251 XXX
932 4181 1103 4246 iuriscons.
1134 4184 1269 4266 Fragm.

220 4304 241 4360 t.
269 4293 300 4356 2.
329 4314 364 4374 p.
392 4294 443 4354 lo.
