2984 4842
222 349 284 411 tlt

260 514 308 559 tut.
331 512 436 573 Coesur]
474 508 504 560 1ο
518 517 629 560 oratione
645 515 741 560 funebri
763 513 835 559 iuliae
860 515 956 560 smiles.
1054 541 1056 548 ν

296 616 408 679 Schol.
441 615 670 679 Gronovianus
698 615 728 678 in
761 627 844 678 orat.
876 636 909 696 p.
942 612 1103 675 Marcello
1131 633 1165 692 p.
1200 611 1272 675 119.

226 721 369 780 Constat
384 720 569 781 Caesarem
592 741 629 780 se
652 719 782 780 iactare
806 717 922 779 diuino
943 714 1079 798 origine
1102 735 1124 774 o
1143 717 1274 777 Venere

227 839 301 882 esse
324 831 455 884 natum.
501 821 596 884 Unde
617 833 651 882 et
673 821 756 883 detes
777 831 900 902 postea
926 820 1119 900 appellatus
1140 828 1203 878 est.

493 989 521 1044 5.
563 989 701 1044 laudatio
722 987 874 1044 Corneliae
894 985 1001 1042 uxoris.

183 1193 187 1201 ἱ
293 1119 340 1180 Ea
371 1129 418 1180 est
451 1117 557 1180 habita
592 1140 622 1182 a.
653 1120 713 1180 686
744 1118 826 1196 (68).
861 1116 981 1182 Caesar
1010 1115 1197 1180 Corneliam
1230 1117 1272 1176 L.

230 1218 363 1294 Cinnae,
387 1219 525 1283 hominis
548 1221 733 1302 popularis,
757 1221 852 1282 liliam
876 1240 938 1283 non
961 1241 1001 1282 eo
1023 1229 1143 1279 tanturn
1166 1217 1272 1278 londa·

229 1322 293 1397 vit,
326 1333 358 1384 ut
391 1321 523 1386 virtutes
559 1321 626 1385 eins
656 1335 727 1386 ante
755 1323 866 1385 oculos
896 1332 1050 1402 poneret,
1082 1324 1137 1382 sed
1169 1331 1201 1380 nt
1229 1321 1272 1380 L.

228 1422 362 1488 Cinnam
383 1434 518 1505 patrem,
543 1424 597 1507 qui
622 1426 706 1488 bello
729 1423 818 1487 cirili
840 1423 923 1486 inter
947 1424 1114 1486 Marianos
1139 1419 1273 1483 maxime

227 1526 423 1600 excellebat,
440 1548 528 1590 novo
552 1530 677 1590 honore
703 1527 858 1602 alliceret,
885 1526 1086 1608 laederetque
1106 1522 1274 1605 optimates

229 1649 404 1713 eorumque
428 1629 650 1705 auctoritatem
673 1628 883 1696 imminueret.

292 1732 381 1794 Suet.
412 1729 507 1794 Caes.
541 1730 573 1791 6.
626 1732 755 1794 Caesar
784 1740 946 1812 quaestor
974 1729 1101 1793 Iuliam
1130 1730 1274 1792 amitam

225 1853 440 1916 uxoremque
476 1831 672 1896 Corneliam
709 1829 897 1918 ἄφιππον
929 1829 1083 1891 laudauit
1120 1853 1139 1892 e
1177 1853 1272 1894 more

223 1956 291 2017 pro
312 1934 452 1997 rostris.

286 2035 374 2098 Plut.
398 2033 491 2098 Caes.
514 2033 547 2094 5.
592 2028 629 2096 τὸ
652 2037 713 2116 μὲν
739 2017 797 2098 οὖν
819 2032 870 2096 ἐπὶ
889 2031 1016 2115 γυναιξὶ
1036 2034 1277 2122 πρεσβυτέραις

225 2131 345 2219 λόγους
368 2134 564 2225 ἐπιταφίους
585 2133 736 2212 διεξιέναι
757 2128 898 2224 πάτριον
923 2119 963 2212 ἦν
978 2127 1170 2218 Ῥωμαίοις,
1184 2138 1274 2210 νέαις

217 2233 262 2311 ,δ’
289 2233 348 2302 οὐκ
370 2233 408 2300 ὃν
430 2237 462 2300 ἐν
490 2235 567 2300 ε’θει
594 2236 724 2325 πρῶτος
752 2225 819 2302 εἷπε
841 2237 978 2325 Καῖσαρ
1001 2235 1273 2316 inimiciorem]

223 2334 382 2424 γυναικὸς
412 2332 666 2426 ἀποθανούσης,
696 2343 751 2404 καὶ
783 2333 871 2432 τοῦτ’
902 2335 1032 2422 ἤνεγκεν
1057 2333 1162 2428 αὐτῷ·
1172 2333 1273 2427 χάριν

223 2437 298 2506 τινά
329 2443 385 2506 καὶ
415 2435 706 2530 συνεδημαγώγησε
743 2440 788 2531 τῷ
817 2433 925 2505 πάθει
952 2436 1029 2516 τοὺς
1060 2437 1202 2516 πολλοὺς
1230 2433 1273 2516 ὡς

224 2533 345 2629 ἥμερον
366 2539 472 2633 ἄνδρα
494 2547 551 2608 καὶ
568 2543 762 2631 περίμεστον
784 2539 896 2623 ἤθους
918 2537 1062 2632 ἀγαπᾷν.

384 2711 413 2767 6.
454 2710 555 2767 Oratio
575 2710 611 2765 de
632 2709 663 2765 l..
687 2708 812 2765 Catilina
832 2711 861 2765 in
882 2713 983 2766 senatu
1005 2709 1113 2766 habita.

290 2839 338 2902 Ea
360 2851 407 2902 est
430 2839 537 2902 habita
567 2861 593 2902 a.
628 2839 686 2902 691
711 2836 796 2923 (63),
822 2861 892 2901 cunr
916 2841 954 2901 de
979 2837 1118 2902 Catilina
1140 2836 1270 2900 ceteris·

227 2964 288 3025 qne
312 2941 485 3005 coniuratis
508 2942 539 3004 in
563 2955 670 3005 senatu
694 2941 935 3005 deliberaretur.
983 2943 1028 3003 Ea
1053 2963 1114 3004 non
1138 2939 1270 3021 amplius

224 3054 331 3117 extat,
357 3048 411 3106 sed
434 3047 521 3126 qnod
551 3058 676 3107 secutus
705 3043 857 3107 fueritin
881 3067 915 3108 ea
940 3043 1107 3107 consilium
1130 3043 1270 3128 quidque

224 3135 432 3224 spectaverit,
450 3139 546 3206 exiis
564 3158 708 3226 apparet,
725 3168 805 3230 quae
822 3145 987 3226 Appianus
1004 3145 1087 3208 Bell.
1105 3143 1181 3208 Cir.
1196 3143 1221 3205 l.
1239 3144 1268 3216 2,

225 3247 256 3306 6.
275 3245 362 3306 Plut.
382 3243 464 3306 Cato
482 3267 511 3306 c.
536 3247 595 3325 22.
621 3245 716 3309 Caes.
746 3251 775 3315 7.
799 3245 969 3309 Suetonius
986 3245 1081 3310 Caes.
1101 3248 1151 3306 ll.
1176 3257 1270 3327 atque

226 3344 346 3409 Cicero
370 3344 465 3408 Orat.
492 3343 588 3412 Catil.
613 3348 649 3417 t,
678 3347 714 3419 lt,
741 3351 771 3408 7.
797 3349 837 3406 ad
861 3345 1048 3408 Atticnm'l.
1074 3345 1131 3420 12,
1155 3345 1212 3417 21,
1238 3346 1269 3406 1.

228 3445 418 3510 retulerunt.
443 3443 598 3507 Salustius
620 3445 651 3507 in
677 3445 762 3526 libro
785 3468 844 3509 suo
867 3449 905 3508 de
924 3444 1058 3509 Catilina
1075 3448 1272 3530 (quem'pos't

224 3543 365 3612 'mortens
380 3550 503 3609 demum
520 3545 668 3610 Caesaris
683 3546 837 3628 scriptum
855 3547 1009 3626 arbitror)
1029 3571 1058 3610 ο.
1075 3549 1128 3610 61.
1147 3547 1270 3610 oratio·

226 3671 295 3712 nem
319 3648 433 3712 tribuit
456 3647 605 3722 Caesari,
631 3669 711 3733 qnae
736 3670 801 3712 non
828 3648 928 3730 ipsius
956 3648 1103 3713 Caesaris
1126 3663 1191 3726 est,
1216 3653 1270 3712 sed

225 3774 283 3816 sno
315 3749 446 3834 ingenio
478 3751 651 3815 elaborata.
689 3749 788 3815 Conf.
822 3752 985 3815 Drurnann
1015 3764 1039 3816 t.
1074 3754 1106 3815 3.
1133 3749 1166 3836 p.
1196 3752 1267 3813 170.

225 3867 250 3920 t.
275 3856 307 3918 5.
330 3877 362 3936 p.
387 3855 459 3918 tlt.
1063 3853 1065 3858 ’

172 3963 175 3970 ’
292 3957 380 4021 Plut.
405 3955 501 4020 Caes.
527 3957 558 4018 7.
582 3958 615 4022 ἐν
639 3959 674 4021 δὲ
697 3956 735 4048 τῇ
758 3957 862 4049 βουλῇ
884 3954 970 4022 κατὰ
990 3950 1111 4046 κράτος
1133 3955 1271 4041 ἐξελεγχ-

227 4061 357 4124 θέντων
387 4062 441 4123 Ικαὶ
467 4059 652 4147 Κικέρωνος
683 4060 743 4124 τοῦ
773 4055 900 4124 ὑπάτου
928 4053 1060 4144 γνώμας
1088 4057 1271 4147 ἐρωτῶντος

226 4163 299 4245 περὶ
321 4155 486 4236 κολάσεως
519 4161 672 4238 ἕκαστον,
706 4164 738 4224 ni
766 4167 826 4247 μὲν
855 4157 952 4226 ἄλλοι
979 4163 1074 4246 μέχρι
1096 4160 1270 4244 Καίσαρος

227 4260 405 4324 θανατοῦν
424 4263 585 4340 ἐκέλευον,
610 4255 630 4326 ὁ
652 4264 688 4327 tt
699 4306 702 4317 ·
713 4264 849 4344 Καίσαρ
867 4257 1016 4337 ἀναστάς
1031 4256 1131 4344 λόγον
1147 4261 1270 4339 διῆλθε
