2992 4840
190 572 218 603 f

247 361 306 424 ¹92

311 517 502 581 Macrobius
531 518 690 580 Saturast.
719 517 757 592 2,
788 519 839 578 tu.
886 515 1064 580 Nobilium
1089 539 1169 581 vero
1188 517 1292 595 filios

247 634 297 698 et,
321 621 415 704 quod
434 620 529 682 dictu
548 617 654 710 nefas
674 631 742 694 est,
760 617 866 695 filias
881 641 1015 702 quoque
1035 620 1187 703 virgines
1201 621 1292 684 inter

246 723 406 786 studiosa
423 743 623 784 numerasse
646 721 798 786 saltandi
818 722 1093 796 meditationem,
1119 723 1217 784 testis
1241 735 1294 786 est

248 825 363 907 Scipio
374 823 572 914 Africanus
584 823 821 900 Aemilianus,
846 824 905 906 qui
930 823 966 884 in
990 823 1148 886 oratione
1171 837 1294 888 contra

247 929 357 1008 legem
377 926 598 988 iudiciariam
621 925 699 988 Tib.
727 926 875 989 Gracchi
901 925 950 987 sic
973 926 1044 988 ait:

312 1051 490 1111 Docentur
508 1046 722 1128 praestigias
739 1046 956 1109 inhonestos:
978 1067 1056 1108 cum
1079 1046 1291 1123 cinaedulis,

250 1161 284 1212 et
307 1150 470 1212 sambuca
491 1148 724 1231 psalterioque
751 1162 833 1211 eunt
862 1149 896 1210 in
928 1148 1047 1209 ludum
1072 1148 1292 1212 histrionum.

249 1251 399 1316 Discunt
422 1263 584 1325 cantore,
609 1271 695 1332 quae
723 1250 873 1312 maiores
897 1249 1009 1312 nostri
1033 1249 1193 1331 ingenuis
1210 1273 1295 1333 pro·

248 1353 311 1416 bro
333 1352 452 1415 ducier
472 1355 664 1416 voluerunt.
709 1355 821 1427 Eunt,
847 1351 1006 1434 inquam,
1031 1352 1067 1412 in
1088 1353 1208 1414 ludum
1226 1355 1294 1415 sal·

248 1455 417 1518 tatorium
442 1455 533 1516 inter
566 1454 728 1517 cinaedos
761 1454 912 1536 virgines
938 1453 1109 1536 puerique
1139 1454 1293 1536 ingenui.

250 1557 344 1620 Haec
373 1578 451 1618 cum
484 1557 567 1618 mibi
599 1559 782 1640 quisquam
810 1555 1000 1629 narrabat,
1041 1577 1108 1617 non
1135 1567 1296 1637 poteram

250 1659 405 1720 animum
437 1659 618 1732 inducere,
655 1679 696 1719 ea
724 1658 849 1720 liberos
872 1678 955 1719 suos
986 1658 1141 1720 homines
1167 1659 1296 1720 nobiles

251 1761 386 1823 docere.
422 1761 490 1823 Sed
512 1781 589 1821 cum
610 1760 730 1822 ductus
753 1780 830 1822 sum
857 1759 893 1820 in
918 1759 1037 1821 ludum
1062 1760 1292 1835 saltatoriam,

248 1866 329 1946 plus
351 1862 483 1924 medius
500 1861 617 1939 fidius
639 1862 674 1924 in
693 1884 734 1925 eo
758 1861 840 1925 ludo
858 1861 927 1923 vidi
944 1862 1063 1943 pueris
1088 1861 1295 1942 uirginibus·

252 1986 316 2048 que
339 1965 557 2047 quingentis‚·
587 1964 623 2026 in
649 1964 703 2025 his
731 1984 858 2038 unum,
894 1964 987 2046 quod
1016 1985 1067 2024 me
1090 1963 1296 2054 reipublicae

252 2066 404 2128 maxime
434 2065 612 2128 misertum
641 2077 715 2139 est,
742 2086 892 2146 puerum
916 2065 1104 2139 bullatum,
1134 2065 1297 2146 petitoris

245 2167 369 2245 fliium
395 2189 464 2231 non
491 2169 658 2230 minorem
686 2167 789 2229 annis
818 2167 1020 2238 duodecim,
1052 2189 1129 2228 cum
1156 2169 1296 2230 crotalis

253 2273 398 2345 saltare,
423 2291 526 2354 quam
551 2271 770 2333 saltationem
792 2269 986 2352 impudicus
1012 2272 1168 2332 servulus
1192 2272 1295 2332 hone·

254 2386 306 2436 ste
334 2376 463 2436 saltare
489 2393 557 2436 non
576 2384 706 2455 posset.

287 2534 426 2594 docentur]
463 2537 533 2581 tiberi
553 2538 659 2595 ingenui.

290 2662 317 2705 in
335 2659 421 2705 ludum
439 2659 610 2718 histrionum]
648 2662 728 2706 metim
751 2659 923 2706 histrioniam.
951 2661 1072 2705 Duebosr.
1107 2661 1132 2703 tt
1154 2660 1294 2704 vocabulum

324 2762 338 2790 a
357 2749 440 2792 lexicis
460 2750 550 2791 nostris
572 2749 649 2791 abest.

290 2871 376 2916 ludum
397 2870 576 2931 saltatorium]
621 2873 717 2916 saltatio
739 2875 800 2926 apud
822 2886 937 2916 rosnsnos
959 2874 1022 2916 inter
1043 2883 1083 2914 res
1107 2875 1187 2924 turpes
1211 2875 1234 2912 et
1256 2871 1297 2914 ob·

327 2973 409 3004 soenes
431 2960 572 3004 habebatur.
604 2959 731 3003 Cornelius
751 2959 830 3015 Nepos
854 2962 875 3003 in
892 2959 1061 3002 praefatione:
1087 2955 1115 3000 ln
1128 2970 1229 3000 scenam
1242 2969 1299 3000 nero

324 3045 427 3104 prodire
454 3052 477 3090 et
504 3048 595 3104 populo
617 3061 673 3090 esse
702 3047 863 3104 spectaculo,
895 3046 988 3090 nemini
1013 3045 1039 3088 in
1066 3042 1160 3088 eisdem
1182 3043 1299 3104 gentibus

327 3131 365 3192 (in
386 3129 507 3193 Graecia)
524 3130 581 3192 suit
602 3133 766 3191 turpitudini,
791 3149 853 3193 pisae
875 3134 959 3178 ornnia
985 3130 1054 3190 apud
1072 3145 1117 3175 nos
1138 3132 1233 3188 purtim
1256 3131 1300 3174 in-

321 3217 423 3281 famia,
441 3222 537 3277 purtim
550 3219 739 3288 humiliumque
752 3222 783 3264 ab
800 3220 928 3266 honestate
950 3226 1044 3263 remota
1053 3225 1192 3275 ponuntur.
1213 3219 1299 3262 Cicero

327 3312 354 3354 dc
369 3309 461 3354 Officiis
486 3310 514 3368 i,
535 3307 576 3358 tt.
601 3325 638 3354 or.
657 3323 681 3365 p.
695 3311 797 3354 Murena
817 3324 839 3354 c.
855 3307 878 3353 6.

292 3433 434 3494 quisquam]
471 3441 594 3490 exspectes
614 3434 748 3492 quispiam.

292 3559 449 3620 quingentis]
486 3559 693 3610 Saresberisnsis,
714 3560 753 3615 qui
773 3561 795 3602 in
819 3559 881 3603 libro
902 3558 936 3601 Dc
963 3557 1036 3616 Nugis
1056 3557 1186 3602 curiatibus
1207 3553 1232 3612 8,
1261 3553 1300 3596 ts.

329 3662 352 3701 μ.
369 3646 417 3693 592
441 3653 514 3690 toturn
534 3661 562 3691 ex
581 3646 709 3690 Macrobio
729 3648 806 3690 iocum
827 3647 964 3697 transtulit,
992 3647 1049 3702 legit
1072 3645 1150 3698 aptius
1172 3641 1296 3685 ducentis.

294 3773 320 3815 in
339 3769 379 3816 isis
399 3768 486 3828 unum]
523 3769 730 3815 Suresberiensis:
759 3772 786 3814 in
805 3768 862 3822 itis,
885 3767 950 3828 quod
969 3783 1007 3812 me
1027 3770 1093 3824 reip.
1118 3767 1231 3810 rnoxime
1252 3766 1304 3808 rni-

330 3865 423 3902 sertum
447 3864 498 3912 est,
529 3857 582 3902 vidi
604 3871 679 3900 unum
694 3855 781 3917 fllium
800 3857 935 3914 petitoris,
965 3870 1074 3914 puerum
1096 3855 1231 3908 bullatum,
1255 3867 1303 3896 non

329 3947 451 3989 minorem
468 3951 512 3992 stc.

292 4068 426 4127 petitoris]
464 4071 604 4114 Macrobius
622 4072 672 4124 ipse
686 4070 802 4130 explicat:
825 4067 913 4122 Vides,
931 4066 1135 4128 quernudmodum
1153 4065 1305 4124 ingemuerit

330 4153 487 4216 Africanus,
510 4157 576 4217 quod
594 4155 714 4207 vidisset,
735 4171 790 4198 curn
810 4157 914 4199 crotalis
933 4152 1160 4214 saltantemfiiium
1176 4151 1302 4208 petitoris,

331 4244 359 4289 id
378 4251 428 4299 est,
465 4243 609 4296 candiduli,
637 4255 707 4299 quem
732 4257 762 4285 ne
784 4251 840 4287 tunc
864 4241 961 4298 quidem
985 4254 1043 4296 spes
1069 4245 1092 4280 et
1124 4239 1190 4282 ratio
1219 4235 1305 4291 adipi·
