2970 4836
275 357 314 418 36

340 515 392 577 13.
418 512 586 578 Charisius
609 534 642 592 p.
669 511 741 573 137.
773 514 897 592 Atque.
935 515 1021 575 Cato
1047 513 1182 576 dierum
1208 517 1317 578 dicta-

274 638 353 678 rum
373 617 414 680 de
435 618 617 679 consulatu
641 634 725 676 suo:
749 617 860 695 Atque
876 633 1084 697 quamquam
1105 618 1212 678 multa
1230 639 1318 682 noua

275 720 443 780 miracula
457 715 587 806 fecere
609 716 739 778 inimici
763 717 840 787 mei,
867 726 982 777 tamen
1010 737 1140 799 nequeo
1162 719 1317 783 desinere

273 821 398 883 mirari
420 841 541 882 eorum
565 818 749 881 audaciam
771 828 873 898 atque
896 816 1156 893 confidentiam.

338 924 389 984 11.
426 920 607 985 Charisius.
646 923 758 982 Falso.
798 941 833 999 p.
862 919 935 979 118.
979 922 1034 981 M.
1066 923 1152 983 Cato
1181 922 1317 984 dierum

272 1024 445 1086 dictarum
470 1024 511 1084 de
537 1025 720 1085 consulatu
745 1041 833 1084 suo:
868 1020 914 1084 Εἰ
937 1019 989 1082 rei
1014 1021 1061 1081 da
1086 1044 1249 1103 operam,
1277 1037 1316 1086 ut

272 1127 356 1190 milri
369 1124 480 1215 falso
501 1125 739 1187 maledicatur.

305 1269 339 1315 de
356 1268 470 1328 speram]
491 1270 528 1313 An
541 1269 572 1313 do
589 1267 713 1326 operam?
729 1269 767 1312 esi
781 1267 864 1312 danda
881 1267 976 1324 opera?
991 1267 1050 1312 dam
1066 1271 1140 1314 codes
1157 1270 1238 1329 uisu,
1254 1270 1316 1316 dant

338 1371 441 1417 opernm
462 1358 560 1404 Purser.

545 1531 590 1586 10.
622 1529 722 1586 Oratio
746 1532 783 1585 de
806 1533 956 1586 consulatu
979 1546 1041 1586 sua.

333 1683 381 1744 Ea
414 1679 523 1744 oratio
551 1701 581 1740 a.
606 1678 668 1739 560
694 1679 796 1756 (194)
827 1690 902 1758 post
934 1677 1068 1740 reditum
1102 1679 1236 1742 Catonis
1273 1704 1314 1745 ex

268 1782 425 1864 Hispania
451 1783 534 1843 dieta
561 1780 700 1842 videtur.

333 1884 455 1947 Gellius
487 1885 510 1945 i.
544 1887 578 1957 lt,
616 1887 666 1943 17.
724 1885 779 1946 M.
814 1886 901 1945 Cato
939 1883 1021 1944 dicit
1055 1883 1091 1944 in
1131 1885 1308 1960 oratione,

266 2009 371 2072 quam
396 1987 437 2048 de
462 1989 645 2048 consulatu
670 2006 735 2046 suo
758 1985 894 2047 habuit:
924 1990 980 2050 Ita
1003 1987 1067 2048 lios
1080 1983 1168 2074 fert
1192 1999 1312 2049 uentus

266 2091 314 2152 ad
331 2090 488 2171 priorem
515 2091 749 2173 Pyrenaeum,
777 2089 870 2170 quod
889 2087 1030 2168 proiicit
1055 2088 1090 2149 in
1113 2091 1235 2151 altum
1269 2091 1312 2150 Et

266 2191 435 2257 Pacuvius
461 2189 536 2252 item
563 2189 594 2250 iu
622 2191 775 2274 Chryse:
808 2191 850 2253 Id
877 2190 1178 2271 promontorium,
1212 2191 1311 2253 cuius

266 2295 389 2376 lingua
413 2293 449 2354 in
473 2296 582 2354 altum
604 2292 760 2374 proiicit.

304 2441 340 2482 ita
360 2435 416 2495 lios]
458 2438 637 2496 legendumne
654 2450 708 2480 nos.
754 2439 789 2481 De
811 2453 835 2482 se
858 2440 910 2492 ipso
932 2439 995 2481 enim
1014 2443 1038 2482 ct
1057 2439 1132 2492 capiis
1151 2439 1200 2481 suis
1223 2440 1246 2481 in
1269 2439 1310 2482 iii-

336 2527 441 2582 spsnisrn
461 2525 624 2583 navigantibus
642 2525 756 2582 loquitur.

300 2650 334 2694 ud
350 2651 466 2707 priorem
478 2647 647 2708 Pyrenaeum]
667 2649 805 2706 Legenduin
824 2656 860 2694 est
877 2649 912 2694 ud
923 2651 1122 2706 promontorium
1139 2649 1311 2708 Pyrenaeum,

336 2745 360 2783 et
383 2752 436 2780 eum
459 2737 502 2780 hae
523 2738 689 2780 ernendstione
711 2738 835 2789 convenit,
860 2740 921 2794 quod
943 2739 1060 2794 sequitur,
1082 2737 1146 2794 quod
1161 2739 1266 2793 proiicit
1283 2740 1310 2782 iu

334 2825 421 2868 ultum.
471 2823 585 2867 Eiusdem
614 2825 772 2871 promontorii
796 2827 940 2868 mentionem
965 2825 1021 2869 iacit
1040 2825 1122 2868 Livius
1149 2827 1165 2868 i.
1191 2824 1240 2876 29,
1267 2825 1307 2871 19.

333 2911 373 2954 Ita
394 2923 450 2952 eum
468 2911 577 2968 triginta
596 2911 696 2953 navium
715 2911 797 2954 classe
819 2912 892 2954 ostiis
912 2912 1041 2955 Tiberinis
1058 2909 1187 2968 profectus
1203 2919 1309 2968 praeter

334 3011 405 3042 oram
422 2996 501 3040 Tusci
519 2999 609 3048 inuris,
628 2997 704 3054 Alpes
724 3004 795 3055 atque
814 2996 944 3042 Gallicum
962 3000 1047 3041 sinum
1065 3005 1088 3042 et
1106 2999 1195 3042 deinde
1214 2998 1308 3058 Pyre-

335 3084 411 3128 nusi
432 3085 612 3128 circumsectus
626 3087 896 3141 promontorium,
919 3083 1048 3142 Emporiis
1069 3087 1128 3129 urbe
1149 3100 1245 3146 graeco
1264 3102 1309 3131 co-

330 3176 390 3231 pius
413 3173 540 3231 exposuit.
579 3173 665 3216 Strabo
685 3173 702 3215 i.
722 3174 765 3214 lv.
785 3188 807 3227 p.
831 3171 888 3217 181.
925 3167 958 3222 τὸ
976 3166 1177 3240 Ἀφροδίσιον,
1198 3169 1232 3222 τὸ
1255 3173 1309 3237 τῆς

333 3257 473 3331 Πυρήνης
498 3251 601 3328 ἄκρον.
648 3261 713 3302 Haud
739 3263 820 3314 prosu!
845 3261 874 3303 ab
906 3264 1073 3316 promontorio
1098 3263 1223 3312 Prrenseo
1257 3267 1308 3305 erat

333 3355 416 3404 porlus
435 3351 573 3402 Pyrenaeus
595 3349 644 3392 sire
666 3355 750 3402 portus
770 3351 882 3402 Veneris,
906 3364 919 3390 a
937 3353 1025 3404 templo
1047 3351 1150 3394 Veneris
1166 3352 1200 3392 sic
1221 3351 1307 3392 dictus.

334 3437 404 3480 Cani.
424 3437 505 3480 Livius
525 3439 541 3478 i.
561 3433 602 3490 31,
622 3433 646 3480 3.
681 3435 718 3483 Μ.
740 3435 845 3479 Por-eius
864 3438 953 3480 consul
971 3439 1096 3492 extemplo
1111 3435 1187 3479 XXV
1205 3436 1309 3477 naribus

332 3525 418 3584 longis
439 3527 557 3583 (quinque
579 3525 707 3568 sociorum
726 3525 808 3577 erunt)
827 3523 861 3568 ed
880 3523 966 3568 Lunae
984 3530 1085 3580 portum
1101 3519 1241 3578 profectus,
1264 3535 1307 3563 eo-

333 3611 388 3656 dem
416 3614 531 3656 snsreitu
561 3613 693 3656 convenire
721 3614 792 3656 iusso
824 3617 848 3654 et
874 3611 954 3654 edicto
977 3624 1025 3666 per
1055 3621 1126 3652 orum
1150 3607 1307 3650 maritimum

265 3704 278 3739 .“
333 3701 411 3744 misso
436 3700 541 3744 naribus
570 3701 653 3743 omnis
682 3700 787 3758 generis
814 3699 951 3741 contractis
980 3697 1010 3738 ub
1041 3695 1112 3738 Luna
1138 3692 1306 3753 proficiscens

261 3760 265 3768 ·
333 3788 432 3842 edixit,
459 3794 483 3831 ut
503 3787 537 3831 ud
557 3794 658 3845 portum
684 3785 811 3844 Pyrenaei
836 3789 1017 3842 sequerentur,
1042 3781 1100 3825 inde
1128 3795 1155 3824 se
1176 3778 1308 3840 frequenti

332 3877 416 3918 classe
435 3875 469 3919 sd
485 3873 568 3918 ltostes
589 3877 692 3917 iturum.
730 3872 897 3915 Praeter-secti
920 3870 1069 3928 Ligustinos
1091 3877 1185 3914 mantes
1210 3872 1306 3915 sinum-

332 3977 378 4021 que
399 3961 525 4007 Gallicum
547 3960 580 4004 ad
599 3961 674 4012 diem,
694 3973 767 4017 quam
786 3957 912 4010 edixerat,
933 3964 1108 4002 convenerunt.

326 4080 494 4144 Charisius
520 4102 555 4161 p.
583 4079 655 4138 132.
681 4080 825 4138 Temere
844 4099 906 4158 pro
928 4075 1041 4139 saciie:
1067 4081 1152 4141 Cato
1168 4077 1209 4138 de
1224 4097 1305 4137 con-

262 4187 379 4246 sulatu
410 4203 494 4244 suo:
530 4180 568 4244 Si
597 4191 760 4262 cuperent
792 4181 905 4242 hostes
929 4179 1034 4268 fieri,
1067 4192 1194 4243 temere
1214 4177 1306 4256 fieri

262 4305 351 4347 nunc
370 4294 525 4365 possent.
