2992 4844
189 377 191 382 ’
289 383 351 447 366

294 562 324 603 s.
356 539 418 600 stt
450 537 519 616 (90)
548 532 710 596 tribunum
752 527 849 592 fuisse
887 532 1006 593 credo:
1040 524 1160 590 Cicero
1192 525 1273 589 enim
1302 525 1334 589 in

294 643 398 705 Bruto
421 662 449 706 c.
474 638 513 701 89
536 635 584 700 sic
605 633 739 698 scribit:
769 633 1009 698 Exercebatur
1037 649 1108 692 una
1129 631 1203 712 lege
1228 629 1339 694 Varia

293 743 459 806 iudicium
490 739 612 803 ceteris
641 748 786 820 propter
819 736 942 796 bellum
976 731 1194 795 intermissis.
1249 734 1339 794 Erat

293 842 502 910 Hortensius
513 843 550 904 in
575 841 681 914 bello,
703 838 820 922 primo
845 855 938 898 anno
960 835 1072 908 miles,
1096 835 1207 898 altero
1230 831 1336 896 tribu·

295 967 361 1008 nus
395 945 563 1016 militum,-
595 941 765 1025 Sulpicius
802 942 938 1022 legatus
970 938 1108 1008 aberat,
1144 937 1249 998 etiam
1281 937 1336 998 M.

294 1049 481 1114 Antonius.
508 1045 662 1130 Reliqui,
690 1042 749 1128 qui
772 1053 847 1104 tum
863 1040 1038 1124 principes
1053 1039 1336 1109 numerabantur,

294 1150 330 1212 in
353 1149 616 1232 magistratibus
638 1157 759 1216 erant,·
780 1155 856 1206 erat
880 1143 971 1206 enim
1004 1141 1162 1205 tribunus
1186 1141 1236 1221 pl.
1263 1151 1338 1200 tum

296 1254 330 1317 0.
347 1252 470 1324 Curio,
488 1254 531 1333 Q.
557 1251 720 1314 Metellus
741 1249 856 1319 Celer,
881 1243 1040 1307 diserti
1057 1254 1173 1305 autem
1193 1245 1233 1323 Q.
1257 1244 1290 1307 V
1292 1261 1336 1302 u·

294 1353 410 1426 rius,
434 1355 469 1418 C.
491 1353 643 1428 Carbo,
669 1355 731 1417 Cn.
755 1346 1026 1430 Pomponius,
1052 1356 1089 1408 et
1111 1345 1153 1407 hi
1173 1343 1338 1428 quidem

294 1454 548 1517 habitabant
577 1454 619 1517 in
648 1451 826 1517 rostris.
880 1451 913 1513 C.
947 1449 1051 1510 etium
1081 1447 1193 1512 Iulius
1214 1445 1337 1509 aedilis

294 1557 426 1620 curulis
447 1556 600 1640 quotidie
611 1553 702 1645 fere
733 1563 915 1615 accuratas
944 1551 1121 1612 conciones
1142 1549 1274 1610 habuit.
1298 1579 1338 1594 -

293 1658 356 1722 His
388 1656 496 1720 verbis
526 1677 624 1719 annus
656 1656 717 1716 664
743 1655 811 1728 (90)
848 1649 1064 1734 significatur,
1097 1670 1167 1712 cum
1203 1660 1339 1723 constet,

295 1770 426 1823 cunctos
456 1761 517 1823 hos
550 1758 640 1821 viros
668 1755 726 1819 illo
754 1773 837 1815 anno
872 1751 1072 1834 magistratus
1103 1748 1221 1812 fuisse:
1253 1750 1337 1814 idem

294 1861 397 1926 elucet
422 1860 542 1933 exiis,
573 1879 654 1943 quae
681 1855 800 1921 Cicero
828 1851 979 1915 subiecit:
1014 1855 1089 1916 Iam
1114 1863 1337 1935 consequente

293 1983 385 2026 anno
411 1965 455 2040 (a.
476 1962 551 2040 666)
573 1964 617 2042 Q.
651 1958 780 2024 Varius
808 1976 874 2018 sua
902 1958 976 2037 lege
1010 1955 1194 2016 damnatus
1217 1975 1338 2016 exaes-

293 2075 400 2128 serat.
430 2097 471 2108 —
496 2067 607 2146 Atque
636 2060 714 2123 huic
742 2078 834 2120 anno
854 2057 1041 2140 proximus
1066 2059 1111 2136 (a.
1138 2052 1213 2138 666)
1240 2058 1337 2121 Sulla

294 2167 433 2230 consule
452 2176 486 2228 et
507 2162 671 2246 Pompeio
681 2158 779 2251 fuit.

358 2282 428 2351 Cic.
443 2283 546 2346 Bruto
563 2305 593 2344 c.
611 2283 664 2344 62.
708 2285 749 2347 ln
765 2281 882 2344 eodem
900 2279 1011 2362 igitur
1025 2300 1169 2342 numero
1184 2279 1335 2342 eiusdem

293 2385 418 2449 aetatis
441 2385 526 2463 (eum
544 2383 689 2448 Curione
704 2395 806 2466 patre,
831 2381 942 2458 Cotta,
961 2380 1118 2464 Sulpicio,
1136 2379 1335 2463 Pomponio)

293 2491 333 2552 0.
358 2486 469 2550 Carbo
487 2483 587 2569 fuit,
611 2486 704 2548 illius
732 2484 1002 2568 eloquentissimi
1032 2485 1098 2547 uiri
1113 2483 1238 2561 filius,
1266 2503 1335 2545 non

292 2586 375 2650 satis
406 2599 530 2649 acutus
563 2599 706 2663 orutor,
740 2587 801 2648 sed
832 2597 946 2648 tamen
979 2599 1101 2649 orator
1136 2597 1335 2650 numeratus

292 2699 361 2750 est:
389 2699 465 2749 erat
496 2687 532 2749 in
565 2688 675 2750 verbis
707 2688 882 2771 grauitas,
922 2699 954 2750 et
981 2686 1100 2778 facile
1138 2688 1269 2750 dicebat
1301 2699 1335 2749 et

291 2788 534 2853 auctoritatem
561 2791 755 2851 naturalem
782 2790 954 2871 quandam
980 2791 1124 2853 babebat
1148 2789 1276 2853 oratio.

327 2909 354 2959 0.
374 2910 463 2973 carto]
500 2915 663 2958 aemulabatur
690 2915 805 2958 Crassum
828 2921 966 2974 oratorem,
993 2918 1034 2960 ssd
1058 2917 1156 2960 trusus.
1185 2915 1249 2959 Unde
1275 2915 1333 2958 illud

361 3003 465 3055 dictum,
495 3003 556 3058 quod
583 3003 607 3044 ic
635 3001 728 3045 Claudii
756 3003 893 3048 Sacerdotis
921 3004 979 3048 Acts
1008 3005 1024 3047 l.
1052 3003 1075 3052 l.
1103 3018 1127 3058 p.
1154 2998 1185 3046 38
1209 3004 1331 3046 refertur:

361 3085 464 3132 Dictum
482 3093 521 3132 est
537 3085 568 3132 dc
581 3083 703 3135 Carbone.
724 3089 767 3146 qul
784 3097 883 3134 mortuo
904 3087 997 3135 Gracco
1015 3089 1113 3135 bomine
1125 3065 1216 3150 selice,
1230 3089 1334 3133 inimico

360 3187 416 3229 suo,
429 3181 504 3220 autea
522 3174 653 3229 obscurus,
667 3176 762 3239 florere
781 3178 878 3234 coepit:
894 3183 1027 3237 postquam
1041 3173 1151 3222 Graccus
1163 3173 1333 3236 surbosaeluc

360 3268 413 3316 cst,
433 3261 461 3308 id
478 3268 531 3317 cst,
548 3263 642 3320 periit,
672 3260 752 3309 carso
777 3278 883 3310 crassus
901 3262 993 3324 saeuus
1014 3271 1077 3325 cst,
1093 3264 1121 3310 id
1137 3271 1195 3322 cst,
1214 3278 1256 3308 rec
1275 3269 1334 3308 ante

360 3355 459 3396 mortua
477 3350 581 3404 reuixit,
601 3349 636 3396 ad
646 3351 740 3414 florem
755 3353 882 3410 peruenit.

353 3484 435 3554 Ibis.
463 3506 496 3549 e.
525 3488 583 3564 90,
614 3487 686 3557 308.
742 3488 946 3553 Triennium
963 3486 1056 3576 fere
1084 3489 1125 3566 (a.
1155 3488 1234 3561 668,
1259 3489 1331 3563 669,

291 3586 455 3678 bl⁰)fuit
477 3589 559 3652 urbs
581 3590 651 3652 sine
668 3591 799 3665 armis,
822 3591 883 3652 sed
904 3602 1085 3652 oratorum
1105 3583 1171 3652 out
1189 3589 1333 3653 interitu

289 3702 351 3754 aut
372 3689 522 3753 discessu
544 3703 606 3754 aut
615 3690 722 3784 fuga
740 3694 875 3774 primas
898 3691 933 3752 in
955 3691 1069 3754 causis
1091 3692 1218 3776 agebat
1239 3695 1332 3756 Hor-

288 3792 437 3867 tensius,
473 3791 587 3874 magis
621 3793 800 3876 magisque
828 3793 980 3876 quotidie
1013 3795 1227 3876 probabatur
1258 3797 1331 3858 An-

288 3893 421 3969 tistius,
446 3893 525 3959 Piso
549 3914 649 3974 saepe
671 3894 821 3970 dicebat,
846 3895 960 3957 minus
982 3917 1084 3978 saepe
1106 3895 1328 3977 Pomponius,

288 4016 372 4058 raro
387 3995 510 4069 Carbo,
528 3995 631 4056 semel
652 4008 714 4058 aut
737 3997 862 4060 iterum
878 3998 1069 4079 Philippus.
1087 4017 1127 4041 *-
1144 3999 1330 4061 Tumultus

287 4093 427 4158 interim
442 4117 507 4174 pro
526 4099 764 4177 recuperanda
786 4099 962 4180 republica
983 4105 1026 4178 (a.
1045 4099 1119 4177 671)
1135 4112 1167 4162 et
1182 4098 1331 4162 crudelis

273 4193 450 4278 interitus
479 4208 660 4260 oratorum
688 4199 797 4262 trium
817 4205 1019 4279 Scaeuolae,
1045 4201 1227 4278 Carbonis,
1255 4203 1328 4265 An-

286 4292 376 4356 tistii
397 4297 441 4370 (s.
464 4297 552 4375 stt).
