2958 4840
1166 376 1230 440 573

171 559 312 604 reorum
332 534 568 600 accusationes
591 530 879 620 defensionesque
896 531 1068 607 meditari,
1083 553 1125 596 ac
1136 555 1220 615 pro·

171 653 210 704 ut
231 641 331 704 stilus
353 650 513 712 cesserat,
539 639 589 700 uel
611 655 757 698 onerare
779 633 950 696 sententia
971 655 1036 696 sua
1049 656 1215 720 quemque

172 745 224 806 vel
245 743 433 816 sublevare,
457 739 609 822 equestri
630 759 764 822 quoque
786 736 908 799 ordine
937 735 984 798 acl
1010 736 1223 802 audiendum

172 845 317 908 incitato
335 867 400 926 per·
423 843 548 906 edicta.

259 974 270 994 '¹
381 983 409 1038 1.
430 981 571 1039 Laudelio
591 980 718 1036 funebris
737 978 835 1036 Liviae
856 977 1013 1048 Augustus.

235 1096 284 1157 Ec
308 1106 355 1156 cst
378 1092 462 1155 dicta
486 1114 514 1157 a.
538 1094 598 1155 732
622 1094 703 1173 (99).

238 1196 344 1257 Tacit.
371 1195 488 1258 Annal.
512 1195 536 1258 l.
560 1197 596 1268 5,
630 1199 660 1256 1.
706 1192 861 1258 Rubellio
889 1204 923 1255 et
945 1190 1052 1284 Fufio
1074 1193 1223 1256 consuli·

172 1299 251 1370 bus,
287 1317 435 1382 quorum
469 1297 605 1378 utrique
640 1295 803 1358 Geminus
838 1307 1104 1377 cognomentum
1135 1307 1221 1371 erat,

173 1397 265 1464 Iulia
288 1401 451 1479 Augusta
473 1395 618 1458 mortem
641 1397 723 1459 obiit
745 1408 857 1459 aetate
880 1410 1049 1460 extrema.
1080 1397 1225 1460 laudata

173 1514 224 1563 cst
244 1523 310 1584 pro
333 1499 460 1562 rostris
481 1520 504 1559 a
526 1499 615 1562 Gaio
637 1501 785 1586 Caesare
813 1513 1021 1582 pronepote,
1045 1499 1105 1583 qui
1135 1521 1223 1564 mox

174 1626 291 1666 rerum
311 1603 443 1684 potitus
465 1613 526 1669 est.

239 1707 326 1769 Suet.
342 1703 448 1786 calig.
467 1705 517 1766 10.
541 1703 676 1766 Liuiam
684 1705 882 1786 Augustam
904 1701 1107 1794 defunctam
1118 1727 1223 1788 pruc-

173 1820 330 1872 textatus
352 1808 556 1870 etiamtunc
576 1828 643 1890 pro
665 1806 791 1868 rostris
813 1806 978 1870 laudavit.

384 1973 413 2030 2.
435 1974 576 2030 Laudatis
597 1973 727 2028 funebris
746 1972 854 2028 Tiberii
874 1971 1017 2032 Caesaris.

238 2109 286 2168 Ea
309 2118 356 2169 est
377 2103 485 2165 habita
508 2126 538 2166 a.
565 2103 625 2166 790
648 2101 727 2186 (37).

238 2211 370 2270 Sueton.
397 2206 504 2290 Calig.
533 2209 583 2268 15.
628 2206 806 2270 Tiberium
828 2229 905 2270 cum
928 2207 1044 2272 multis
1066 2210 1224 2274 lacrimis

173 2333 239 2391 pro
262 2309 422 2372 concione
445 2307 612 2372 laudavit.

239 2409 304 2474 Dio
327 2409 504 2476 Cassiusl
531 2411 582 2486 59,
607 2411 678 2474 3.²
663 2435 756 2493 εποιι
759 2436 842 2478 οατο
864 2417 925 2499 μευ
938 2437 1003 2502 γαρ
1025 2419 1080 2479 καί
1102 2409 1223 2501 λόγους

174 2505 218 2579 ἐπ
251 2509 358 2604 αὐτῷ,
392 2507 460 2578 ἀλλ
482 2509 554 2579 οὔτι
572 2538 607 2598 γε
640 2519 695 2579 καὶ
728 2515 846 2580 ἐκεῖνον
874 2507 978 2592 όυτας
999 2517 1156 2597 ἒπαιυῶυ,
1180 2513 1224 2596 ὡς
1324 2519 1326 2524 ’

175 2617 233 2681 τοῦ
255 2639 289 2680 τε
307 2610 515 2707 Αυγοόοτου
537 2621 593 2680 καὶ
615 2617 674 2682 τοῦ
696 2613 955 2706 Γερμανικοῦ
922 2641 980 2684 του
1009 2619 1113 2698 δῆμου
1142 2615 1224 2686 uua-

173 2714 363 2804 μιμνησκωυ
385 2722 440 2782 καὶ
470 2714 588 2783 ἑαυτὸν
611 2713 701 2809 αὐτῷ
726 2723 1094 2810 παρακατατιθέμενος.
1122 2721 1223 2786 Cani.

174 2819 299 2884 Eekhcl
322 2819 367 2884 D.
392 2821 436 2882 N.
460 2831 485 2882 t.
513 2821 578 2884 VI.
601 2843 634 2903 p.
658 2820 732 2884 219.

427 2959 455 3017 3.
478 2958 577 3016 Oratio
599 2978 664 3018 cum
684 2962 865 3019 consulatum
884 2963 979 3019 iniret.

238 3111 287 3172 Ea
310 3121 357 3172 est
379 3107 462 3172 dicta
484 3129 514 3171 a.
540 3110 598 3174 791
616 3109 693 3186 (38).
719 3110 780 3174 Dio
800 3111 893 3176 Cass.
911 3113 932 3182 l.
956 3113 1007 3188 59,
1031 3113 1063 3176 6.
1088 3107 1221 3194 ὁΓσίίζος

174 3211 280 3278 ταῦτα
297 3235 329 3276 τε
352 3211 497 3288 ἐπιεικῶς
519 3213 656 3292 ποιῆσαι
680 3212 776 3293 ἔδοξε,
799 3219 855 3280 καὶ
877 3212 1205 3301 τοιαῦταὲπιβὰς
1165 3243 1223 3298 της

173 3309 331 3392 ὑπατείας
352 3315 385 3380 ἐυ
408 3339 452 3406 τῳ
437 3314 693 3406 βουλευτηρίῳ
716 3311 956 3407 ἐδημηγόρησε,
978 3319 1038 3384 τοῦ
1059 3343 1093 3386 τε
1126 3323 1222 3404 Τιβε-

173 3418 246 3540 ρίου
276 3412 393 3482 καί)Η
387 3409 526 3484 ε’καστου
561 3419 604 3484 civ
630 3414 778 3512 ητιόζετο
815 3423 1039 3510 κατατρέχων,
1068 3427 1124 3486 καὶ
1151 3429 1222 3513 περὶ

173 3520 292 3586 ἑαυτου
278 3517 421 3586 πολλὰ
444 3515 766 3604 ἐπαγγελλόμενος.ι
751 3512 828 3596 ιίςτε
851 3519 910 3601 τὴν
938 3524 1131 3610 γερουσίαν,
1156 3548 1220 3642 qo-

172 3624 343 3704 (enuclees
363 3618 408 3706 μὴ
429 3617 693 3707 μεταβάλληται,
724 3617 832 3706 δόγμα
862 3625 1018 3703 ποιῆσαι,
1049 3648 1111 3688 κατ
1150 3625 1223 3702 ἔτος

174 3719 261 3788 αυτόι
283 3718 586 3807 αυαγιυιόσκεσθαι.

409 3861 438 3919 l.
468 3861 567 3920 Oratio
589 3866 689 3919 contre
708 3863 865 3920 Domitium
885 3865 996 3922 Altum.

187 4038 189 4044 ’
237 4015 367 4078 Est-cst
396 4011 481 4076 dicta
515 4035 543 4079 a.
572 4014 633 4077 792
657 4014 749 4092 (39).Ι
793 4013 860 4079 Dio
885 4013 1016 4079 Cassius
1036 4015 1061 4078 l.
1085 4016 1144 4092 59,
1168 4020 1220 4082 19.

173 4118 207 4183 iv
228 4111 359 4194 τούτοις
381 4123 451 4192 τοῖς
476 4111 549 4182 τότε
572 4119 721 4206 κριθεῖσι
740 4119 799 4185 ,καί
823 4111 994 4208 δ”Αφρσς
1020 4113 1038 4182 ὁ
1065 4121 1222 4206 Δομίτιος

172 4224 228 4285 καὶ
247 4213 383 4310 κιυὸόυῳ
406 4213 582 4310 παραδόξῳ
605 4224 660 4286 καὶ
679 4221 825 4312 σῳτηρίρι
839 4221 1107 4312 θαυμασιωτὲρᾳ
1129 4217 1221 4311 ἐχρη-

173 4345 267 4390 σατο.
291 4357 329 4370 -
356 4355 395 4367 -
414 4320 446 4400 ἔς
469 4317 561 4388 τετὸ
584 4324 755 4414 συυὲδριου
776 4317 878 4391 αὐτόν
899 4317 1052 4410 εἰσήγαγε
1081 4330 1135 4391 καὶ
1165 4321 1221 4392 ti-
