2966 4842
258 369 317 428 llo

255 553 287 611 p.
320 529 399 607 ta).
448 525 594 588 Vatinius
624 523 706 586 enim
740 518 827 582 malis
856 518 977 580 artibus
1007 513 1154 580 Caesaris
1184 514 1306 578 adiutus

257 643 439 713 praeturam
463 651 491 690 a.
510 627 570 690 599
584 627 653 705 (55)
668 621 821 696 obtinuit,
844 621 895 682 M.
921 619 1003 684 Cato
1024 631 1126 680 antem
1146 619 1305 699 repulsam

254 732 345 794 tulit:
362 751 424 815 qua
440 751 475 792 re
497 727 673 794 Calvusira
691 734 881 798 cornmotus,
891 721 1056 783 Vatinium
1067 742 1150 784 anno
1168 723 1306 797 toules)

156 896 160 904 ,
215 906 218 914 Ι
256 831 475 915 praetursiam
487 844 574 913 gesta
586 829 722 892 ambitus
735 825 913 899 accusavit,
931 824 1092 889 Cicerone
1100 823 1305 886 defendente.

321 934 419 998 Conl.
434 933 511 996 Vel.
527 935 621 995 Max.
637 933 671 1006 t,
686 933 722 1003 2,
740 931 773 991 lt.
799 929 886 990 Plut.
905 927 990 992 Cato
1003 927 1055 990 tn.
1070 928 1189 1007 Pomp.
1208 949 1238 988 c.
1254 927 1307 1000 52,

258 1035 452 1098 Garatonius
478 1035 510 1097 in
540 1033 741 1097 Plancianum
770 1054 804 1112 p.
835 1031 893 1092 251
927 1033 977 1092 ed.
1009 1030 1126 1094 Orelli.
1172 1031 1210 1091 ln
1247 1031 1308 1091 hac

259 1137 460 1200 accusatione
477 1135 598 1201 Calvus
616 1117 680 1197 nec'
692 1134 847 1214 Pompeio
869 1155 927 1196 nec
941 1133 1084 1227 Caesari,
1105 1133 1234 1214 opinor,
1250 1133 1308 1214 pe'-
1398 1121 1406 1129 ’

257 1239 377 1321 percit,
407 1259 488 1323 quos
519 1238 611 1300 etiam
638 1237 669 1298 in
692 1235 882 1300 carminibus
908 1236 1148 1316 suisllacessere
1169 1235 1306 1298 solebat.

261 1345 394 1405 Sueton.
424 1341 519 1404 Caes.
546 1342 586 1404 49
615 1355 646 1402 et
674 1341 725 1402 73.

316 1445 442 1506 “Extant
458 1443 635 1526 fragmenta
648 1441 845 1516 orationum,
862 1441 986 1526 quasin
1003 1442 1093 1505 tertia
1111 1463 1215 1516 censs,
1234 1441 1308 1523 opi-

257 1569 340 1622 nor,
364 1546 397 1608 in
426 1545 589 1608 Vatinium
611 1545 731 1606 habuit.

321 1651 403 1710 Tau
438 1647 524 1710 Dial.
554 1650 592 1709 de
627 1649 761 1710 Orator.
793 1670 823 1709 c.
852 1648 904 1710 21.
947 1651 1025 1730 Ipse
1056 1647 1138 1709 milri
1164 1651 1306 1720 Caluus,

258 1772 336 1812 eum
374 1770 480 1811 unum
517 1761 549 1810 et
584 1749 725 1828 uiginti,
769 1761 807 1810 ut
836 1760 943 1830 puto,
983 1751 1089 1812 libros
1119 1751 1306 1833 reliquerit,

259 1854 318 1914 oisc
351 1853 385 1912 in
424 1872 494 1912 una
523 1853 687 1912 etaltera
710 1851 929 1913 oratiuncula
951 1851 1129 1936 satisfacit
1153 1873 1213 1914 nec
1238 1853 1308 1914 alis-

256 1953 384 2016 sentire
416 1966 547 2015 eeteros
586 1951 628 2014 ab
657 1955 720 2015 hoc
751 1975 826 2015 rnen
861 1954 991 2017 iudicio
1032 1956 1150 2016 uideo:
1183 1967 1309 2038 quotus

257 2056 348 2118 enim
366 2055 508 2138 quisque
532 2055 627 2119 Calui
652 2055 686 2116 in
710 2054 862 2117 Asitium
885 2069 947 2117 aut
969 2057 1004 2118 in
1024 2060 1182 2120 Drusum
1199 2059 1310 2140 legit?

256 2170 293 2220 at
309 2160 445 2220 hercule
460 2158 495 2219 in
514 2158 936 2220 hominumstualiosorum
952 2159 1109 2221 manibus
1128 2172 1310 2221 versantur

257 2261 588 2334 accresationes,
615 2280 722 2343 quae
752 2260 796 2320 in
822 2261 1045 2324 Vatinium
1067 2263 1309 2324 inscribun-

258 2376 347 2437 tur,
372 2383 421 2424 ac
437 2362 675 2444 praecipue
699 2362 885 2424 secunda
907 2386 960 2425 ex
983 2364 1041 2426 iis
1063 2364 1223 2428 oratio.
1245 2375 1309 2426 est

261 2467 373 2528 enim
403 2464 543 2528 uerbis
580 2476 735 2527 ornata
766 2477 805 2526 et
837 2465 1091 2540 sententiis,
1131 2467 1309 2528 auribus

212 2571 214 2578 ’
257 2567 1311 2652 issuelicumaaaommoclata,utsciasipsumquoquellal-

257 2693 337 2732 vum
362 2671 592 2744 intellexisse,
622 2669 704 2752 quid
728 2669 849 2731 melius
871 2682 978 2744 esset,
1009 2691 1069 2732 nea
1101 2673 1310 2733 uoluntatem

259 2775 309 2848 ei,
334 2794 401 2856 quo
418 2772 596 2858 sasblimius
620 2783 653 2834 et
676 2773 801 2834 cultius
819 2772 962 2846 eliceret,
988 2774 1057 2836 sed*
1070 2772 1246 2856 ingenium
1268 2793 1310 2834 ac

259 2876 349 2938 uires
371 2873 539 2964 defuisse.

323 2978 443 3039 Seneca
471 2987 672 3046 controvers.
707 2978 743 3052 3,
776 2979 827 3042 19.
858 3000 891 3059 p.
920 2977 995 3041 255.
1047 2981 1170 3041 Caluus
1202 2999 1310 3061 usque

258 3101 298 3142 eo
315 3081 483 3141 uiolentus
501 3091 684 3142 aecusator
703 3092 735 3142 et
759 3081 951 3144 concitatus
959 3077 1065 3170 fuit,
1090 3081 1181 3142 utin
1197 3080 1312 3142 media

258 3183 392 3244 actione
418 3183 491 3244 eius
514 3194 674 3266 surgeret
705 3184 865 3247 Vatinius
891 3205 990 3257 reus,
1020 3195 1052 3244 et
1076 3185 1311 3244 exclamaret:

261 3288 362 3365 Rogo
400 3306 474 3359 uos,
504 3285 648 3360 iudices,
678 3307 776 3359 num,
808 3286 841 3345 st'
869 3285 933 3346 iste
960 3284 1111 3346 disertus
1129 3296 1195 3358 est,
1232 3285 1312 3348 ideo

261 3408 312 3446 me
335 3386 496 3450 damnari
518 3388 680 3470 oportet?

323 3487 468 3553 Catullus
495 3489 605 3554 Carm.
633 3491 685 3551 st.

448 3613 508 3668 lllsi
526 3613 615 3667 neseio
635 3625 714 3680 quem
733 3611 814 3664 modo
832 3626 845 3663 e
863 3623 981 3672 corona,

448 3712 513 3778 qut,
535 3722 596 3761 aum
615 3706 730 3773 mirifice
752 3701 903 3760 Vatiniana

449 3817 523 3855 maus
543 3800 664 3854 erimina
686 3796 784 3853 Caluus
804 3799 978 3868 suplicasset,

448 3893 592 3947 admirans
613 3893 654 3946 ait
673 3893 739 3948 laea
758 3909 908 3964 munusque
928 3893 1041 3953 tollens,

448 3985 487 4039 lli
505 3987 616 4056 mapnl,
639 3987 810 4056 salaputium
829 3987 978 4042 disertum!
1021 3997 1024 4002 ·

294 4119 461 4182 salaputium]
499 4123 588 4166 Seneca
604 4121 720 4168 Contror.
743 4119 772 4176 3,
798 4122 835 4169 19.
874 4122 938 4170 Erat
953 4121 1044 4172 Calvus
1059 4127 1184 4183 parvulus
1199 4132 1308 4181 statura,

328 4217 430 4266 propter
450 4209 514 4270 quod
535 4211 609 4254 etiam
630 4205 743 4256 Catullus
761 4215 788 4256 r'n
805 4211 1025 4272 hendecasyllabis
1048 4220 1119 4258 uocat
1140 4217 1205 4259 illum
1224 4217 1311 4258 sala-

328 4299 452 4350 putium
472 4299 639 4345 disertum.
