2958 4840
222 385 282 448 bib

223 543 306 618 deo,
330 544 514 626 deprecor,
538 561 579 605 nc
607 540 709 626 quasi
729 559 853 605 nouam
866 541 979 606 -istam
1001 557 1075 605 rem
1095 541 1270 606 introduci

223 646 500 718 exhorrescatis:
520 644 583 708 sed
602 644 664 706 itta
680 643 800 726 potius
820 643 998 728 cogitetis,
1029 665 1132 729 quam
1164 648 1276 711 multa

224 748 259 810 in
282 751 345 810 nac
366 748 502 811 civitate
525 759 651 810 novata
673 745 759 823 sint,
785 758 817 809 ct
839 746 975 830 quidem
998 747 1115 812 statim
1137 747 1181 808 ab
1203 748 1273 810 ori·

224 850 305 934 'gine
327 851 423 914 urbis
453 863 611 924 nostrae,
652 849 688 911 in
719 860 802 931 quot
820 845 971 937 formas
1002 860 1180 933 statusque
1216 869 1274 911 res

220 953 358 1037 publica
378 965 500 1016 nostra
521 953 668 1016 deducta
683 951 740 1014 sit.
786 951 969 1034 Quondam
991 972 1091 1034 reges
1113 953 1200 1014 hane
1219 963 1267 1014 te·

226 1078 331 1118 nuere
354 1055 483 1130 urbem,
507 1077 568 1118 nec
589 1067 704 1117 tamen
719 1053 916 1117 domesticis
928 1052 1183 1116 successoribus
1197 1073 1275 1116 eam

228 1159 367 1221 tradere
388 1159 545 1240 contigit.
591 1160 823 1240 Supervenere
851 1155 956 1218 alieni
985 1168 1018 1220 et
1047 1156 1188 1246 quidam
1209 1177 1273 1217 eoc-

225 1261 327 1333 terni,
362 1272 401 1324 ut
430 1264 549 1328 Numa
570 1261 719 1324 Romulo
749 1259 950 1322 successerit
982 1281 1029 1320 ex
1051 1257 1188 1321 Sabinis
1218 1279 1274 1320 ve·

223 1363 339 1438 niens,
366 1363 496 1426 uicinus
519 1363 673 1448 quidem,
702 1363 762 1424 sed
788 1371 868 1423 tunc
890 1373 1077 1434 externus,
1108 1370 1147 1422 ut
1170 1361 1267 1422 Anco

225 1465 366 1530 Marcio
387 1465 526 1530 Priscus
551 1465 776 1549 Tarquinius.
801 1465 947 1544 Propter
969 1473 1174 1524 temeratum
1188 1481 1269 1524 san·

223 1570 376 1653 guinem,
399 1569 491 1653 quod
513 1581 614 1650 patre
638 1571 829 1630 Demarato
858 1564 1037 1631 Corinthio
1067 1575 1169 1628 natus
1198 1575 1275 1626 erat

223 1685 256 1736 et
279 1671 524 1756 Tarquiniensi
550 1682 659 1733 matre
684 1688 854 1752 generosa
880 1669 940 1731 sed
970 1666 1083 1749 inopi,
1109 1666 1164 1746 (ut
1187 1687 1275 1750 quae

224 1775 286 1836 tali
294 1775 421 1839 marito
429 1794 560 1837 necesse
568 1771 723 1834 habuerit
730 1771 961 1846 succumbere)
969 1791 1045 1832 cum
1059 1768 1153 1832 domi
1162 1770 1272 1850 repel-

223 1878 352 1938 leretur
371 1895 394 1936 a
414 1874 575 1957 gerendis
598 1857 804 1946 honoribus;
826 1883 1010 1955 postquam
1031 1875 1178 1947 Romam
1206 1869 1270 1938 mi-

224 1977 364 2062 gravit,
386 1997 532 2060 regnum
563 1975 710 2057 adeptus
738 1985 802 2037 est.
846 1975 937 2038 Huic
967 1996 1100 2058 quoque
1131 1985 1165 2038 et
1187 1971 1276 2050 filio

224 2079 378 2162 nepotive
404 2079 478 2142 eius
512 2080 606 2155 (nam
633 2089 665 2140 et
698 2079 762 2140 hoc
789 2076 879 2140 inter
906 2089 1065 2140 auctores
1091 2075 1274 2158 discrepat)

223 2177 374 2242 insertus
397 2179 536 2246 Seruius
552 2179 699 2255 Tullius,
725 2179 756 2253 si
778 2192 915 2242 nostros
937 2179 1122 2263 sequimur,
1139 2177 1276 2260 captiua

225 2295 328 2344 natus
351 2283 512 2358 Ocresia;
542 2281 572 2345 si
597 2287 747 2355 Tuscos,
778 2281 873 2345 Caeli
902 2281 1074 2365 quondam
1100 2280 1273 2346 Vivennae

223 2385 353 2448 sodalis
367 2385 602 2462 fidelissimus
624 2384 801 2468 omnisque
823 2384 896 2446 eius
919 2405 1019 2446 casus
1034 2403 1158 2478 comps.
1172 2385 1271 2446 Postu

229 2509 333 2571 quam
357 2489 455 2550 varia
471 2484 634 2577 fortuna
662 2499 823 2560 exactus,
847 2508 924 2548 cum
945 2487 1100 2548 omnibus
1120 2485 1276 2568 reliquiis

226 2589 380 2654 Caeliani
401 2590 575 2654 exercitus
596 2591 743 2654 Etruria
763 2589 925 2662 excessit,
951 2600 1099 2650 montem
1120 2587 1275 2652 Caelium

224 2692 402 2772 occupauit
424 2704 457 2754 et
477 2713 501 2753 a
522 2693 606 2754 duce
628 2714 692 2754 suo
715 2691 831 2756 Caelio
853 2691 904 2752 ita
924 2691 1167 2774 appellamus,
1200 2711 1276 2750 mu·

224 2805 362 2876 tutoque
386 2795 522 2857 nomine
545 2795 642 2874 (nam
672 2797 783 2857 Tusce
795 2797 982 2856 Mastarna
1003 2795 1035 2854 ei
1047 2813 1168 2854 nomen
1185 2793 1276 2868 erat)

224 2895 273 2957 ita
295 2900 487 2980 appellatus
509 2909 577 2971 est,
610 2909 647 2958 ut
670 2896 763 2970 dixi,
797 2907 829 2958 et
864 2918 1009 2978 regnum
1035 2916 1171 2992 summa
1195 2916 1276 2956 cum

225 2999 277 3060 rei
296 3001 453 3081 publicae
475 2999 623 3062 utilitate
645 3000 803 3063 obtinuit.
829 2999 963 3062 Deinde
983 3010 1168 3082 postquam
1184 3001 1276 3060 Tar·

225 3100 335 3184 quinii
360 3101 505 3184 Superbi
526 3125 639 3165 mores
661 3103 762 3164 invisi
783 3102 913 3164 civitati
935 3113 1075 3164 nostrae
1104 3121 1177 3162 esse
1200 3122 1277 3160 coe·

223 3213 361 3284 perant,
386 3225 454 3286 qua
476 3205 597 3284 ipsius,
621 3226 689 3288 qua
705 3205 871 3282 filiorum
892 3204 985 3266 eius:
1008 3224 1126 3284 nempe
1139 3214 1276 3284 pertae-

225 3325 302 3366 sum
323 3309 373 3365 es't
397 3316 524 3366 mentes
547 3307 666 3391 regni,
687 3318 720 3368 et
741 3306 787 3366 ad
805 3309 977 3386 consules,
1003 3327 1137 3368 annuos
1164 3305 1276 3385 magi·

225 3415 369 3478 stratus,
393 3403 650 3469 administratio
670 3407 876 3486 reipublicae
896 3410 1067 3469 translata
1090 3419 1154 3470 est.
1182 3405 1276 3488 Quid

225 3528 314 3599 nunc
338 3529 599 3575 commemorem
622 3509 815 3571 dictaturae
836 3511 899 3572 hoc
922 3509 998 3590 ipso
1019 3510 1195 3574 consulari
1210 3509 1276 3571 im-

222 3611 358 3691 perium
376 3612 541 3675 ualentius
565 3626 738 3695 repertum
761 3613 855 3694 apud
872 3597 1020 3676 maiores
1036 3623 1189 3684 nostros,
1206 3633 1275 3694 quo

225 3711 261 3776 in
286 3715 521 3797 asperioribus
546 3716 641 3781 bellis
672 3727 734 3778 aut
763 3716 911 3778 incivili
938 3727 1031 3778 motu
1065 3712 1275 3804 difficiliore

226 3819 432 3880 uterentur?
459 3831 520 3880 aut
553 3818 587 3880 in
617 3819 793 3880 auxilium
820 3819 927 3900 plebis
956 3829 1091 3898 creatos
1118 3815 1275 3879 tribunos

223 3921 356 4001 plcbei.⁹
378 3920 460 4005 quid
488 3941 511 3982 a
538 3921 732 3982 consulibus
759 3921 805 3980 ad
834 3921 1042 3982 decemuiros
1066 3920 1274 4002 translatum

225 4022 419 4105 imperium,
441 4025 617 4106 solutoque
634 4035 754 4104 postea
770 4023 986 4085 decemuirali
1003 4043 1112 4101 regno
1129 4020 1177 4082 ad
1191 4039 1272 4081 con·

225 4127 316 4200 sales
328 4147 452 4198 rursus
465 4125 638 4191 reditum?
650 4125 749 4208 Quid
757 4125 828 4208 imp
838 4125 941 4190 ..uris
961 4124 1184 4188 distributum
1193 4140 1275 4182 con·

226 4229 341 4290 sularc
379 4228 581 4310 imperium,
629 4227 851 4312 tribunosque
898 4226 1053 4290 miiitum,
1099 4223 1277 4288 consulari

225 4325 371 4406 imperio
385 4333 585 4410 appellatas,
604 4329 663 4414 qui
677 4330 792 4394 seuiet
804 4351 906 4414 saepe
919 4329 1036 4393 octoni
1046 4325 1275 4393 crearentur?
