2992 4840
1168 333 1228 396 199

253 493 345 536 locutus
369 495 418 542 est,
446 492 533 548 aliquid
554 493 695 550 offecrsicuie
720 492 798 536 hahet.
839 493 903 536 Unde
926 494 1031 552 hludwig
1054 495 1076 538 in
1095 495 1223 550 opusculis

250 580 323 624 head.
347 592 370 634 p.
387 575 434 622 138
455 580 551 640 egregie
573 582 706 627 currendcrit
742 579 815 624 Sexti
840 577 954 638 Pompeii
971 594 1016 636 pro
1032 580 1082 626 sad
1098 580 1220 642 Pompeii,

254 674 277 712 cr
297 669 394 712 Sextum
416 666 569 726 Pompeium,
593 667 639 716 Cu.
662 666 787 714 Strabonis
808 673 831 713 et
852 668 918 712 Sexti
939 669 1066 724 Pompeii,
1089 671 1148 714 iuris
1166 685 1222 716 con·

252 757 305 798 suhi
328 760 351 799 et
372 756 455 808 stoici,
482 761 574 808 parram
593 755 714 812 iureliigit.

565 1012 593 1070 1.
632 1011 732 1074 oratio
759 1052 766 1067 ·
789 1049 797 1067 .
820 1053 826 1068 .

246 1159 407 1225 Priscian.
432 1173 457 1222 t.
480 1163 495 1222 1
521 1183 554 1243 p.
572 1162 646 1225 371.
680 1166 723 1245 Q.
746 1163 947 1245 Pompeius:
970 1165 1031 1228 Me
1047 1162 1221 1240 miserum,

181 1286 280 1349 quem
303 1262 382 1326 illae
394 1261 561 1351 feminae
584 1263 757 1345 despicarc'
777 1286 884 1328 ααεαε
905 1277 998 1327 sunt.

218 1409 247 1472 Q.
268 1407 412 1468 Pompeius]
450 1408 592 1454 Duebnerus
613 1409 658 1454 hoc
676 1409 836 1468 fragmentum
855 1413 961 1466 1111171,
992 1413 1053 1468 quod
1073 1414 1095 1455 in
1120 1413 1222 1458 edicione

251 1499 332 1552 priore
356 1498 501 1550 omiseram,
536 1510 589 1539 cum
612 1510 658 1540 uon
682 1509 711 1540 ex
734 1504 831 1542 oratore
853 1502 957 1542 strunium
980 1503 1097 1553 putarem.
1135 1499 1179 1554 Er,
1203 1503 1222 1544 si

252 1586 357 1629 oratoris
379 1589 429 1639 est,
449 1585 580 1638 incertum,
605 1587 683 1628 uirum
710 1585 740 1642 Q.
755 1585 872 1640 Pompeio
890 1585 920 1629 Α.
940 1583 1046 1646 uriom
1061 1587 1091 1643 Q.
1106 1587 1222 1641 Pompeio

251 1671 326 1733 Ruso,
346 1673 373 1717 de
393 1685 439 1730 quo
456 1672 517 1716 infru
540 1672 659 1726 dicemus,
682 1671 848 1716 vindicandum
871 1673 910 1717 eit.

436 1921 536 1978 τινα.
577 1921 604 1978 c.
625 1879 751 1980 πεπυ
772 1920 799 1977 c.
819 1925 840 1992 ι.
861 1921 972 1982 scaro.

248 2069 409 2134 Tribunus
431 2069 534 2152 plebis
561 2093 591 2134 a.
622 2071 683 2134 690
705 2071 815 2150 (134),
844 2069 954 2133 aedilis
976 2071 1079 2152 plebis
1106 2093 1136 2134 a.
1163 2073 1225 2134 691

182 2175 288 2256 (130),
319 2185 451 2256 praetor
476 2196 505 2236 a.
533 2175 592 2236 697
618 2173 725 2254 (197),
758 2172 868 2237 consul
894 2171 956 2234 suit
982 2194 1012 2236 a.
1035 2174 1096 2236 639
1120 2175 1223 2252 (199).

182 2278 261 2341 Eius
286 2275 381 2339 vitum
409 2287 557 2339 accurate
581 2275 751 2357 descripsit
773 2274 916 2340 Orellius
942 2275 974 2337 in
999 2276 1224 2350 Oucurastico‚

182 2401 394 2464 erroresque,
428 2399 509 2463 quos
540 2388 572 2440 et
603 2377 738 2462 Pighius
769 2391 800 2440 et
826 2377 982 2441 Kreusius
1010 2376 1041 2440 in
1070 2377 1155 2441 libro
1184 2380 1225 2441 cie

181 2483 355 2546 historicis
383 2481 501 2545 latinis
526 2503 561 2562 p.
580 2481 638 2543 171
656 2503 730 2566 sqq.
756 2479 999 2554 commiserant,
1022 2479 1181 2544 correxit.
1248 2526 1249 2529 ε

207 2762 234 2818 1.
266 2761 366 2818 Oraliu
389 2762 425 2817 ds
447 2759 532 2818 sociis
551 2765 581 2816 et
599 2713 716 2816 uchrinc
733 2760 823 2816 launo
845 2761 945 2818 contra
967 2758 1000 2816 C.
1020 2757 1193 2816 Gracchum.

245 2913 326 2974 Eam
347 2909 488 2976 Fannius
509 2909 620 2973 consui
640 2907 751 2971 hahuit
780 2929 809 2972 a.
834 2907 895 2970 639
918 2909 1019 2987 (199).

246 3039 288 3104 C.
311 3040 479 3104 Gracchus
501 3040 647 3101 tribunus
674 3039 721 3120 pl.
742 3061 772 3101 a.
797 3039 859 3100 639
881 3038 971 3116 (199)
994 3046 1124 3119 praeter
1147 3037 1225 3100 alias

180 3142 285 3225 legem
320 3145 358 3204 de
390 3139 552 3225 suffragiis
581 3140 743 3204 sociorum
772 3139 1010 3224 promulgavit,
1044 3136 1161 3215 idest,
1192 3153 1227 3204 ut

181 3242 281 3308 sociis
302 3243 393 3307 latini
414 3242 551 3307 nominis
572 3242 693 3324 pariter
716 3255 810 3326 atque
830 3241 956 3305 civibus
979 3242 1118 3307 romanis
1139 3239 1222 3306 idem

181 3345 232 3410 ius
252 3345 398 3430 suffragii
423 3345 549 3408 secundi
571 3358 672 3423 esset,
703 3346 756 3409 vel
781 3357 815 3408 ut
841 3345 952 3408 Latini
975 3348 1088 3410 eodem
1112 3345 1225 3409 civita·

180 3447 222 3514 tis
244 3447 312 3512 iure
334 3449 532 3514 fruerentur.
567 3447 737 3531 Appianus
752 3452 791 3512 de
806 3447 897 3512 bellis
912 3446 1003 3512 civil.
1022 3449 1052 3524 1,
1068 3446 1121 3512 93.
1156 3449 1226 3514 Καὶ

182 3544 258 3626 roric
264 3553 433 3628 Λατίνους
444 3553 493 3618 ἐπὶ
505 3544 614 3616 πάντα
626 3543 934 3640 ἐκάλει(δ[ράκχος)
948 3546 987 3614 τὰ
993 3543 1172 3634 Ῥωμαίων,
1184 3543 1227 3628 ὥς

183 3647 242 3718 οὐκ
257 3654 420 3743 ἐυπρεπῶς
437 3656 606 3739 συγγενέσι
621 3654 678 3733 τῆς
692 3653 816 3736 βουλῆς
829 3648 1023 3732 ἀντιστῆναι
1037 3653 1226 3738 δυναμένης·

184 3754 245 3819 τῶν
267 3779 301 3820 τε
328 3757 443 3846 ἑτέρων
471 3751 667 3844 συμμάχων,
689 3745 739 3830 οἷς
769 3748 827 3820 οὐκ
854 3752 925 3834 ἐξῆν
949 3753 1070 3846 ψῆφον
1093 3754 1127 3820 ἐν
1155 3757 1228 3830 ταῖς

179 3849 347 3940 Ῥωμαίων
361 3858 580 3946 χειροτονίαις
602 3859 731 3947 φέρειν,
758 3856 866 3922 ἐδίδου
890 3857 1001 3948 φέρειν
1030 3850 1096 3920 ἀπὸ
1118 3854 1227 3931 τοῦδε,

182 3958 233 4022 ἐπὶ
255 3959 302 4049 τῷ
325 3959 408 4046 ἔχειν
430 3965 485 4025 καὶ
506 3956 619 4036 τούςδε
641 3960 674 4025 ἐν
700 3962 774 4034 ταῖς
794 3958 1011 4048 χειροτονίαις
1033 3956 1096 4020 τῶν
1119 3947 1227 4038 νόμον

181 4054 272 4150 αὐτῷ
294 4062 540 4138 συντελοῦντας.
567 4048 690 4149 Ἐφ’ρῖ
713 4057 753 4140 δὴ
775 4053 960 4145 μάλισταὴ
981 4052 1086 4138 βουλὴ
1109 4056 1226 4118 διατα·

182 4166 372 4249 ραχθεῖσα,
405 4160 483 4240 τοὺς
508 4157 656 4237 ὑπάτους
684 4163 827 4228 ἐκέλευσε
853 4150 1073 4249 προγράψαι,
1103 4155 1227 4238 μηδένα

182 4264 246 4330 τῶν
268 4259 307 4330 οὐ
330 4259 498 4356 φερόντων
517 4265 636 4356 ψῆφον
661 4264 826 4349 ἐπιδημεῖν
849 4261 886 4352 τῇ
905 4251 1013 4334 πόλει,
1030 4257 1111 4339 μηδὲ
1128 4278 1227 4346 προς-
