2966 4842
286 369 347 436 ili

287 529 329 594 sii
341 525 455 591 Severi
476 523 629 597 libidine,
656 539 724 604 qua
741 520 834 582 uiros
852 514 1074 603 feminasque
1089 517 1242 580 illustres
1254 541 1346 601 pro·

291 629 426 692 caribus
448 624 588 706 scriptia
610 619 868 710 diffmaverat.
888 631 922 681 et
942 619 964 680 l.
989 620 1020 694 d,
1044 620 1100 680 ts.
1128 621 1289 684 Relatum
1307 634 1346 683 et

291 731 333 794 de
356 727 475 794 Cottio
498 727 622 789 Severo
643 725 758 796 ercule,
781 720 840 806 qui
862 717 1024 784 sorditiae
1047 717 1208 801 originis,
1233 725 1342 784 male·

284 831 380 910 ficas
403 829 503 901 uitae,
529 825 590 889 sed
610 821 736 888 orandi
750 821 896 896 ualidus,
920 844 984 904 per
1006 820 1207 886 immodicas
1220 820 1340 885 inimi·

289 933 390 995 citios
421 941 459 992 ut
489 927 618 990 iudicio
647 924 755 987 iurati
785 935 926 1000 senatus
952 926 1090 988 Cretam
1119 937 1340 988 amoveretur

290 1031 465 1122 fferam,
488 1041 589 1112 atque
612 1027 681 1090 illic
703 1026 823 1088 eadem
840 1025 1017 1088 actitando
1032 1025 1182 1089 recentia
1201 1038 1333 1088 vetera·

291 1158 355 1220 que
384 1133 465 1196 odia
491 1129 656 1200 aduertit,
690 1127 853 1210 bonisque
886 1140 1016 1190 cerutus
1046 1127 1230 1190 interdicta
1263 1128 1340 1208 igni

290 1233 392 1320 at'que
414 1254 506 1316 aqtta
525 1252 616 1294 saara
630 1229 776 1310 Seripho
797 1228 987 1292 consenuit.
1033 1225 1135 1293 Cani.
1159 1229 1278 1309 Zumpt
1303 1227 1334 1291 in

292 1337 410 1400 Annal.
440 1355 468 1394 a.
493 1333 565 1394 767.
608 1329 777 1394 Weicltert
802 1349 835 1410 p.
867 1331 925 1391 201
956 1350 1031 1414 sqq.
1082 1328 1150 1392 Atii
1179 1327 1232 1392 alii
1255 1350 1340 1392 anno

293 1438 422 1502 exilium
446 1432 618 1516 assignant,
646 1430 741 1493 sicuti
763 1451 821 1494 nos
842 1430 873 1494 in
898 1430 1044 1494 Labieno
1070 1441 1201 1494 oratore
1222 1429 1341 1494 Dionis

294 1523 401 1604 Cassii
413 1534 572 1599 attulimus
592 1532 880 1613 locum(v.p.530)‚
896 1554 938 1594 ex
952 1552 1016 1616 quo
1032 1532 1203 1612 probabile
1218 1542 1282 1606 est,
1308 1532 1343 1594 id

294 1663 324 1702 a.
345 1641 405 1702 765
429 1637 496 1716 (tt)
519 1633 686 1698 accidisse.
732 1635 936 1697 Drumannus
955 1653 1033 1696 vero
1056 1632 1078 1693 l.
1103 1633 1125 1697 l.
1146 1633 1234 1708 dicit,
1258 1631 1339 1696 Cas·

293 1741 372 1802 sium
395 1758 459 1801 nou
480 1739 628 1818 Augusto
651 1734 824 1817 imperante
846 1738 900 1796 sed
918 1732 1056 1796 Tiberio
1078 1732 1110 1795 in
1136 1731 1263 1797 Cretam
1286 1755 1340 1796 re-

294 1841 445 1922 legatum.
498 1835 602 1898 Etiam
637 1838 675 1897 de
707 1834 932 1898 annomortis
966 1833 1147 1916 discrepant
1180 1846 1341 1904 auctores.

296 1938 453 2022 Spalding
483 1939 520 1998 ad
549 1933 684 2016 Quintil.
709 1937 747 2012 b,
777 1940 812 2008 1,
837 1936 889 1998 43.
917 1933 1051 2011 scribit,
1076 1958 1145 1999 eum
1172 1935 1289 2000 obiisse
1309 1959 1340 1998 a.

296 2042 369 2103 777.
391 2038 518 2100 videtur
542 2038 622 2100 enim
645 2037 736 2099 aliter
759 2035 986 2119 interpretatus
1015 2059 1084 2101 esse
1113 2040 1210 2100 verba
1234 2037 1340 2100 Taciti

295 2141 412 2208 Annal.
430 2140 452 2201 l.
468 2141 497 2214 4,
514 2139 579 2212 21„
600 2159 712 2221 nempe
735 2137 789 2213 ita,
811 2149 887 2200 uta.
907 2141 978 2200 777.
996 2135 1027 2201 in
1049 2150 1156 2202 senatu
1182 2142 1219 2202 de
1237 2151 1340 2202 morte

296 2240 401 2306 Cassii
427 2241 559 2303 relatum
588 2251 684 2312 esset,
711 2235 765 2322 qui
790 2238 821 2300 in
845 2261 924 2303 saxo
944 2238 1084 2321 Seripho
1112 2239 1341 2304 consenuisset.

295 2344 500 2406 Weichertus
530 2354 631 2404 autem
664 2336 770 2402 dicere
798 2341 972 2402 arbitratur
1001 2339 1165 2413 'facitum,
1194 2338 1341 2403 Cassium

296 2446 450 2508 Severum
476 2465 504 2512 a.
529 2445 587 2504 777
614 2463 630 2502 a
654 2439 789 2505 Tiberio
816 2441 847 2503 in
870 2441 1001 2503 insulam
1024 2441 1193 2522 Seriphum
1220 2439 1251 2503 iu
1271 2437 1343 2502 exi·

294 2546 369 2608 lium
393 2543 535 2620 eiectum,
553 2566 623 2605 cum
648 2553 784 2620 constet,
809 2563 839 2604 a.
858 2544 917 2604 786
937 2565 1007 2605 eum
1030 2565 1046 2605 e
1067 2542 1132 2604 vita
1156 2540 1342 2604 decessisse.

296 2643 427 2712 Cassius
437 2647 575 2708 Severus
592 2655 660 2706 erat
680 2639 796 2705 amicus
816 2642 963 2717 Labieni,
980 2657 1113 2728 uterque
1133 2642 1238 2720 dicax,
1253 2663 1342 2706 mor-

295 2748 371 2822 dax,
393 2745 523 2808 samosis
552 2744 667 2806 libellis
690 2743 865 2826 suspectus.
896 2756 991 2830 atque
1018 2744 1079 2806 iarn
1108 2745 1342 2807 adolescentem

295 2867 366 2911 eum
390 2846 506 2908 multos
533 2845 699 2918 lacerasse,
729 2867 770 2908 ex
793 2845 935 2911 Horatio
964 2845 1159 2909 manifestum
1189 2856 1254 2920 est,
1284 2846 1343 2929 qui

296 2968 422 3008 carmen
442 2958 563 3008 sextum
583 2947 725 3026 Epodon
752 2945 783 3008 in
808 2969 877 3009 eum
900 2946 1030 3009 direxit.
1049 2945 1127 3008 Sunt
1147 2943 1201 3030 qui
1217 2957 1340 3028 putent,

296 3046 390 3108 alium
412 3047 649 3124 intelligendum
675 3043 818 3109 Cassium
841 3050 999 3134 fidemque
1026 3050 1241 3132 denegandam
1268 3049 1343 3110 Ho-
1440 3101 1442 3113 ,

297 3146 371 3208 ratii
391 3143 583 3219 scholiastis,
605 3145 658 3232 qui
682 3151 722 3209 ad
741 3145 885 3210 Cassium
906 3150 1060 3212 Severum
1083 3161 1243 3212 oratorem
1266 3171 1341 3230 per-

295 3245 398 3308 tinere
421 3245 625 3309 arbitrantur.
671 3250 734 3311 Sed
752 3245 959 3311 Weichertus
982 3270 1094 3332 magna
1122 3269 1193 3310 eum
1220 3249 1341 3331 proba·

297 3345 421 3408 bilitate
444 3367 554 3408 eorum
580 3348 699 3410 refellit
723 3347 907 3428 opinionem
926 3371 959 3429 p,
983 3349 1057 3410 208.

361 3444 490 3510 Cassius
511 3468 629 3510 novum
646 3447 846 3531 eloquentiae
869 3471 968 3532 genus
991 3447 1131 3512 attulisse
1154 3449 1288 3526 videtur,
1310 3461 1342 3511 et

295 3547 323 3610 si
348 3547 559 3631 eloquentiam
583 3569 745 3609 romanam
769 3547 801 3610 in
829 3570 946 3632 genera
968 3553 1120 3635 quaedam
1145 3551 1341 3632 distinguere

299 3649 399 3722 voles,
417 3648 545 3712 Cassius
563 3660 675 3710 auctor
690 3647 776 3712 tertii
795 3649 921 3734 generis
934 3649 1007 3713 erit.
1022 3648 1105 3714 Cato
1121 3651 1203 3714 enim
1224 3656 1288 3713 dux
1309 3660 1342 3712 et

298 3761 409 3812 auctor
430 3749 578 3833 antiquae
600 3747 812 3833 eloquentiae,
831 3749 951 3816 Cicero
975 3751 1107 3818 mediam
1133 3752 1264 3827 invenit,
1287 3751 1342 3814 hic

295 3870 412 3915 novam
439 3853 478 3912 ab
507 3860 640 3932 utraque
661 3850 872 3914 discedentem
893 3851 1008 3915 attulit.

361 3953 480 4014 Seneca
504 3943 662 4030 Excerpt.
681 3947 844 4013 Controv.
866 3951 889 4013 l.
913 3953 944 4014 3.
966 3976 1000 4036 p.
1025 3953 1100 4017 421.
1125 3951 1273 4019 Memini
1288 3977 1341 4017 me

296 4071 319 4114 a
341 4053 465 4114 Seuero
487 4044 607 4114 Cassio
628 4071 806 4135 quaerere,
841 4050 925 4136 quid
946 4065 1054 4128 esset,
1086 4077 1149 4118 cur
1170 4056 1206 4118 in
1228 4055 1341 4118 decla-

296 4151 504 4214 mationibus
526 4149 593 4232 ipsi
621 4171 686 4214 sua
713 4171 781 4214 nan
808 4153 1030 4236 responderet
1057 4157 1271 4240 eloquentia:
1303 4156 1342 4218 in

294 4252 389 4312 nullo
410 4251 501 4312 enim
521 4245 585 4314 lroc
605 4245 720 4327 fiebat
752 4253 949 4318 notabilius.
1003 4255 1128 4319 Oratio
1157 4253 1232 4320 eius
1263 4267 1343 4319 erat
