2984 4842
240 351 301 415 362

241 515 304 575 Est
326 523 441 574 autem
460 514 500 574 L.
525 514 646 576 Paullo
669 517 707 577 G.
732 515 901 579 Marcello
924 537 1011 590 coss,
1038 527 1214 591 mortuus,
1238 540 1285 580 ex

239 635 307 698 quo
341 614 511 689 uidemus,
549 637 626 676 eum
663 616 697 677 in
733 627 963 698 patronorum
996 640 1140 683 numero
1175 639 1284 681 annos

238 730 391 800 quatuor
410 729 442 778 et
466 718 703 801 quadraginta
715 717 854 810 fuisse.

302 818 388 883 ibid.
412 841 442 882 c.
468 821 520 882 92.
565 821 774 885 Hortensius
796 835 957 898 ornatus,
979 845 1079 899 acer,
1105 825 1284 886 verborum

238 934 271 984 et
292 922 440 985 actionis
464 944 589 1006 genere
614 925 829 987 commotior.

301 1023 387 1088 lbid.
412 1048 439 1088 c.
464 1025 516 1089 95.
562 1027 600 1090 Si
622 1027 836 1109 quaerimus,
866 1051 929 1090 cur
951 1031 1148 1092 adolescens
1172 1031 1284 1112 magis

226 1127 404 1220 floruerit
437 1128 580 1191 dicendo
613 1150 716 1212 qaam
751 1131 867 1193 senior
901 1133 1126 1206 Hortensius,
1160 1153 1285 1195 causas

236 1231 447 1313 reperiemus
474 1231 668 1294 verissimas
705 1233 805 1295 duas.
863 1235 1018 1298 Primum
1050 1237 1142 1319 quod
1174 1255 1284 1318 genus

236 1346 312 1397 erat
344 1333 514 1396 orationis
541 1335 753 1411 Asiaticum,
784 1336 1035 1400 adolescentiae
1066 1339 1179 1421 magis
1205 1357 1284 1400 con·

237 1457 369 1498 cessum
392 1458 495 1519 quam
521 1438 700 1500 senectuti.
735 1473 776 1484 -
800 1443 846 1502 Et
876 1461 953 1502 cum
984 1441 1055 1503 iam
1076 1444 1224 1504 honores
1252 1439 1311 1502 et¹

235 1539 297 1602 itta
329 1540 444 1601 senior
476 1540 670 1602 auctoritas
707 1543 849 1621 gravius
884 1543 1048 1624 quiddam
1079 1545 1281 1625 requireret,

236 1643 434 1704 remanebat
458 1641 569 1714 idem,
609 1662 669 1701 nec
702 1642 839 1704 decebat
867 1641 973 1715 idem;
998 1645 1155 1726 quodque
1181 1666 1283 1705 exer·
1320 1697 1321 1700 ,

234 1743 432 1807 citationem
451 1742 669 1825 studiumque
698 1742 896 1815 dimiserat,
924 1745 1018 1825 quod
1039 1744 1075 1804 in
1097 1765 1138 1807 eo
1146 1742 1283 1833 fuerat

234 1846 454 1920 acerrimum,
471 1843 683 1906 concinnitas
698 1843 758 1905 illa
782 1844 1013 1927 crebritasque
1032 1847 1282 1910 sententiarum

233 1948 383 2031 pristina
407 1947 582 2020 manebat,
606 1945 666 2006 sed
696 1965 738 2006 ea
766 1945 892 2006 uestitu
919 1945 979 2009 illo
1001 1947 1189 2022 orationis,
1214 1971 1282 2033 qao

234 2061 476 2122 consueuerat,
501 2058 629 2110 ornata
649 2067 718 2109 non
741 2059 828 2108 erat.

298 2152 382 2215 Ibid.
404 2173 435 2212 c.
460 2151 512 2212 97.
557 2153 682 2214 Nonne
702 2150 884 2225 cernimus,
910 2151 970 2214 uix
989 2153 1137 2236 singulis
1159 2155 1282 2218 aetati·

235 2257 297 2319 bus
318 2256 415 2316 binos
439 2264 597 2315 oratores
617 2251 808 2314 laudabiles
831 2254 1051 2317 constitisse?
1073 2257 1184 2319 Galba
1195 2255 1281 2346 fait

235 2360 324 2422 inter
343 2369 394 2417 tot
411 2356 570 2438 aequales
593 2375 681 2419 unus
703 2357 885 2431 excellens,
908 2357 964 2418 cui
982 2368 1015 2419 et
1036 2361 1122 2422 Cato
1144 2361 1282 2422 cedebat

233 2459 367 2532 senior,
413 2468 447 2520 et
476 2458 547 2552 ¹qui
585 2457 795 2538 temporibus
832 2457 902 2520 illis
940 2471 1053 2524 aetate
1090 2458 1281 2549 inferiores

222 2559 403 2652 fuerunt,·
419 2559 568 2641 Lepidus
583 2572 717 2642 postea,
747 2560 867 2622 deinde
892 2563 1023 2624 Carbo:
1039 2583 1118 2624 nam
1135 2563 1281 2626 Gracchi

233 2665 269 2727 in
293 2660 530 2737 concionibus,
565 2664 672 2724 multo
695 2661 870 2750 faciliore
901 2675 935 2725 et
970 2665 1130 2728 liberiore
1155 2687 1281 2747 genere

234 2766 386 2840 dicendi,
419 2785 567 2848 quorum
600 2777 715 2827 tamen
752 2767 909 2846 ipsorum
944 2766 991 2828 ad
1024 2779 1173 2829 aetatem
1203 2772 1280 2830 laus

234 2868 446 2953 eloquentiae
456 2865 618 2952 perfecta
632 2867 784 2929 nondum
793 2866 898 2957 fuit,·
915 2871 1098 2945 Antonius,
1116 2874 1279 2940 Crassum·

230 2984 308 3055 post
331 2975 450 3046 Cotta,
480 2970 671 3052 Sulpicius,
699 2972 919 3034 Hortensius.

297 3074 384 3136 Ibid.
416 3096 446 3134 c.
478 3073 530 3135 88.
583 3074 808 3148 Hortensius,
834 3094 912 3136 cum
935 3074 1122 3138 admodum
1145 3075 1279 3138 adoles·

231 3197 311 3239 cens
332 3197 434 3238 orsus
454 3188 540 3238 esset
560 3175 595 3237 in
604 3174 703 3265 foro
729 3176 861 3251 dicere,
886 3177 1042 3240 celeriter
1065 3178 1112 3239 ad
1127 3178 1277 3240 maiores

231 3300 356 3342 causas
400 3277 555 3340 adbiberi
597 3291 738 3361 coeptus
784 3292 847 3342 est.
912 3280 1067 3343 Primum
1113 3279 1280 3341 memoria

230 3395 341 3457 tanta,
368 3392 533 3465 quantam
559 3381 595 3442 in
622 3385 716 3444 nullo
738 3381 938 3464 cognovisse
963 3401 1015 3440 me
1036 3379 1199 3453 arbitror,
1225 3391 1276 3452 ut,

231 3504 318 3568 quae
336 3505 451 3546 secum
472 3496 718 3547 commentatus
745 3495 845 3556 esset,
870 3501 912 3542 ea
932 3479 1006 3541 sine
1026 3480 1153 3561 scripto
1169 3481 1279 3544 verbis

230 3587 359 3650 eisdem
376 3587 544 3661 redderet,
567 3586 687 3669 quibus
709 3582 942 3666 cogitavisset.
988 3585 1063 3645 Hoc
1079 3581 1279 3646 adiumento

225 3689 287 3752 ille
314 3701 412 3752 tanto
441 3689 490 3752 sic
522 3689 700 3760 utebatur,
742 3698 782 3746 ut
815 3705 880 3748 sua
910 3695 944 3745 et
980 3697 1211 3748 commentata
1246 3697 1280 3748 et

230 3792 362 3874 scripta
380 3803 413 3854 et
432 3793 526 3853 nullo
550 3787 726 3878 referente
748 3788 865 3850 omnia
888 3787 1170 3852 adversariorum
1186 3788 1279 3850 dicta

231 3895 450 3958 meminisset.
509 3891 665 3956 Ardebat
700 3901 817 3952 autem
853 3890 1042 3972 cupiditate
1074 3890 1142 3965 sic,
1176 3902 1215 3952 ut
1240 3889 1279 3950 in

230 4000 326 4059 nullo
341 3991 730 4083 unquamflugrantius
757 3993 911 4056 studium
931 3993 1089 4056 viderim.
1133 3995 1278 4057 Nullum

230 4097 321 4160 enim
340 4097 539 4178 patiebatur
564 4117 636 4160 esse
666 4095 771 4166 diem,
799 4096 881 4179 quin
903 4107 965 4158 aut
988 4094 1022 4157 in
1034 4091 1133 4184 foro
1150 4095 1279 4156 diceret

230 4210 292 4258 aut
332 4199 558 4260 meditaretur
594 4209 701 4260 extra
724 4200 877 4290 sorum;
923 4196 1123 4278 saepissime
1162 4207 1279 4258 autem

230 4298 349 4359 eodem
373 4298 429 4360 die
455 4311 639 4385 utrumque
653 4299 831 4392 faciebat.
877 4301 1117 4382 Attuleratque
1140 4297 1278 4360 minime
