2984 4842
181 753 224 780 fl

257 337 317 398 378

250 500 373 576 mortuae]
411 505 433 546 iu
459 503 500 545 isac
527 517 584 547 voce
610 504 764 558 deprehendit
792 505 962 549 Westermsun
991 519 1013 559 p.
1046 503 1093 549 225
1114 503 1230 564 figurant,
1251 520 1296 563 qua

322 589 465 634 Hortensius
486 592 518 634 uti
537 592 568 634 sit
587 592 683 636 solitus.

315 705 475 770 Priscian.
499 720 523 770 t.
551 718 579 771 1.
605 732 638 793 p.
664 711 735 776 369.
763 715 806 794 Q.
830 713 1053 778 Hortensius:
1077 713 1205 776 Abusis
1228 713 1298 776 iam

251 808 409 871 omnibus
430 811 527 874 locis.
563 812 680 876 Abusis
704 819 1013 900 καταχρησθέντων.

288 951 318 1013 Q.
338 950 499 1014 Hortensius]
537 960 559 1000 id
576 958 736 1016 fragmentum
759 975 772 1002 a
798 960 927 1005 Duebnero
952 975 975 1016 p.
1007 957 1054 1004 383
1078 962 1194 1019 relatum,
1214 971 1298 1003 rerem

322 1055 368 1086 non
388 1045 465 1087 sotum
484 1057 512 1088 en
531 1047 690 1100 orationibus,
712 1050 753 1092 sed
772 1050 843 1091 etium
863 1061 891 1092 ex
912 1048 975 1093 libro
995 1045 1167 1094 Communium
1184 1047 1297 1092 iocorum

317 1135 459 1185 excenptnm
479 1145 531 1177 esse
552 1137 638 1188 potest.

286 1214 362 1276 loeis]
397 1221 451 1267 scii.
473 1222 599 1266 oratoriis.

317 1337 452 1419 Quintil.
479 1344 515 1415 1,
545 1341 581 1415 5,
606 1339 658 1405 tt.
705 1345 801 1405 Duos
829 1343 864 1404 in
894 1364 963 1406 uno
985 1343 1121 1406 nomine
1141 1337 1297 1424 faciebat

252 1440 487 1506 barbarismos
502 1444 613 1506 Tinea
628 1445 860 1532 Placentinus,
886 1446 916 1508 si
931 1443 1192 1527 reprehendenti
1205 1445 1297 1506 Hor-

136 1590 139 1597 .
251 1544 363 1606 tensio
385 1544 574 1620 credimus,
604 1549 831 1627 preculam
850 1567 918 1628 pro
937 1549 1087 1628 pergula
1108 1547 1239 1619 dicens,
1265 1556 1298 1607 et

250 1645 500 1722 immutatione,
515 1669 593 1708 cum
607 1670 624 1707 c
638 1668 704 1728 pro
720 1668 745 1729 g
759 1658 925 1719 uteretur,
943 1658 976 1708 et
991 1646 1294 1720 transmutatione,

251 1765 328 1808 cum
350 1768 369 1808 r
388 1759 617 1829 praeponeret
638 1769 656 1808 e
680 1747 903 1809 antecedenti.

286 1889 431 1950 Hortensio]
469 1893 492 1935 in
511 1892 620 1934 oratione
639 1892 748 1947 quedam,
769 1903 839 1947 quam
858 1891 880 1933 iu
900 1903 971 1933 causa
989 1892 1095 1948 alioquin
1115 1893 1196 1949 ignota
1211 1897 1295 1936 tonitru

320 1979 420 2023 'Pineum
438 1979 601 2024 Placentinum
621 1978 693 2032 dixit,
713 1979 748 2022 sic
768 1977 883 2022 inridebat
901 1978 1066 2022 adversarium
1085 1979 1238 2024 Hortensius.

314 2098 414 2160 Extat
436 2118 537 2180 porro
560 2097 772 2180 fragmentum
795 2098 995 2160 Poematum
1014 2098 1195 2161 Hortensii
1212 2102 1296 2178 apud

250 2201 433 2264 Varronem
449 2203 486 2261 dc
502 2198 583 2282 ling.
609 2198 663 2260 lat.
688 2221 722 2280 p.
747 2199 809 2260 402
825 2201 871 2274 ¹ed
887 2200 1032 2282 Speng.:
1059 2200 1113 2264 Ab
1134 2223 1185 2274 eo,
1203 2202 1297 2284 quod

249 2301 311 2366 alii
332 2303 449 2365 dicunt
471 2303 678 2377 cervices,
710 2301 747 2363 id
776 2305 1037 2365 Hortensius
1066 2303 1107 2364 in
1128 2323 1296 2385 poema·

249 2405 309 2468 tis·
326 2404 489 2467 cervix.
535 2403 684 2467 Eiusdem
708 2403 856 2466 vocabuli
879 2403 956 2466 sacit
979 2426 1088 2468 rursus
1105 2403 1295 2467 mentionem

248 2507 359 2571 Varro
374 2527 409 2588 p.
428 2505 499 2572 588.
522 2505 743 2585 ,Quintilianus
766 2507 797 2583 8,
825 2509 855 2581 3,
875 2507 926 2576 35,
943 2518 973 2568 et
991 2506 1122 2569 Servius
1142 2505 1173 2568 in
1193 2505 1293 2590 Virg.

248 2610 332 2673 Aen.
352 2609 420 2688 XI,
444 2609 519 2679 i96.
548 2608 674 2673 Deinde
703 2621 871 2691 supersunt
901 2607 1079 2692 fragmenta
1108 2609 1296 2673 Annalium

250 2721 283 2774 et
305 2712 545 2776 Communium
567 2713 734 2774 iocorum.

514 2877 614 2962 nxv1.
658 2905 817 2971 namma,
842 2903 940 2973 Qusnrt
958 2907 1028 2976 stra.

313 3037 489 3102 Hortensia
513 3037 556 3118 Q.
585 3036 649 3100 filia
680 3035 862 3121 eloquentia
893 3059 948 3100 sua
976 3057 1093 3127 nomen
1117 3037 1295 3119 famamque

252 3137 365 3204 meruit
378 3148 410 3204 et
431 3138 536 3204 oratio
555 3138 621 3204 eius
640 3143 724 3222 apud
745 3150 894 3222 posteros
915 3161 1043 3225 qnoque
1064 3137 1200 3203 celebris
1215 3147 1294 3201 erat.

574 3332 674 3390 Oratio
693 3335 770 3405 apud
791 3335 964 3391 triumviros.

312 3467 360 3528 Ea
382 3476 430 3528 est
456 3463 538 3528 dicta
564 3486 593 3528 a.
620 3464 787 3545 711012).
824 3463 905 3528 Cum
931 3460 1127 3526 Octavianus
1150 3460 1294 3544 Lepidus

249 3565 478 3652 Antoniusque,
498 3565 658 3630 triumviri
676 3567 760 3648 reip.
786 3562 1036 3640 constituendae,
1062 3561 1177 3626 aerarii
1201 3584 1296 3626 causa

249 3680 410 3732 matronas
434 3668 527 3752 gravi
551 3679 735 3733 onerassent
760 3666 902 3744 tributo,
927 3687 982 3730 eae
1005 3665 1155 3729 iniustum
1183 3677 1214 3729 et
1246 3664 1296 3727 in·

250 3769 408 3833 vidiosnm
431 3769 464 3832 id
484 3791 552 3834 esse
573 3782 673 3847 ratae,
695 3769 779 3832 iussa
801 3772 988 3833 recusabant
1011 3790 1072 3852 pro
1091 3767 1194 3852 iisque
1213 3770 1297 3851 apud

249 3873 338 3955 ipsos
354 3871 539 3936 triumviros
556 3871 734 3937 orationem
758 3870 838 3934 dixit
858 3870 1045 3940 Hortensia.
1068 3871 1139 3934 Nec
1155 3871 1293 3933 frustra:

248 3997 319 4038 nam
347 3997 418 4039 curn
446 3973 584 4056 populus
612 3993 763 4057 quoque,
798 3985 958 4038 matronas
990 3993 1088 4036 onere
1118 3965 1322 4036 liberandas

247 4097 315 4140 esse
357 4078 525 4151 clamaret,
567 4071 727 4137 triumviri
760 4075 946 4138 abiecerunt
980 4072 1159 4140 consilium.
1194 4072 1296 4139 Coai.

249 4176 413 4244 Drnmaun
437 4190 460 4240 t.
487 4177 519 4240 3.
545 4198 578 4258 p.
604 4177 677 4240 111.
700 4187 724 4238 t.
752 4179 782 4240 1.
810 4200 845 4260 p.
872 4177 946 4242 381.

312 4278 424 4340 Valet.
458 4280 551 4340 Max.
583 4277 622 4352 8,
661 4276 698 4352 3,
731 4277 763 4340 3.
818 4278 1008 4344 Hortensia
1039 4281 1082 4359 Q.
1116 4275 1307 4345 Hortensii*
