2976 4844
1170 361 1231 426 139

182 517 361 584 accusavit.
409 517 484 597 Quo
511 537 592 582 auno
618 529 720 582 tinctu
746 518 779 582 id
803 517 842 582 sit
866 518 1002 594 iactum,
1031 516 1156 582 deliniri
1178 539 1233 582 ue·

181 623 266 708 quit.

249 723 373 788 Gellius
403 725 442 800 b,
473 723 525 785 13.
585 724 813 789 Conveniebat
835 722 956 814 facile
986 726 1233 809 constobctque

184 853 233 894 esc
260 827 415 892 moribus
437 827 563 910 populi
585 830 741 903 romani,
766 827 921 910 primum
944 830 1049 892 iuxta
1070 843 1233 910 parentes

183 936 298 997 locum
326 942 443 992 tenere
472 930 625 1013 pupillos
652 930 794 1002 debere,
817 929 913 1007 fidei
937 934 1130 1014 tutelaeque
1152 951 1233 995 nos·

184 1048 263 1098 trae
286 1033 450 1107 creditos,
478 1032 666 1094 secundum
689 1055 748 1096 eos
769 1034 975 1115 proximum
995 1037 1109 1098 locum
1130 1033 1233 1120 clien-

185 1151 238 1201 tes
262 1137 399 1210 habere,
427 1135 486 1218 qui
507 1156 581 1198 sese
605 1133 726 1197 itidem
746 1136 783 1198 in
798 1136 916 1212 fldem
933 1137 1234 1222 patrociniumque

183 1252 344 1303 nostrum
368 1237 597 1313 dediderunt,
627 1250 702 1300 tum
729 1240 764 1300 in
789 1239 893 1302 tertio
919 1242 996 1303 loco
1019 1261 1093 1302 esse
1118 1238 1234 1320 bospi-

185 1355 259 1418 tes,
289 1353 414 1424 postea
438 1362 511 1404 esse
537 1351 706 1423 cognatos
732 1339 938 1427 affinesque.
983 1341 1099 1406 Huius
1125 1340 1234 1404 moris

183 1443 500 1528 observationisque
527 1445 636 1506 multo
662 1454 743 1505 sunt
772 1443 971 1506 testimonia
996 1456 1099 1528 atque
1126 1444 1232 1506 docu-

183 1560 300 1614 menta
317 1547 355 1608 in
374 1546 642 1630 antiquitatibus
662 1546 879 1627 perscripta:
905 1569 952 1610 ex
976 1547 1100 1630 quibus
1125 1567 1233 1610 unum

182 1655 248 1714 hoc
278 1649 419 1713 interim
449 1651 491 1712 de
527 1649 706 1711 clientibus
741 1649 987 1732 cognatisque,
1024 1650 1116 1733 quod
1145 1668 1232 1731 pras

184 1753 344 1816 manibus
370 1764 433 1828 cst,
457 1773 640 1833 ponemus.
684 1753 742 1816 M.
765 1755 853 1818 Cato
875 1751 911 1816 in
932 1752 1103 1828 oratione,
1127 1772 1233 1835 quom

185 1856 279 1919 dixit
303 1855 399 1937 apud
418 1875 578 1918 censores
600 1855 635 1916 in
658 1857 856 1928 Lentulum,
883 1854 927 1917 ita
952 1853 1105 1937 scripsit:
1133 1854 1237 1937 Quod

183 1959 335 2022 maiores
357 1958 513 2021 sanctius
531 1958 695 2032 habuere,
722 1955 869 2047 defendi
887 1957 1041 2041 pupillos
1055 1977 1161 2041 quam
1175 1957 1235 2020 cli—

188 2075 301 2125 entem
328 2082 397 2124 non
411 2058 564 2151 fallere.
608 2061 784 2125 Aduersus
814 2071 983 2141 cognatos
1015 2082 1083 2143 pro
1114 2059 1235 2123 cliente

183 2175 347 2240 testatur,
372 2163 608 2227 testimonium
633 2161 801 2226 aduersus
829 2164 987 2226 clientem
1013 2183 1113 2226 nemo
1136 2161 1232 2226 dicit.

184 2270 327 2334 Patrem
348 2267 515 2351 primum,
536 2278 659 2350 posteo
676 2278 867 2348 patronum
883 2264 1091 2348 proximum
1111 2286 1236 2330 nomen

183 2372 320 2434 babere.

222 2515 298 2577 quod]
335 2518 352 2561 i.
373 2517 399 2561 οξ
418 2528 473 2560 uun
490 2515 596 2560 mitiores
618 2515 725 2559 sanetius
742 2512 855 2556 habuere.
902 2511 978 2556 Deest
999 2514 1116 2556 sententis
1141 2518 1236 2558 eutece-

254 2607 332 2664 dsus,
355 2617 408 2648 eum
431 2617 478 2661 qus
496 2604 556 2647 haec
574 2603 701 2646 coniuncta
724 2603 785 2644 esst.
824 2597 903 2659 quid
922 2599 1033 2643 maiores
1054 2600 1171 2644 sanctius
1189 2598 1234 2645 ba·

256 2693 350 2748 beers,
384 2705 476 2752 quem
503 2687 607 2750 defendi
632 2689 767 2748 pupiltos,
799 2701 874 2746 quom
899 2688 1017 2734 clientem
1042 2699 1094 2732 non
1111 2684 1235 2746 salleni

256 2782 320 2826 Lud.
343 2783 458 2831 Aurelius
482 2785 553 2840 utque
577 2780 701 2827 Dusbnsr.
739 2779 786 2822 Sed
810 2778 855 2822 hoc
878 2779 988 2834 exemplo
1015 2775 1108 2834 Gellius
1131 2776 1234 2831 probas

198 2913 200 2919 ,
258 2873 345 2926 studet,
369 2871 474 2926 pupillos
491 2871 556 2942 'apud
577 2873 671 2914 veteres
694 2880 809 2912 romanos
826 2867 960 2912 sanctiores
981 2866 1076 2910 habitos
1101 2880 1171 2924 quum
1192 2867 1236 2912 cli·

256 2963 334 3005 eules.
380 2958 484 3004 livero
506 2971 552 3002 uon
577 2955 889 3020 tstn'uperleqtleelsratur
909 2955 1074 2998 emendatione
1093 2955 1236 3022 proposita,

255 3059 325 3102 quatu
345 3047 440 3105 vulgata
456 3047 568 3093 lectione.
605 3041 660 3090 Non
673 3043 786 3087 maiores
800 3048 846 3088 etc.
860 3043 993 3086 Maiensius
1014 3055 1038 3097 p.
1051 3029 1098 3086 36.“
1107 3056 1153 3098 pso
1172 3040 1239 3102 quod

199 3128 203 3141 “
254 3133 372 3178 maiores.
412 3133 468 3188 Sed,
492 3133 512 3178 si
536 3134 674 3177 conlectura
698 3143 758 3186 opus
785 3134 829 3192 est,
852 3132 930 3189 legam
952 3129 1021 3189 quin,

219 3228 493 3300 aduersuscognotoss
521 3241 585 3285 idem
609 3237 666 3284 dicit
689 3237 782 3283 Gellius
796 3239 814 3281 Ι.
828 3235 870 3292 20,
885 3237 908 3298 t,
922 3231 965 3281 10.
1009 3236 1053 3282 ste
1075 3237 1191 3282 clientem
1210 3236 1238 3282 s'n

247 3325 329 3390 fidem
353 3333 483 3387 acceptum
507 3319 634 3373 cariorem
657 3325 747 3371 baberi
772 3339 848 3387 quam
871 3327 1042 3385 propinquos,
1071 3323 1239 3384 tuendumque

257 3429 314 3462 csse
339 3421 428 3462 contra
447 3422 570 3477 cognatos
591 3417 712 3462 censuit(
736 3429 814 3475 nequo
829 3417 905 3474 peius
925 3416 1004 3460 sellum
1018 3410 1128 3473 facinus
1147 3413 1239 3458 suisti·

259 3511 354 3553 matum
375 3513 415 3551 sst
427 3535 443 3563 ,⁸
460 3519 535 3564 quam
555 3505 582 3550 si
603 3505 647 3552 cui
664 3503 835 3563 probaretur,
859 3504 975 3553 ottonum
994 3501 1089 3551 diuisui
1103 3499 1237 3550 'totusue

264 3593 336 3641 cont.
362 3593 472 3652 Gbltliug
490 3593 578 3642 Gesch.
600 3594 624 3638 tl.
648 3595 710 3638 com.
733 3593 833 3639 Stustsu
859 3606 883 3646 p·
904 3589 962 3640 128.

226 3699 344 3760 testatur]
378 3702 484 3756 passive,
505 3701 524 3746 i.
546 3713 570 3748 e.
593 3699 758 3744 testimouium
779 3699 877 3745 dicitur.

223 3805 329 3868 Misus]
369 3808 496 3868 legentum
517 3803 637 3860 habuere,
661 3807 730 3864 idque
750 3807 822 3852 elium
840 3805 976 3852 Melsnsius
996 3808 1089 3852 suadet.
1110 3827 1140 3840 -
1160 3802 1241 3850 Dusb·

207 3955 209 3962 Ι
257 3911 299 3944 uss
322 3898 480 3956 supplendum
501 3899 568 3954 putat
593 3892 745 3940 statuebant.

462 4111 511 4170 85.
545 4108 646 4168 Oratio
670 4125 723 4178 pro
750 4108 783 4166 1..
807 4105 959 4167 Autronio.

253 4223 440 4290 Priscianus
472 4224 515 4288 Τ.
545 4225 574 4284 1.
602 4243 636 4302 p.
663 4219 737 4284 tet.
785 4211 1006 4284 Vetustissimi
1029 4224 1060 4278 et
1086 4211 1154 4274 ausi
1179 4233 1245 4297 psa

186 4347 281 4391 tusus
310 4347 380 4390 sum
408 4338 439 4389 et
465 4322 569 4409 gavisi
590 4343 653 4405 pso
680 4319 809 4407 gavisus
835 4337 902 4382 sum
926 4313 1145 4396 protulerunt.
1179 4322 1242 4384 aa·
