2966 4842
1173 305 1234 370 459

186 469 309 536 aedilis
332 468 463 546 curulis
474 463 605 557 fuctus
628 476 727 538 esset,
755 462 868 524 nescio
890 462 1061 545 quomodo
1084 463 1236 526 discessu

188 595 264 638 meo
297 570 454 634 discessit
494 591 517 631 a
549 590 640 642 sese,
677 565 883 648 ceciditque,
902 575 903 578 ’
916 576 1143 648 posteaquam
1176 586 1235 628 eos

188 675 323 739 imitari
344 672 471 755 eoepit,
497 693 584 755 quos
608 672 681 752 ipse
701 677 929 750 perverterat.

224 802 401 846 accusationes
420 796 483 856 tres]
521 799 640 842 accusavit
664 801 766 854 primum
792 800 820 842 C.
843 801 984 853 bulonium,
1011 801 1095 844 deinde
1114 799 1143 842 L.
1163 797 1239 840 Alce-

258 891 341 931 tinum.
363 899 492 942 escumque
515 899 640 929 causacum
667 901 711 940 pro
734 889 857 952 republicis
877 893 1041 942 susceptarum
1061 887 1119 931 facil
1137 887 1238 931 mumio-

258 990 311 1020 uem
332 973 419 1018 Cicero
438 975 461 1016 iu
488 987 526 1018 ον.
555 988 577 1027 ρ.
598 975 683 1018 Coelio
708 990 731 1019 n.
759 971 807 1021 698
834 976 928 1026 babile,
956 989 977 1018 c.
1000 971 1042 1019 32.
1069 973 1149 1019 Hubet
1167 990 1180 1018 a
1200 967 1237 1018 M.

260 1060 343 1107 Coelio
376 1074 418 1105 res
443 1061 546 1117 publica
574 1060 639 1107 duus
666 1065 842 1107 accusationes
871 1063 911 1106 vel
939 1061 1039 1106 obsides
1062 1062 1176 1120 periculi
1200 1062 1242 1103 vel

255 1153 368 1211 pignore
385 1149 532 1194 voluntatis.
571 1151 653 1194 'l'erlie
673 1153 793 1195 accusatio
813 1153 835 1193 in
855 1165 942 1194 annum
964 1145 1011 1196 703
1031 1147 1087 1207 (51)
1106 1152 1179 1195 cudit.

253 1268 400 1333 Velleius
417 1271 454 1346 2,
482 1269 534 1330 68.
581 1273 635 1334 M.
661 1269 814 1342 Caelius,
840 1271 892 1333 vir
915 1272 1087 1353 eloquio
1107 1271 1238 1333 animo·

194 1476 285 1550 tior,
308 1496 367 1536 nec
391 1474 503 1536 minus
524 1473 702 1556 ingeniose
725 1496 883 1556 nequam.

258 1573 400 1639 Velleius
432 1577 466 1650 2,
492 1578 542 1639 36.
592 1579 666 1640 Iam
692 1597 777 1656 pene
808 1597 1097 1658 superuacaneum
1130 1579 1238 1640 uideri

189 1691 315 1763 potest,
332 1679 553 1741 eminentium
576 1679 807 1760 ingeniorum·
820 1690 941 1740 notare
961 1691 1129 1760 tempora.
1153 1680 1239 1763 Quis

192 1784 282 1844 enim
310 1783 467 1864 ignorat,
497 1782 686 1860 diremptos
721 1781 889 1864 gradibus
925 1781 1050 1842 aetatis
1062 1781 1240 1871 floruisse

192 1889 254 1948 hoc
275 1897 428 1965 tempore
452 1885 665 1956 Ciceronem,
693 1883 937 1959 Hortensium,
965 1904 1113 1966 saneque
1136 1888 1238 1948 Cras-

193 2010 282 2061 sum,
298 1992 471 2061 Catonem,
489 1987 695 2069 Sulpicium,
714 2007 864 2069 moxque
878 1988 1037 2058 Brutum,
1055 1987 1237 2056 Calidium,

195 2091 400 2162 Coelium,
426 2090 566 2152 Caluum
592 2099 625 2148 et
642 2088 847 2169 proximum
871 2087 1030 2151 Ciceroni
1047 2091 1243 2162 Caesarem,

195 2213 381 2274 eorumque
422 2193 510 2253 uelut
551 2193 710 2268 alumnos
746 2189 932 2254 Coruinum
972 2212 1013 2251 ac
1053 2190 1242 2252 Pollionem

197 2295 370 2357 Asinium.

260 2394 472 2474 Quintilianus
489 2397 547 2471 10,
567 2402 600 2469 1,
632 2377 702 2456 115.
747 2397 902 2458 Multum
923 2393 1055 2474 ingenii
1079 2393 1114 2455 in
1131 2395 1245 2459 Coelio

124 2493 127 2498 ’
196 2510 228 2560 et
251 2499 437 2580 praecipue
460 2497 494 2559 in
522 2497 714 2561 accusando
740 2499 849 2559 multa
876 2495 1076 2570 urbanitas,
1102 2495 1244 2580 dignus-

195 2621 258 2683 que
280 2600 344 2674 vir,
361 2600 417 2661 cui
432 2612 464 2663 et
487 2618 582 2661 mens
598 2599 719 2660 melior
739 2611 771 2661 et
793 2599 865 2660 vita
880 2597 1018 2681 longior
1033 2599 1245 2680 contigisset.

259 2701 337 2772 ibid.
364 2705 422 2778 10,
447 2701 483 2778 2,
509 2703 559 2766 25.
603 2702 695 2783 Quid
718 2701 828 2783 ergo?
854 2722 921 2763 non
946 2713 997 2764 est
1021 2701 1105 2764 satis
1129 2702 1245 2765 omnia

196 2806 246 2868 sic
264 2806 389 2880 dicere,
415 2805 586 2888 quomodo
607 2806 662 2868 M.
690 2805 826 2876 Tullius
851 2803 970 2865 discit?
993 2803 1085 2867 Mihi
1109 2804 1246 2888 quidem

197 2908 283 2970 satis
307 2919 430 2982 esset,3
447 2908 478 2968 si
506 2908 624 2969 omnia
650 2907 809 2989 consequi
833 2927 982 2988 possem.
1017 2906 1111 2988 Quid
1134 2918 1248 2968 tamen

198 3011 447 3088 noceretpuim
471 2991 648 3090 Caesaris,
684 3008 971 3088 asperitatem
1001 3009 1162 3082 Caelii,
1197 3008 1248 3071 di-

180 3112 376 3200 ugenuam
392 3093 576 3185 Pollionis,
593 3110 758 3173 tuccetum
780 3109 875 3174 cam
895 3109 1250 3192 nauseamentis

198 3215 402 3278 assumere?

262 3317 340 3382 ibid.
367 3320 492 3395 12,.10,
519 3322 570 3381 11.
596 3317 669 3380 ind
676 3319 763 3380 oles
779 3315 887 3381 Coelii
903 3316 1055 3378 oratoris
1071 3317 1247 3378 laudatur.

261 3419 340 3482 ibid.
368 3423 406 3496 b,
434 3421 473 3497 3,
503 3420 553 3484 69.
605 3419 725 3486 Cicero
746 3442 809 3500 per
834 3418 1039 3501 allegoriam
1064 3421 1119 3482 M.
1148 3420 1246 3481 Coe·

199 3523 262 3583 liu
272 3543 323 3596 m,
342 3523 462 3584 melius
477 3523 692 3585 obiicientem
707 3521 854 3584 crimina
865 3529 973 3603 'quam
988 3514 1242 3608 defendentem,

200 3621 323 3683 bonam
347 3623 525 3696 dextrum,
555 3627 681 3685 malam
702 3624 881 3687 sinistram
902 3625 1027 3686 habere
1054 3623 1199 3685 dicebat.

266 3719 397 3783 Tacitus
413 3720 500 3784 Dial.
528 3724 565 3784 de
592 3723 700 3786 Orati.
731 3724 781 3789 18.
827 3725 970 3810 Antiqui
995 3733 1250 3787 oratoressunt

201 3820 337 3883 horridi
366 3833 399 3884 ct
424 3821 572 3902 impoliti
603 3837 636 3888 et
669 3827 772 3890 rudes
807 3838 839 3888 ct
876 3826 1070 3918 informes,
1101 3836 1134 3886 et
1166 3844 1252 3906 quos

203 3919 337 3982 utinam
359 3923 456 3984 nulla
486 3936 586 4000 parte
609 3927 766 3990 imitatus
796 3940 885 3990 esset
908 3931 1030 3992 Caluus
1053 3935 1163 3986 uester
1186 3936 1248 3986 aut

204 4022 378 4086 Coelius
404 4034 466 4086 aut
493 4023 566 4105 ipse
591 4027 723 4092 Cicero.

267 4121 350 4187 ibid.
368 4147 397 4189 c.
424 4124 476 4185 21.
520 4128 614 4207 Quid
634 4151 682 4191 esc
705 4131 927 4193 Coelianis
951 4125 1252 4190 orationibus?

203 4245 322 4306 nempe
337 4249 397 4290 eae
409 4228 566 4309 placent,
590 4231 658 4295 siue
682 4231 877 4304 uniuersae,
900 4229 969 4293 siue
981 4239 1101 4310 partes
1115 4248 1248 4305 earum,
