2970 4836
1207 391 1247 454 tlt

196 553 371 625 dicarent,
403 549 476 632 ipse
505 550 540 612 in
571 551 776 613 oratione
805 571 870 614 saa
894 551 1062 633 scriptum
1085 551 1244 634 reliquit,

196 677 321 738 quum
341 653 382 714 in
401 653 661 735 Hispaniam
684 658 841 715 consul
857 653 1247 744 proficisceretur:

195 770 268 818 tres
295 776 414 817 seruos
433 760 526 818 solos
546 779 593 817 eac
612 757 694 818 urbe
712 756 876 827 duxisses
891 778 994 839 quom
1010 757 1080 817 iam
1096 755 1144 816 acl
1161 755 1246 836 pub-

195 861 299 921 licam
323 859 437 920 uillam
466 870 633 944 uenerat,
656 880 784 938 parum
816 859 946 930 visum,
976 857 1036 941 qui
1066 869 1243 932 uteretur,

196 964 340 1026 iussisse
372 963 460 1024 duos
493 983 622 1040 pucras
651 961 686 1024 in
712 959 811 1051 foro
842 962 883 1023 de
914 981 1032 1024 mensa
1064 961 1153 1036 emi,
1187 981 1247 1022 eos

196 1067 347 1150 quinque
368 1065 405 1126 in
425 1064 635 1145 Hispaniam
657 1064 814 1126 duxisse.

232 1211 267 1256 ad
284 1211 414 1267 publicam
442 1208 538 1269 villum]
573 1209 674 1254 Exierat
696 1209 757 1253 Galo
780 1223 833 1253 cum
857 1209 934 1252 tribus
955 1209 1051 1261 servis,
1080 1209 1121 1252 sed
1141 1221 1194 1254 cuin
1218 1209 1248 1251 ad

268 1300 350 1342 villam
375 1297 511 1356 publicam,
534 1311 594 1354 quae
624 1299 648 1342 in
678 1311 762 1351 campo
793 1297 882 1340 Martio
913 1302 980 1349 eret,
1017 1298 1182 1350 pervenisset,
1206 1310 1247 1340 su·

268 1387 312 1429 biit
333 1387 438 1429 animum
458 1387 587 1445 cogitatio,
612 1398 658 1428 uon
684 1397 755 1438 posse
779 1389 824 1427 tam
848 1397 935 1438 paucos
954 1397 1037 1428 servos
1059 1383 1168 1428 sufficere
1193 1398 1249 1439 pro·

267 1475 369 1518 vinciam
393 1475 579 1527 administranti,
604 1474 670 1516 misit
684 1485 743 1529 ergo
762 1471 785 1516 in
809 1473 903 1525 urbem,
926 1473 965 1529 qui
984 1474 1043 1516 duos
1065 1477 1165 1518 ornaret.
1193 1472 1248 1516 Pri·

269 1575 350 1606 cacus.

232 1687 277 1746 qai
295 1684 417 1744 uteretur]
448 1687 544 1744 antique
567 1699 612 1741 pro
633 1685 731 1746 quibua.

232 1810 263 1856 tle
282 1807 380 1868 mensa]
412 1825 494 1855 mensa
514 1817 550 1856 est
574 1815 663 1854 catasta
685 1817 725 1854 aut
748 1812 818 1865 lapis,
839 1811 862 1855 in
881 1825 927 1868 quo
946 1813 1009 1857 servi
1031 1813 1127 1856 venales
1153 1817 1247 1866 prosta-

268 1899 334 1943 baut.
372 1899 481 1942 Kreuzer
511 1899 583 1943 flatu.
608 1899 724 1956 Antiquit.
746 1913 769 1954 p.
797 1895 838 1943 lb.
876 1899 961 1944 Gallus
983 1913 1028 1944 vou
1050 1901 1142 1945 Becker
1167 1901 1198 1947 Τ.
1221 1897 1247 1944 i.

270 2000 293 2041 p.
314 1984 372 2031 tot.
999 1977 1005 1988 ’

263 2107 377 2169 Festus
404 2129 438 2188 p.
462 2105 534 2170 169.
553 2108 709 2184 (naoiitas
732 2110 902 2170 secundum
918 2106 1149 2188 incorrluptam
1170 2127 1247 2170 con·

197 2209 393 2272 suetudinem
419 2211 559 2288 dic)tos,
587 2231 669 2294 quos
700 2233 782 2272 nunc
813 2222 950 2289 nlautas
976 2210 1129 2286 dicimus,
1158 2207 1248 2272 testis

198 2315 259 2390 est)
277 2315 363 2374 Cato
385 2311 420 2373 in
440 2335 492 2387 ea,
518 2333 622 2396 qtcam
644 2312 784 2394 scripsit
807 2312 891 2397 (cum
912 2311 944 2374 in
959 2311 1145 2394 Hispaniam
1159 2305 1248 2392 ‘pro-

197 2412 431 2492 ficiscepetur,
461 2437 530 2476 clini
558 2414 618 2477 ait:
654 2415 803 2478 Navitae
823 2413 932 2498 (quod
952 2435 1068 2476 secum
1087 2426 1248 2494 portave-

198 2515 297 2594 rant)
320 2516 436 2578 vinum
459 2529 562 2601 atque
586 2519 711 2590 oleum,
738 2537 822 2578 usus
848 2515 983 2597 (eodem
1001 2517 1112 2594 sum.)

263 2617 388 2680 Plinius
407 2619 495 2680 Hist.
521 2621 598 2681 Nat.
621 2619 671 2692 11,
690 2619 741 2680 13.
767 2619 864 2682 litem
886 2621 983 2691 Cato,
1010 2637 1087 2678 cum
1109 2616 1145 2676 in
1165 2617 1247 2680 His·

196 2719 342 2802 paniam
369 2722 562 2804 navigaret,
592 2721 682 2782 uncle
709 2741 788 2781 cum
815 2719 991 2800 triumpho
1014 2717 1136 2780 rediit.-
1165 2721 1249 2783 Non

198 2822 307 2894 aliud,
331 2823 444 2908 inquit,
476 2824 592 2886 vinum
620 2824 688 2886 bibi
717 2845 821 2906 quam
845 2822 1006 2904 remiges.

263 2925 438 2988 Frontinus
464 2925 751 3010 Strategeniaticon
779 2924 835 2986 lib.
850 2925 915 2987 IV.
942 2925 971 2998 3,
996 2926 1046 2985 11.
1072 2926 1126 2988 M.
1146 2927 1248 2988 Cato·

198 3047 277 3088 nem
295 3027 375 3090 vino
393 3029 525 3103 eodem,
550 3051 618 3112 quo
641 3027 804 3110 remiges,
825 3039 1023 3090 contentum
1031 3023 1158 3118 fuisse
1175 3039 1248 3089 tra·

199 3129 308 3191 ditur.

263 3231 413 3293 Valerius
435 3232 599 3294 Maximus
623 3233 685 3308 lv,
714 3233 745 3296 3.
774 3235 826 3294 11.
865 3234 939 3316 Age
963 3230 990 3294 si
1016 3229 1088 3316 quis
1112 3233 1177 3293 hoc
1198 3251 1248 3293 se·

198 3332 272 3395 culo
297 3331 348 3395 vir
369 3333 504 3396 illustris
525 3337 671 3417 pellibus
695 3335 851 3398 hoedinis
871 3356 933 3416 pro
957 3333 1109 3416 stragulis
1131 3343 1248 3408 utatur,

198 3435 375 3518 tribusque
397 3439 506 3499 servis
526 3439 711 3501 comitatus
730 3438 939 3520 Hispaniam
961 3447 1073 3519 regat,
1097 3448 1131 3497 et
1149 3435 1249 3518 quin-

198 3549 384 3619 gentorum
415 3540 546 3602 assiam
578 3552 695 3602 sumtu
728 3539 1001 3602 transmarinam
1032 3538 1249 3620 provinciam

195 3651 311 3720 petat,
339 3641 459 3703 eodem
485 3642 559 3706 cibo
581 3643 766 3725 eodemque
793 3642 891 3715 uino,
926 3663 995 3724 quo
1017 3653 1166 3715 nautae,
1195 3639 1249 3701 uti

198 3753 378 3804 contentas
399 3743 457 3818 sit,
481 3766 586 3807 nonne
607 3744 798 3806 miserabilis
819 3742 1042 3806 existimetur?
1066 3741 1169 3828 Atqui
1189 3740 1251 3803 ista

198 3843 426 3924 patientissime
449 3849 611 3928 superior
636 3851 723 3912 Cato
749 3846 918 3919 toleravit,
947 3845 1023 3931 quia
1045 3845 1133 3907 illum
1157 3853 1249 3926 grata

196 3944 392 4029 frugalitatis
414 3953 612 4013 consuetudo
635 3947 667 4012 in
688 3951 754 4015 hoc
778 3970 896 4034 genere
921 3948 1006 4011 vitae
1033 3967 1104 4010 cum
1131 3964 1251 4006 summa

197 4048 364 4112 dulcedine
388 4050 584 4114 continebat.
856 4051 861 4063 '

260 4151 377 4213 Festus
392 4174 426 4234 p.
444 4156 517 4216 151.
547 4153 810 4232 Maledi(ctores
830 4153 976 4216 dicebaut
997 4144 1119 4232 antiqui
1136 4147 1250 4230 quos)-

197 4269 258 4314 nos
287 4253 483 4333 appellamus
512 4257 713 4336 (maledicos.
744 4260 831 4321 Cato
864 4277 942 4316 cam
961 4249 1252 4335 proficisceretur

197 4352 249 4431 in)
271 4353 463 4437 Hispania:
489 4381 528 4421 re
553 4357 724 4436 (movendi
747 4353 1015 4439 maledictores.)
