2992 4844
1136 367 1197 430 305

1032 479 1037 500 .

145 520 178 585 si
201 520 307 584 etiam
327 519 415 599 silio
444 539 512 582 non
543 531 626 584 nato
654 521 754 587 ireres
783 520 1035 586 institueretur.
1080 527 1194 608 Quam

145 624 343 707 captiosum
360 644 434 686 esse
452 625 595 705 populo,
619 623 713 707 quod
734 624 902 706 seriptum
924 637 1023 701 esset,
1048 627 1191 711 negligi,

146 739 180 790 et
198 727 359 810 opinione
375 725 497 810 quaeri
513 729 704 790 voluntates
724 739 757 790 et
780 726 1062 809 interpretatione
1086 730 1194 793 diser·

144 843 264 900 torum
278 829 409 912 scripta
423 827 629 911 simplicium
651 830 828 894 hominum
843 833 1066 912 pervertere?
1080 837 1193 915 Quam

144 934 202 996 iile
225 934 335 997 muita
357 932 399 993 de
425 931 633 994 auctoritate
658 933 774 1014 patris
803 933 879 1007 sui,
903 934 963 1017 qui
984 955 1119 1015 semper
1140 937 1195 998 ius

144 1037 233 1099 iilud
254 1056 328 1100 esse
351 1031 587 1120 defenderat?
615 1056 718 1118 quam
748 1036 891 1100 omnino
922 1040 1031 1100 muita
1052 1038 1093 1099 de
1115 1059 1194 1102 eon·

143 1138 316 1202 servando
339 1138 416 1200 iure
437 1137 556 1200 civili?
577 1158 664 1220 quae
686 1139 823 1222 quidem
845 1140 1062 1202 omniorum
1082 1143 1193 1222 perite

144 1253 178 1305 et
201 1241 351 1304 scienter
372 1251 446 1302 tum
468 1240 519 1302 ita
540 1240 687 1302 breviter
716 1253 749 1303 et
768 1264 888 1323 presse
910 1254 944 1306 et
965 1243 1050 1308 satis
1072 1257 1194 1307 ornate

143 1357 177 1408 et
209 1347 451 1428 pereteganter
484 1343 629 1416 diceret,
656 1344 733 1427 quis
770 1356 860 1406 esset
888 1344 924 1406 in
954 1348 1101 1427 populo,
1136 1347 1196 1428 qui

144 1460 208 1510 aut
231 1456 432 1529 expectaret
454 1457 517 1508 aut
545 1445 629 1521 lieri
649 1467 751 1528 posse
780 1447 966 1531 quidquam
989 1448 1110 1510 melius
1129 1470 1195 1529 pu·

142 1550 264 1614 taret?
293 1572 322 1613 c.
349 1549 403 1612 53.
448 1550 496 1612 At
529 1569 624 1623 vera,
657 1561 695 1610 ut
723 1561 845 1612 eontra
875 1554 1024 1614 Crassus
1045 1551 1088 1612 ab
1110 1551 1194 1613 ado·

142 1654 298 1718 lescente'
322 1651 487 1724 delicato,
519 1651 579 1734 qui
611 1650 646 1714 in
679 1651 782 1713 litore
815 1653 997 1716 ambulans
1026 1655 1194 1716 scalenum

143 1756 345 1840 reperisset,
369 1756 411 1818 ob
433 1777 575 1837 eamque
598 1775 670 1816 rem
698 1753 890 1830 aedificare
920 1777 1041 1818 nauem
1070 1778 1194 1827 coucu-

139 1859 301 1944 pivisset,
341 1878 491 1921 exorsus
524 1867 595 1930 est,
630 1856 789 1919 similiter
825 1861 1022 1922 Scaevolam
1055 1880 1102 1920 ex
1124 1880 1194 1921 uno

142 1965 276 2028 scalmo
310 1961 481 2042 captionis
522 1960 766 2022 centumvirale
796 1959 963 2022 iudicium
991 1961 1195 2024 hereditatis

143 2063 322 2154 effecisse,
354 2066 418 2126 hoc
440 2063 497 2124 itte
526 2062 627 2124 initio
656 2075 877 2138 consecutus,
903 2063 1021 2126 multis
1041 2064 1195 2127 eiusdem

143 2166 285 2253 generis
314 2165 491 2228 sententiis
520 2166 699 2229 delectauit
728 2167 930 2249 animosque
959 2167 1115 2229 omnium
1136 2167 1195 2249 qui

144 2273 294 2333 aderant
315 2269 351 2331 in
374 2269 586 2332 hilaritatem
607 2290 629 2330 a
651 2270 833 2330 severitate
855 2269 1030 2332 traduxit.
1062 2270 1195 2333 Deinde

145 2377 209 2437 hoc
251 2373 397 2436 voluisse
431 2393 528 2447 eum,
564 2371 624 2456 qui
662 2382 905 2434 testamentum
923 2369 1097 2461 fecisset,
1133 2374 1195 2434 noc

145 2476 308 2550 sensisse,
332 2497 467 2559 quoquo
491 2475 593 2538 modo
606 2472 715 2552 filius
736 2495 804 2537 non
826 2486 928 2549 esset,
953 2473 1069 2557 quiin
1094 2494 1195 2535 suam

146 2581 291 2641 tutelam
313 2578 457 2653 veniret,
494 2579 564 2641 siue
595 2599 663 2640 non
693 2588 796 2640 natus
822 2576 892 2640 sive
920 2588 998 2638 ante
1021 2587 1191 2650 mortuus,

147 2683 276 2745 Curius
304 2683 401 2745 ireres
431 2693 468 2743 ut
501 2693 610 2745 esset:
638 2681 689 2743 ita
720 2679 868 2742 scribere
893 2682 1076 2762 plerosque
1104 2689 1136 2740 et
1160 2677 1196 2738 id

146 2787 259 2846 valere
287 2796 321 2846 et
350 2785 498 2847 valuisse
527 2806 673 2866 semper.
728 2783 863 2847 Deinde
885 2803 1032 2866 aequum
1055 2782 1193 2856 bonum,

147 2897 432 2950 testamentorum
462 2888 651 2950 sententias
682 2889 941 2968 voluntatesque
973 2897 1106 2948 tutatus
1129 2896 1193 2958 est,

147 3002 278 3072 quanta
303 3003 394 3053 esset
421 2991 456 3052 in
493 2991 602 3052 verbis
633 2990 749 3072 captio
783 3012 861 3052 cum
889 2989 924 3052 in
954 2985 1076 3050 ceteris
1094 2986 1196 3050 rebus

148 3105 222 3154 tum
240 3091 274 3153 in
296 3091 524 3164 testamentis,
541 3092 570 3154 si
586 3093 847 3175 negligerentur
863 3095 1072 3164 voluntatem
1087 3111 1195 3174 quan-

148 3205 219 3256 tam
236 3195 303 3258 sibi
324 3196 518 3277 potentiam
538 3198 702 3259 Scaevola
728 3207 937 3270 assumeret,
964 3195 995 3256 si
1017 3215 1117 3257 nemo
1132 3215 1195 3255 au-

148 3296 244 3360 deret
255 3309 499 3360 testamentum
501 3295 635 3388 faeere
653 3311 772 3381 postea
784 3298 852 3362 nisi
863 3299 905 3359 de
912 3296 1005 3361 illius
1014 3296 1193 3362 sententia.

212 3417 287 3481 Cic.
308 3422 358 3481 -de
390 3419 484 3482 Orat.
513 3420 547 3494 2,
585 3419 617 3482 6.
672 3421 782 3494 Illud,
812 3441 879 3502 ego
903 3419 996 3502 quod
1022 3419 1056 3480 iu
1087 3437 1196 3479 causa

151 3521 305 3584 Curiana
316 3524 499 3586 Scaevolae
523 3523 614 3598 dixi,
639 3543 708 3584 nou
725 3522 803 3584 elixi
816 3543 915 3584 secus
934 3542 975 3582 ae
994 3521 1194 3582 sentiebam.

149 3624 243 3704 Nam
257 3624 306 3698 si,
331 3625 492 3709 inquam,
517 3628 693 3698 Scaevoia,
725 3626 856 3686 nullum
872 3623 938 3686 erit
953 3634 1194 3686 testamentum

149 3738 239 3788 recte
258 3724 409 3816 factum
439 3727 507 3790 nisi
540 3728 633 3811 quod
657 3738 697 3790 tu
721 3725 920 3808 scripseris,
953 3745 1068 3788 omnes
1094 3724 1141 3784 ad
1163 3735 1195 3784 te

149 3827 236 3890 cives
265 3849 343 3890 eum
367 3830 494 3893 tabuiis
525 3831 720 3903 veniemus,
750 3828 904 3890 omnium
930 3837 1136 3889 testamenta
1157 3837 1196 3885 tu

148 3929 275 3993 soribes
302 3952 405 3995 unus.
443 3932 537 4014 Quid
561 3933 699 4015 igitur?
725 3931 873 4013 Quando
901 3951 985 4012 ages
1017 3928 1194 4010 negotium

145 4033 346 4112 pubiicum?
361 4034 500 4118 quando
520 4034 739 4096 amicorum?
762 4033 900 4116 quando
917 4032 1040 4093 tuum?
1057 4029 1195 4113 quanda

149 4133 291 4220 denique
306 4138 394 4199 nihil
421 4135 530 4218 ages?
544 4134 637 4198 Mihi
662 4134 752 4195 enim
768 4136 853 4197 tiber
875 4153 1029 4195 essenon
1045 4132 1192 4205 videtur,

128 4239 206 4318 ¹qui
228 4261 298 4303 non
316 4237 506 4322 aliquando
532 4235 618 4298 nihil
643 4234 731 4316 agit.

138 4343 139 4346 ¹
196 4343 492 4413 nasammonas..
507 4339 567 4382 aa.
955 4336 994 4393 20
