2966 4842
261 347 324 412 008

326 501 463 568 Constat
490 496 621 573 deinde,
645 489 821 578 Virgilium
850 490 882 556 in
910 489 1058 562 omnibus
1089 489 1155 554 suis
1178 489 1316 575 Eulogis

265 601 413 668 Asinium
436 598 619 665 Pollionem
642 594 787 659 maximis
807 593 986 658 celebrasse
1007 593 1169 656 laudibus.

328 701 452 769 Plinius
474 700 562 764 Hist.
589 701 619 775 7,
642 697 695 762 30.
744 695 889 760 Asinium
918 693 1100 759 Pollionem
1124 694 1315 778 principem

265 817 441 871 oratorem
463 815 496 866 et
516 802 622 864 ciuem
644 798 794 882 appellat.
1016 803 1019 810 ’

330 903 476 969 Velleius
506 904 539 980 0,
562 903 612 966 06.
656 905 733 966 lam
757 921 845 983 pene
878 919 1170 980 superuacaneum
1204 899 1315 964 uideri

261 1020 388 1092 potest,
411 1004 633 1068 eminentium
656 1002 876 1085 ingeniorum
897 1012 1019 1063 notare
1032 1013 1202 1082 tempora.
1224 1001 1313 1083 Quis

265 1109 356 1174 enim
377 1109 530 1191 ignorat,
558 1105 723 1168 diremtos
740 1103 908 1186 gradibus
922 1101 1048 1165 aetatis
1058 1102 1237 1192 floruisse
1250 1105 1314 1165 boe

267 1223 421 1292 tempore
449 1208 663 1284 Ciceronem,
695 1204 920 1270 Hortensium
953 1224 1102 1287 saneque
1130 1207 1311 1280 Crassum,

272 1315 446 1385 Catonem,
462 1307 664 1390 Sulpicium,
688 1328 840 1391 moxque
854 1309 1014 1380 Brutum,
1028 1305 1213 1381 Calidium,
1229 1309 1313 1371 Coe-

271 1413 369 1488 lium,
392 1413 534 1477 Caluum
554 1422 588 1474 et
607 1409 809 1492 proximum
832 1407 988 1473 Ciceroni
1015 1409 1216 1483 Caesarem,
1256 1430 1313 1471 eo-

268 1535 412 1597 rumque
457 1515 547 1576 uelut
583 1514 743 1575 alumnos
774 1509 961 1575 Coruinum
999 1530 1040 1572 ac
1072 1508 1313 1573 Pollionem

270 1614 485 1679 Asinium.

329 1716 448 1778 Seneca
472 1715 638 1794 Excerpta
660 1709 820 1776 Contror.
854 1711 913 1776 lib.
945 1713 1009 1782 lv.
1043 1711 1147 1795 prael.
1180 1734 1216 1795 p.
1240 1711 1313 1778 441.

267 1817 376 1880 Pollio
398 1815 542 1880 Asinius
563 1834 751 1897 numquam
770 1813 926 1876 admissa
957 1814 1173 1876 multitudine
1202 1815 1314 1878 decla·

266 1917 380 1995 mavit,
403 1936 464 1979 nec
485 1915 536 1979 illi
556 1915 698 1979 ambitio
719 1915 755 1976 in
776 1915 894 1978 studio
909 1912 1039 2002 defuit.
1071 1915 1209 1980 Primus
1222 1916 1315 1979 enim

269 2017 423 2082 omnium
443 2037 667 2081 romanorum
689 2017 866 2080 advocatis
889 2017 1085 2080 bominibus
1102 2018 1232 2101 scripta
1248 2038 1314 2080 suo

265 2119 431 2182 recitauit.
477 2122 524 2184 Et
551 2119 630 2181 inde
651 2130 719 2193 est,
744 2117 836 2201 quod
867 2118 1038 2181 Labienus
1059 2121 1161 2182 homo
1191 2119 1313 2182 mentis

266 2241 370 2305 quam
391 2221 530 2303 linguae
545 2218 732 2284 amarioris
759 2219 861 2283 dicits
880 2223 943 2308 ille
965 2220 1184 2302 triumphalis
1205 2241 1314 2283 senex

268 2343 429 2386 acroases
450 2341 532 2385 suas
553 2342 739 2404 numquam
758 2323 889 2404 populo
914 2321 1104 2397 commisit,
1134 2323 1204 2386 siue
1231 2323 1315 2405 quia

263 2445 393 2507 parum
420 2423 457 2486 in
485 2423 555 2487 illis
576 2422 733 2487 habuerit
753 2422 931 2500 fiduciae,
966 2422 1053 2497 siue,
1077 2423 1170 2506 quod
1198 2423 1314 2506 magis

266 2524 484 2601 crediderim,
507 2537 663 2588 tantus
685 2536 836 2588 orator
855 2521 1009 2614 ity⁰erius
1025 2524 1063 2587 id
1076 2547 1161 2607 opus
1172 2525 1314 2608 ingenio

263 2647 329 2690 suo
349 2627 508 2690 duxerit:
537 2626 695 2689 exerceri
727 2626 864 2709 quidem
892 2624 952 2689 illo
981 2627 1132 2701 volebat,
1163 2626 1315 2710 gloriari

254 2723 484 2816 fastidiebat.
507 2757 548 2771 -
570 2726 788 2792 Floridior
809 2739 900 2790 erat
930 2727 1161 2812 aliquanto
1183 2728 1225 2790 in
1247 2729 1313 2790 de-

266 2828 486 2892 clamando
515 2849 639 2912 quam
669 2827 711 2890 in
747 2828 933 2911 agenda·
963 2829 1076 2892 illud
1108 2829 1314 2893 strictum

266 2929 361 2992 eius
382 2941 422 2992 et
442 2949 647 3013 asperum
668 2941 708 2994 et
730 2930 856 2992 nimis
886 2943 1034 2994 ratum
1059 2931 1313 2994 indicendo

266 3030 481 3095 iudicium
501 3031 610 3097 odeo
630 3033 841 3109 cessabat,
866 3045 911 3095 ut
932 3033 975 3095 in
999 3031 1144 3096 multis
1165 3031 1234 3095 illi
1249 3053 1312 3096 ve·

266 3131 337 3193 nia
357 3152 465 3213 opus
492 3144 623 3210 esset,
655 3153 757 3216 quae
784 3134 834 3195 ab
862 3133 960 3216 ipso
992 3133 1067 3197 uix
1103 3134 1312 3216 impetra·

266 3232 410 3295 batur.

328 3333 448 3396 Seneca
470 3333 576 3417 Epist.
599 3337 681 3396 Ι100.
733 3337 826 3416 Lege
854 3335 1068 3412 Ciceronem,
1105 3336 1311 3419 compositio

266 3432 342 3496 eius
363 3455 433 3497 una
454 3447 515 3511 est,
536 3435 659 3518 pedem
680 3446 806 3508 servat,
831 3446 965 3512 curata,
988 3447 1083 3498 tento
1104 3449 1138 3500 et
1159 3438 1234 3502 sine
1258 3437 1312 3500 in-

253 3530 384 3623 famia
417 3537 547 3606 mollis,·
576 3547 612 3597 at
644 3547 767 3598 contra
793 3536 956 3601 Pollionis
986 3538 1102 3602 Asinii
1134 3541 1311 3603 salebrosa

263 3647 297 3698 et
322 3637 468 3700 exiliens
490 3647 524 3699 et
544 3636 603 3698 ubi
624 3637 762 3701 minime
782 3649 970 3720 exspectes,
995 3641 1171 3704 relictura.
1203 3640 1311 3703 Deni-

265 3759 329 3821 que
351 3737 446 3820 apud
467 3737 664 3803 Ciceronem
685 3740 803 3803 omnia
831 3741 971 3816 desunt,
1006 3744 1101 3824 apud
1122 3743 1310 3807 Pollionem

263 3840 391 3902 cadunt
412 3838 566 3921 exceptis
585 3842 817 3924 paucissimis,
841 3863 928 3925 quae
949 3843 996 3906 ad
1017 3856 1149 3908 certum
1171 3843 1312 3906 modum

265 3954 299 4004 et
319 3942 367 4004 ad
388 3960 495 4003 unum
516 3945 697 4025 exemplar
718 3943 887 4006 adstricta
907 3957 1001 4008 sunt.

328 4045 450 4106 Seneca
482 4045 521 4106 de
556 4041 783 4127 tranquillitate
816 4043 912 4108 animi
943 4068 973 4110 c.
1011 4047 1064 4109 lb.
1093 4044 1312 4110 meminimus

265 4145 503 4208 Pollionem
527 4145 726 4209 Asinium
747 4157 968 4219 oratorem
990 4167 1199 4230 magnum.

327 4231 448 4308 Seneca
468 4243 690 4322 suasoriarum
712 4244 770 4310 lib.
794 4248 883 4312 Suus.
907 4249 971 4312 VI.
994 4269 1029 4330 p.
1054 4249 1105 4322 50,
1140 4246 1310 4313 Sextilius
