2966 4842
1182 363 1242 424 513

510 517 638 576 CXVlll.
662 516 766 574 Aciliae
782 462 924 572 tucauul

259 653 411 736 Legimus
438 649 468 713 in
492 651 574 716 Vita
595 647 744 724 Lucani,
767 669 783 710 a
801 643 979 709 Scholiasta
999 658 1104 711 vetere
1121 649 1240 733 scripta

194 761 288 841 (quae
310 756 341 818 in
365 753 442 818 edit.
468 751 577 817 Grotii
599 761 685 814 extat
706 762 799 834 atque
816 747 1072 831 Oudendorpii):
1097 755 1152 816 M.
1168 757 1242 817 Αη.

190 880 299 921 naeus
325 863 488 922 Lucanus
507 867 644 938 patrem
673 853 791 916 habuit
813 856 869 916 M.
893 855 1076 915 Annaeum
1096 855 1240 931 Melam,

189 973 335 1023 matrem
360 957 479 1023 habuit
489 958 638 1022 Aciliam
660 955 809 1031 nomine,
830 953 934 1019 Acilii
955 953 1090 1017 Lucani
1111 955 1238 1034 filiam,

189 1064 342 1126 oratoris
364 1084 490 1144 operae
512 1061 607 1142 apud
627 1061 853 1142 proconsules
872 1055 1073 1146 frequentia
1095 1068 1128 1119 et
1149 1062 1243 1140 apud

187 1165 399 1228 clarissimae
422 1164 515 1226 virae
537 1181 605 1225 non
624 1161 752 1224 nullius
769 1161 900 1242 ingenii
906 1183 919 1230 ;
933 1159 1020 1222 adeo
1030 1179 1099 1223 non
1112 1159 1240 1241 impro-

190 1267 341 1340 bandae,
376 1276 415 1328 ut
444 1265 481 1326 in
503 1263 643 1344 scriptia
664 1263 835 1346 aliquibus
857 1261 1022 1345 hodieque
1045 1263 1146 1324 duret
1168 1262 1241 1325 eiua

132 1424 134 1428 ,
192 1387 371 1431 memoria.

227 1483 295 1543 apud
309 1479 487 1546 proconsules]
525 1481 661 1537 Hispaniae.
682 1481 763 1539 Egger
782 1496 820 1536 ap.
842 1482 1004 1533 nannetum,
1026 1483 1064 1538 qui
1084 1483 1144 1526 hunc
1166 1485 1242 1526 solum

263 1573 325 1616 libro
345 1586 398 1616 meo
419 1576 540 1616 oratorem
561 1582 648 1612 novum
667 1569 765 1612 addidit.

227 1670 374 1728 inscriptis
393 1665 530 1726 aliquibus]
567 1668 586 1715 i.
606 1681 628 1714 e.
650 1667 672 1710 in
693 1666 852 1710 orationibus.

445 1805 447 1808 ·
484 1786 587 1844 CXIX.
627 1784 724 1842 lunius
745 1783 839 1862 Gallio
855 1794 945 1858 pater.

253 1917 408 2004 Aequalis
430 1917 500 1981 iere
521 1917 573 1981 Μ.
593 1917 733 1980 Senecae
748 1915 904 1994 rhetoris,
919 1915 1007 1980 cuius
1023 1915 1120 1980 filium
1142 1919 1242 2000 adap-

194 2021 293 2095 tavit,
330 2019 384 2104 qui
418 2019 490 2082 inde
520 2021 644 2083 Iunius
670 2021 835 2082 Annaeus
865 2020 979 2083 Gallio
1010 2031 1144 2082 vocatus
1178 2031 1237 2083 est.

191 2126 273 2187 Erat
296 2120 408 2186 Ovidii
427 2120 592 2183 familiaris
612 2120 703 2197 (Vid.
729 2119 829 2185 ovid.
847 2120 954 2203 Epist.
980 2143 1020 2183 ex
1043 2124 1153 2186 Ponto
1174 2125 1239 2195 IV,

194 2222 261 2307 11.)
285 2237 379 2308 atque
404 2223 532 2305 optimis
559 2244 576 2283 a
605 2224 656 2286 M.
686 2223 807 2285 Seneca
838 2227 1060 2286 adnumeratur
1087 2226 1242 2289 declama·

192 2327 338 2390 toribus:
365 2324 529 2389 Controv.
546 2325 571 2388 l.
596 2327 628 2387 5.
646 2347 677 2406 p.
701 2325 774 2388 353.
798 2329 840 2390 In
856 2327 909 2388 nie
924 2327 1242 2405 declamationibus,

195 2450 283 2512 quae
301 2429 460 2510 Capitoni
481 2429 562 2492 bene
583 2440 769 2502 censerunt,
796 2430 881 2490 nulli
902 2449 970 2491 non
991 2442 1073 2511 poet
1090 2432 1244 2513 primum

193 2531 381 2593 tetradiam
406 2529 675 2619 praeferendus.
700 2531 856 2596 Primum
879 2533 1066 2595 tetradiam
1098 2555 1246 2618 quorum

181 2633 340 2723 faciam,
366 2633 560 2718 quaeritis?
602 2634 831 2709 Latronis,
865 2636 1012 2710 Fusci,
1053 2638 1240 2715 Albucii,

192 2735 421 2798 Gallionie.
466 2735 514 2800 Hi
535 2735 669 2818 quoties
690 2735 954 2827 conflixissent,
988 2760 1094 2821 penca
1116 2744 1242 2804 Latro·

193 2860 270 2901 nem
289 2839 408 2922 gloria
418 2835 517 2927 fuit,
538 2859 644 2919 penes
666 2839 859 2904 Gallionem
875 2829 1009 2922 palma,
1025 2843 1187 2929 reliquos,
1205 2857 1242 2906 ut

193 2941 285 3004 nobie
308 2941 454 3014 videtur,
467 2941 683 3022 'componite-

257 3043 452 3109 M.'Seneca
475 3041 632 3105 Gallionis
652 3043 754 3124 patris
779 3065 875 3127 saepe
898 3047 1048 3122 meminit,
1071 3048 1171 3114 filium
1188 3071 1242 3116 an÷

196 3158 260 3207 tem
281 3165 391 3220 suum,
415 3144 539 3206 Iunium
561 3145 728 3207 Annaeum
759 3145 957 3225 Gallionem,
984 3152 1040 3235 qui
1070 3174 1099 3215 a.
1125 3177 1157 3216 u.
1182 3155 1245 3218 818

197 3249 268 3327 (65)
285 3258 425 3340 mortuus
452 3257 498 3310 est
515 3246 713 3326 (Hieronim.
741 3247 774 3310 in
797 3250 931 3314 Eusebii
947 3252 1073 3318 Chron.
1099 3257 1243 3334 01210,

192 3352 223 3413 lt.
248 3350 387 3413 Neronis
406 3350 469 3412 XI.
492 3348 616 3413 Christi
642 3351 703 3412 65:
731 3351 853 3414 luniue
877 3357 1006 3432 Gallio,
1023 3356 1155 3448 frater
1183 3365 1242 3425 Se-

191 3474 305 3529 necae,
329 3452 493 3536 egregius
516 3453 728 3515 declamator
745 3455 894 3537 propria
917 3479 1022 3520 manu
1045 3484 1080 3522 ae
1107 3463 1242 3539 interfi-

193 3557 250 3619 cit.
297 3555 403 3619 Tacit.
431 3554 518 3616 Ann.
548 3555 616 3627 Vl,
641 3555 672 3616 3.
707 3553 791 3618 XV.
826 3556 891 3634 73.)
921 3558 953 3618 in
980 3558 1064 3622 libro
1094 3583 1151 3624 suo
1178 3585 1243 3625 non

192 3655 475 3719 commemoravit:
499 3666 565 3714 tum
593 3653 687 3728 enim,
713 3676 784 3715 cum
811 3677 880 3716 eum
901 3657 1049 3738 scripsit,
1074 3664 1242 3726 admodum
1333 3661 1338 3676 ¹

194 3755 318 3818 iuvenis
351 3766 432 3832 erat,
468 3756 602 3816 nendum
632 3774 750 3816 nomen
781 3756 921 3819 oratoris
953 3762 1079 3826 meruit.
1142 3765 1243 3829 Cani.

193 3856 349 3938 Spalding
373 3859 411 3918 ad
438 3853 572 3936 Quintil.
598 3857 634 3930 3,
666 3861 703 3932 1,
730 3857 780 3922 21.
825 3859 893 3923 Alii
915 3873 1084 3948 utrumque
1106 3867 1243 3929 confun-

194 3961 282 4020 dunt.
1196 4001 1199 4006 ·

257 4075 360 4144 Tacit.
389 4075 477 4140 Dial.
520 4079 557 4140 de
595 4079 732 4142 Orator.
765 4082 817 4145 26.
869 4085 1028 4146 Ceterum
1049 4085 1082 4146 ei
1111 4087 1239 4154 omisso

193 4179 323 4259 optimo
354 4179 413 4242 illo
440 4193 472 4242 et
496 4177 760 4267 perfectissimo
785 4204 912 4266 genere
937 4186 1149 4268 eloquentiae
1180 4191 1240 4253 eli·

191 4281 306 4365 ganda
331 4282 377 4348 eit
393 4279 528 4371 forma
551 4282 703 4356 dicendi,
729 4285 847 4348 malim
875 4289 1010 4351 hercule
1038 4289 1106 4354 Gai
1132 4293 1239 4356 Grac-
