2984 4842
1184 371 1245 434 365

263 519 337 588 Cic.
362 524 393 587 in
417 526 558 589 Oratore
583 545 612 584 c.
639 523 696 598 37,
723 523 795 586 132.
842 527 963 587 Uterer
992 526 1160 608 exemplis
1182 527 1242 591 do·

197 627 366 700 mesticis,
392 627 461 690 nisi
482 647 523 688 eo
552 626 715 707 legisses,
747 639 863 689 uterer
891 626 1013 690 alicnis
1041 630 1092 690 vel
1112 629 1243 706 latinis,

197 730 228 792 si
242 733 314 792 ulla
329 730 533 812 reperirem,
552 731 604 791 uel
624 730 773 811 graecis,
798 728 829 790 si
850 729 996 790 deceret.
1042 730 1110 793 Sed
1124 731 1244 794 Crassi

195 853 372 914 perpauca
401 844 498 905 sunt,
538 853 598 893 nec
629 853 670 893 ea
704 829 934 904 indiciorum,
970 830 1056 893 nihil
1085 832 1241 908 Antonii,

197 935 285 996 nihil
313 938 452 1006 Cottae,
492 933 578 995 nihil
614 932 776 1015 Sulpicii,
818 931 950 994 dicebat
988 933 1108 996 melius
1139 956 1243 1018 quam

196 1037 336 1119 scripsit
358 1035 580 1102 Hortensius,

260 1155 449 1237 Quintilian.
471 1157 535 1233 XI,
561 1157 600 1232 3,
625 1155 656 1218 8.
702 1156 846 1220 Actione
875 1158 936 1220 Cn.
961 1160 1145 1219 Lentulum
1164 1161 1244 1239 plus

197 1259 370 1341 opinionis
393 1269 612 1320 consecutum
634 1279 738 1341 quam
765 1259 958 1341 eloquentia
980 1260 1100 1322 (licero
1121 1260 1242 1338 tradit,

197 1362 317 1424 eadem
338 1363 376 1424 0.
401 1362 594 1424 Gracchum
624 1360 658 1421 in
682 1360 847 1439 deflenda
861 1358 1006 1451 fratris
1034 1383 1113 1423 nece
1135 1362 1244 1427 totius

193 1463 317 1548 populi
347 1463 484 1526 romani
514 1463 677 1526 lacrimas
705 1463 914 1536 concitasse,
944 1475 977 1526 et
1000 1463 1190 1526 Antonium
1210 1477 1244 1528 et

198 1570 365 1631 Crassum
394 1568 538 1628 multum
572 1565 737 1638 uoluisse,
767 1567 955 1647 plurimum
982 1589 1062 1630 vero
1084 1571 1127 1649 Q.
1152 1571 1245 1631 Hor·

198 1669 359 1731 tensium.
389 1668 488 1730 cuius
520 1669 572 1729 rei
595 1667 694 1742 fides
726 1681 796 1742 est,
828 1669 921 1751 quod
953 1669 1045 1732 eius
1074 1669 1245 1752 scripta

197 1783 366 1833 tantum
399 1771 517 1834 intra
536 1768 715 1859 famam
747 1783 863 1846 suut,
899 1791 966 1854 qua
996 1771 1057 1835 aiu
1082 1772 1245 1855 princeps

197 1885 395 1947 oratorum,
420 1873 607 1956 oliqicando
637 1875 794 1936 aemulus
828 1869 998 1938 Ciceronis
1021 1875 1245 1938 existimatus

198 1988 265 2050 est,
290 1975 492 2049 novissime,
517 1976 633 2059 quoad
653 1975 761 2049 uiuit,
791 1975 977 2051 secundus,
1002 1988 1041 2038 ut
1062 1989 1242 2060 appareat,

197 2079 366 2159 placuisse
394 2077 528 2160 aliquid
557 2099 597 2140 eo
626 2077 775 2152 dicente,
808 2078 900 2159 quod
930 2081 1082 2160 legentes
1103 2100 1171 2143 non
1193 2080 1246 2141 in·

198 2201 362 2244 venimus.

450 2339 476 2394 1.
519 2337 619 2397 Oratio
638 2353 690 2409 pro
710 2337 858 2409 provincia
879 2337 987 2394 Africa.

264 2469 311 2530 Ea
334 2478 495 2532 causaest
518 2482 588 2532 acta
610 2492 639 2532 a.
665 2469 725 2532 659
747 2468 826 2547 (95).
871 2467 1076 2544 Hortensius,
1100 2470 1241 2554 quitum

198 2569 406 2632 novendecim
420 2593 519 2635 annos
541 2585 610 2634 erat
629 2581 735 2646 natus,
764 2591 888 2632 causam
909 2571 1049 2653 suscepit
1075 2570 1243 2649 Afrorum,

199 2672 254 2756 qui
269 2694 286 2735 a
302 2685 410 2735 senatu
430 2676 590 2756 petebant,
607 2685 640 2737 ut
657 2673 858 2757 magistratus
874 2673 1012 2757 quidam,
1025 2673 1081 2758 qui
1098 2673 1244 2738 Africam

198 2774 398 2856 provinciam
418 2775 498 2838 naale
514 2788 545 2839 et
570 2797 664 2838 avare
688 2773 972 2850 administraverat,
995 2779 1242 2857 repetundarum

197 2877 414 2959 postularetur
429 2888 459 2941 et
476 2880 753 2941 condemnaretur.
786 2879 912 2941 Nomen
932 2877 1134 2962 magistratus
1149 2879 1243 2962 igno·

197 2990 282 3054 tum;
299 2982 354 3043 sed
372 2982 432 3042 hac
455 2978 658 3043 accusatione
675 2977 858 3044 tirocinium
875 2978 1078 3062 eloquentiae
1096 2979 1242 3063 posuisse

197 3079 313 3144 fertur.

261 3183 396 3266 Quintil.
424 3185 481 3259 12,
507 3185 543 3260 7,
568 3185 600 3246 t.
645 3188 765 3269 Itaque
794 3198 833 3248 ut
861 3183 1117 3248 accusatorium
1137 3184 1245 3248 citam

196 3285 306 3348 nivere
321 3297 354 3347 et
369 3287 416 3347 ad
431 3283 642 3375 differendos
664 3308 739 3353 reos
759 3288 917 3369 praemio
932 3288 1021 3362 duci,
1037 3287 1242 3369 proximum

197 3388 383 3450 latrocinio
404 3400 467 3465 est,
493 3389 543 3451 ita
561 3400 694 3471 pestem
717 3389 916 3452 intestinam
939 3393 1147 3471 propulsare
1166 3409 1244 3451 cum

193 3489 514 3572 propugnatoribus
525 3491 665 3572 patriae
684 3491 973 3572 comparandum
989 3491 1132 3575 ideoque
1142 3490 1242 3574 prin·

196 3590 287 3673 cipes
302 3591 339 3653 in
361 3592 535 3674 republica
550 3592 615 3654 uiri
637 3613 705 3656 non
729 3592 1002 3655 detrectaverunt
1018 3595 1104 3656 lianc
1119 3592 1242 3682 officii

194 3705 339 3773 partem,
363 3693 550 3777 creditique
579 3707 659 3758 sunt
689 3694 793 3757 etiam
823 3695 909 3757 clari
931 3695 1068 3759 iuuenes
1090 3695 1241 3759 obsidem

196 3792 402 3876 reipublicae
417 3797 500 3860 dare
524 3799 694 3861 malorum
717 3795 842 3858 civium
862 3797 1135 3872 accusationem,
1159 3802 1243 3879 quia

195 3916 256 3957 nec
286 3897 399 3962 odisse
432 3898 607 3981 improbos
641 3921 701 3962 nec
734 3899 923 3962 simultates
951 3918 1143 3980 prouocare
1172 3898 1242 3959 nisi

195 4019 242 4060 esc
258 3997 402 4076 fiducia
425 4001 534 4063 bonae
558 4001 680 4064 mentis
710 3999 926 4063 videbantur.
970 4000 1077 4082 quue
1100 4015 1178 4058 cum
1199 3999 1242 4060 ab

193 4102 400 4178 Hortensio,
433 4101 607 4177 Lucullis,
650 4101 825 4184 Sulpicio,
861 4102 1041 4174 Cicerone,
1077 4101 1238 4174 Caesare,

191 4200 351 4281 plurimis
372 4201 469 4278 aliis,
494 4213 568 4265 tum
589 4204 632 4264 ab
655 4213 800 4287 utroque
823 4206 951 4268 Catone
962 4198 1111 4289 factum
1132 4209 1196 4260 est.

258 4300 332 4365 Cic.
344 4301 438 4364 Brut.
449 4303 499 4377 ola,
514 4301 586 4371 229.
609 4305 816 4367 Hortensius
833 4308 873 4366 L.
885 4304 1013 4365 Crasso
1023 4303 1067 4382 Q.
1078 4301 1242 4363 Scaevola
1285 4297 1288 4302 ’
