2976 4844
1151 370 1189 430 ⁶7

140 530 315 594 iaciebant.
341 530 483 592 Errabat
501 526 612 589 similis
631 526 746 590 oratio
768 529 822 590 Μ.
839 525 947 590 Caelii
964 524 1063 602 Rufi.
1089 524 1188 590 cons.

142 637 271 698 Bunsen
300 631 544 713 Beschreibung
573 632 629 692 der
655 630 744 691 stadt
771 629 855 691 Rom
885 629 927 690 Τ.
951 631 981 690 1.
1004 649 1038 709 p.
1064 628 1136 690 tuo.

207 730 535 815 Charisianus.
572 731 702 815 Quanti.
749 734 835 796 Cato
862 733 898 792 in
922 730 1039 814 primo
1065 733 1100 792 in
1125 735 1190 794 Fa-

141 841 235 904 riam
264 839 306 901 de
330 840 451 911 malta,
481 839 518 899 de
542 856 619 900 caro
646 835 760 898 emtis:
790 837 820 900 0
844 836 966 918 quanti
987 834 1043 897 itte
1065 855 1186 920 agros,

141 941 256 1026 inquit,
284 940 379 1016 enat,
409 961 479 1023 qua
503 960 631 1021 aquam
655 939 807 1002 duceret.

177 1089 205 1134 in
219 1083 316 1146 primo]
347 1087 370 1130 in
394 1087 472 1141 primo
496 1085 561 1130 tibr‘o
583 1085 600 1128 i.
623 1097 646 1129 e.
669 1083 691 1127 in
715 1084 791 1138 prima
811 1086 930 1129 oratione.

206 1205 373 1271 Charisius
397 1228 430 1290 p.
458 1205 530 1267 126.
569 1204 740 1267 Prorsum.
786 1207 841 1266 M.
869 1208 955 1266 Cato
984 1204 1020 1266 in
1051 1209 1092 1267 L.
1123 1209 1188 1268 Fa·

140 1301 234 1372 riam
263 1310 304 1371 de
334 1311 463 1371 malta:
517 1308 685 1371 Prorsam
713 1305 939 1389 qaodcunque
967 1305 1103 1370 iubebat
1121 1304 1189 1397 se-

141 1412 242 1487 cisse,
272 1432 380 1494 nepae
405 1431 611 1494 quemquam
636 1408 881 1471 obseruauisse.

205 1511 373 1578 Charisius
405 1536 439 1596 p.
471 1513 544 1575 123.
590 1510 807 1587 Neo(essario.
860 1513 916 1576 M.
941 1513 1044 1592 Cato)
1077 1511 1113 1574 in
1144 1515 1185 1575 L.

141 1617 286 1681 stiriam
312 1617 354 1679 de
378 1619 505 1678 malta:
535 1613 745 1680 Necessario
758 1611 980 1701 faciundam
1000 1612 1091 1702 fuit.

184 1718 352 1784 Charisius
376 1741 410 1800 p.
437 1718 489 1782 72.
526 1716 625 1781 Domi
652 1738 738 1779 suae.
794 1720 880 1781 Cato
906 1717 947 1780 de
974 1719 1083 1782 malta
1109 1740 1189 1781 eon·

139 1834 197 1884 tra
220 1827 262 1885 L.
287 1821 452 1884 Furiam:
476 1820 582 1883 Domi
605 1841 699 1882 meae
723 1840 825 1902 saepe
840 1820 939 1908 snit.

204 1922 337 1985 Servius
363 1926 402 1985 ad
427 1921 525 2007 Virg.
552 1924 636 1985 Aen.
665 1925 696 1998 1,
720 1923 793 1985 att.
847 1923 1041 2006 Resignare
1066 1933 1188 1987 vetuste

138 2026 182 2088 ita
213 2025 354 2100 dictum,
386 2036 420 2087 ut
450 2045 507 2087 nos
537 2025 706 2108 adsignare
736 2023 869 2087 dicimus
899 2045 960 2108 pro
992 2028 1124 2102 damno,
1156 2037 1188 2088 ut

138 2141 187 2192 est
205 2132 290 2209 apud
311 2131 517 2192 Catonem
539 2128 580 2189 in
607 2133 647 2190 L.
667 2127 840 2191 Furium
863 2127 909 2189 de
931 2149 1063 2212 aqna:
1086 2127 1190 2212 Quod

139 2232 263 2294 attinet
282 2232 329 2293 ad
350 2231 562 2293 salinatores
579 2231 750 2305 aerarios,
775 2231 831 2292 eni
851 2252 938 2293 eura
955 2232 1186 2314 vectigalium,

139 2335 309 2418 resignat.
337 2344 368 2395 et
391 2333 472 2395 idem
508 2333 544 2394 in
570 2333 729 2396 oratione
758 2336 814 2398 Ne
847 2333 960 2416 spolia
983 2333 1188 2415 figerentur

140 2437 209 2500 nisi
236 2438 277 2499 de
304 2439 402 2502 hoste
428 2447 554 2517 capta:
584 2436 651 2500 Seri
676 2448 749 2498 tam
779 2435 838 2498 abi
867 2437 892 2499 ii
922 2436 1057 2498 dimissi
1083 2448 1185 2513 sant,

140 2551 361 2602 revertantur
385 2538 573 2622 resignatis
595 2536 833 2621 vectigalibus.

173 2685 203 2732 aa
222 2683 299 2746 aqua]
350 2687 379 2730 ad
402 2686 585 2742 inscriptionem
606 2684 728 2730 orationis
750 2686 891 2740 pertinere,
922 2698 977 2732 vera
1002 2686 1103 2730 conterit
1126 2687 1188 2730 uut-

210 2777 245 2818 tar
268 2777 297 2818 ad
316 2775 414 2818 Festum
436 2788 459 2829 p.
482 2770 541 2819 318.
579 2775 729 2818 salinatores
753 2775 843 2818 aerarii
870 2774 885 2818 ii
910 2778 978 2828 sunt,
1011 2774 1050 2831 qui
1071 2788 1115 2830 pro
1138 2776 1188 2820 sate

212 2859 359 2906 conficiendo
372 2863 541 2919 vendendoque
555 2865 651 2907 aerario
667 2865 768 2920 vestigat
788 2865 893 2917 pendunt
910 2863 956 2916 (dre
971 2862 1188 2917 Satinenp'a'ehter.t

210 2949 239 2994 L.
264 2949 352 2994 Furius
372 2951 395 2994 in
419 2964 477 3008 agro
501 2962 544 2993 suo
568 2952 657 2994 salinas
679 2951 784 2994 fortasse
810 2951 928 3004 habebat,
953 2951 975 2994 in
998 2965 1098 3008 quarum
1120 2963 1188 2995 usum

209 3051 239 3082 ex
259 3037 331 3084 dueta
354 3037 450 3094 publiea
469 3051 555 3096 aquam
573 3043 705 3084 averterat.

175 3159 304 3222 resignat]
331 3164 417 3207 Festus
440 3178 463 3218 p.
484 3160 543 3207 281.
569 3162 712 3223 Resignara
730 3164 820 3220 antiqui
840 3177 884 3218 pro
905 3161 1040 3208 rescribere
1057 3163 1186 3218 ponebant,

211 3255 236 3294 nt
257 3251 333 3295 adhue
351 3251 492 3309 subsignare
512 3251 614 3296 dicimus
634 3265 678 3308 pro
700 3252 864 3296 subscribere.
916 3248 975 3295 Cato
997 3251 1026 3296 da
1050 3251 1140 3308 spoliis
1159 3265 1187 3295 ne

204 3335 352 3399 figereatas·
374 3340 427 3383 nisi
447 3353 510 3399 qaue
528 3337 559 3384 de
580 3339 611 3384 ko
631 3369 638 3382 .
660 3370 667 3384 .
689 3371 695 3384 .
728 3339 823 3384 i'reuui
845 3342 868 3384 in
888 3339 978 3384 Lenito
999 3344 1186 3394 interpretatae:

120 3479 128 3484 ,
198 3427 245 3472 nm
265 3427 348 3472 Buehe
367 3427 529 3489 ittertragen,
554 3430 631 3474 etaeru
653 3428 784 3474 annaiseo.

203 3544 374 3626 Festus'p.
399 3547 474 3610 376.
519 3545 698 3612 Vindicius
724 3543 926 3626 appellantur
956 3565 1007 3607 res
1042 3565 1116 3622 eae,
1149 3548 1187 3607 de

141 3643 256 3729 quibus
283 3648 528 3712 controversia.
555 3693 563 3711 .
590 3692 599 3710 .
626 3693 635 3711 .
668 3652 770 3713 Cato
797 3647 838 3710 in
864 3667 913 3708 ea
935 3667 1055 3730 qaam
1083 3646 1187 3711 seri·

140 3747 201 3810 bit
229 3753 271 3812 L.
295 3751 427 3814 Faria
449 3752 496 3814 de
519 3771 632 3834 aqua
658 3793 842 3813 ......
860 3772 889 3812 s.
936 3751 1185 3814 Praetores..

142 3852 356 3916 secandam.
384 3898 392 3916 .
406 3856 601 3936 populum.
628 3853 821 3916 .vindicias
840 3897 849 3916 .
876 3897 884 3914 .
902 3852 1032 3915 dicant.

174 3995 204 4040 L.
223 3995 301 4042 Faria
319 3998 349 4043 de
372 3996 448 4058 aqua]
479 4000 569 4043 ruuuer
590 4001 702 4044 adnotat:
733 3999 851 4058 „scribet
883 4011 957 4057 quam
979 3997 1086 4053 scripsit
1108 3999 1135 4040 in
1155 3997 1185 4040 L.

209 4082 334 4138 „Furium
353 4087 383 4132 de
404 4101 478 4148 apua.
518 4088 542 4129 td
566 4101 651 4132 riorrreu
680 4087 755 4132 fuisse
783 4088 894 4134 existimo
917 4085 1010 4130 cuidam
1035 4097 1063 4126 ex
1088 4085 1187 4128 Catonis

212 4175 382 4227 „orationihus
397 4171 425 4218 “in
445 4176 474 4218 1..
495 4175 597 4219 Furium
617 4177 645 4218 de
664 4178 762 4218 mulcta.
800 4175 933 4227 Namapud
952 4170 1062 4216 Servium
1084 4173 1104 4214 in
1120 4175 1187 4230 Vir-g.

210 4262 290 4315 „Aen
312 4261 356 4315 Ν,
374 4257 433 4312 211,
455 4262 495 4305 ubi
514 4253 621 4318 iegitur:
647 4269 674 4307 ut
694 4267 732 4306 aet
750 4259 818 4319 apud
835 4255 951 4304 Catonem
971 4257 998 4300 in
1022 4255 1050 4299 L.
1062 4253 1187 4305 Furium:

210 4347 272 4403 „De
294 4362 358 4407 aqua
381 4348 447 4406 quod
465 4349 555 4393 attinet
575 4349 609 4393 ad
633 4352 788 4394 salinatores
809 4345 941 4396 aerarios,
965 4343 1006 4385 eui
1025 4358 1089 4388 curu
1110 4348 1189 4392 verti-
