2992 4840
273 363 335 426 260

277 519 494 606 opprimendi
514 517 589 582 etus
611 517 699 602 egit,
724 529 763 581 ut
784 521 827 601 Q.
846 517 977 584 Varius
998 517 1159 582 tribunus
1179 519 1228 601 pl.
1243 518 1321 582 belli

273 622 437 689 concitati
470 621 612 684 erimine
646 621 741 704 apud
775 642 812 683 se
839 625 1012 686 Scaurum
1040 621 1172 684 iuberet
1200 621 1321 685 adesse

273 748 366 790 anno
399 727 548 790 LXXII.
603 725 665 788 Ille
692 746 757 806 per
787 723 955 786 viatorem
991 724 1203 799 accersitus,
1243 745 1321 786 cum

274 830 344 891 iam
360 852 407 892 cx
422 828 541 891 morbo
564 828 651 888 male
674 827 874 900 solveretur,
899 825 1176 889 dissuadentibus
1189 827 1319 899 amicis,

274 954 316 994 ue
349 954 385 994 se
423 931 458 993 in
491 930 550 991 illa
583 929 775 990 valetudine
813 941 846 992 et
876 941 990 991 aetate
1023 929 1171 992 inuidiae
1199 929 1321 1012 populi

274 1034 453 1108 obiiceret,
479 1033 623 1094 innixus
644 1031 867 1095 nobilissimis
896 1032 1073 1094 iuuenibus
1094 1033 1263 1113 processit
1285 1033 1320 1094 iu

262 1134 418 1228 forum,
451 1135 573 1197 deinde
603 1146 743 1214 accepto
774 1134 1003 1216 respondendi
1032 1137 1107 1196 loco
1135 1133 1246 1196 dixit:
1276 1138 1318 1216 Q.

220 1239 407 1313 fVarius
440 1238 619 1319 Hispanus
659 1239 714 1300 Μ.
753 1241 921 1300 Scaurum
951 1237 1142 1318 principem
1179 1248 1321 1299 senatus

274 1341 387 1406 socios
403 1341 438 1402 in
460 1361 561 1403 arma
582 1339 632 1401 ait
654 1360 868 1428 convocasse.
912 1342 969 1402 M.
987 1343 1140 1404 Scaurus
1160 1339 1320 1422 princeps

273 1455 414 1508 senatus
437 1454 562 1524 negat‚·
591 1443 691 1506 testis
718 1462 818 1504 nemo
840 1452 904 1504 est.
951 1442 1028 1504 Utri
1050 1462 1129 1514 uos,
1153 1442 1318 1523 Quirites,

205 1613 208 1618 ,
274 1546 429 1609 conuenit
451 1545 618 1606 credere?
649 1549 728 1626 Qua
750 1566 828 1633 uoce
859 1544 909 1606 ita
931 1544 1085 1606 omnium
1101 1543 1323 1609 commutavit

275 1649 421 1722 animos,
446 1659 486 1710 ut
507 1647 550 1709 ab
572 1646 648 1729 ipso
669 1647 775 1708 etiam
797 1646 936 1710 tribuno
959 1647 1202 1712 dimitteretur.

340 1749 459 1813 Cicero
481 1771 517 1830 p.
541 1750 663 1812 Scauro
687 1772 717 1811 c.
743 1753 773 1813 l.
798 1749 828 1814 3.
875 1750 928 1812 Ab
950 1750 1069 1812 eodem
1091 1754 1133 1832 Q.
1151 1748 1321 1833 Caepione

274 1855 349 1935 lege
375 1853 487 1918 Varia
507 1862 623 1913 custos
645 1851 701 1913 ille
730 1851 781 1914 rei
799 1851 958 1933 publicae
978 1851 1189 1954 proditionis
1212 1852 1320 1914 estin

194 2030 197 2035 .
275 1956 405 2018 crimen
427 1965 587 2029 uocatus,
616 1965 763 2016 vexatus
790 1975 812 2016 a
833 1957 876 2037 Q.
904 1954 1015 2021 Vario
1037 1954 1174 2017 tribuno
1194 1958 1244 2037 pl.
1269 1966 1321 2018 cst

274 2077 342 2120 non
367 2060 475 2119 multo
496 2068 589 2119 ante.

340 2159 491 2224 Aurelius
508 2158 622 2221 Victor
645 2161 683 2221 de
706 2157 782 2222 Vir.
806 2157 861 2222 lll.
885 2183 914 2222 c.
941 2161 993 2222 72.
1038 2162 1192 2224 Scaurus
1212 2181 1321 2223 senex

275 2285 353 2326 cum
374 2285 397 2324 a
421 2263 531 2329 Vario
553 2262 691 2325 tribuno
711 2264 760 2345 pl.
784 2274 1009 2345 argueretur,
1034 2263 1134 2348 quasi
1155 2263 1267 2325 socios
1289 2275 1322 2326 et

275 2367 416 2430 Latium
436 2366 484 2427 ad
504 2386 605 2427 arma
626 2365 811 2448 coegisset,
843 2366 890 2426 ad
909 2366 1076 2447 populum
1098 2365 1167 2428 ait:
1192 2364 1322 2431 Varius

275 2468 501 2533 Sucronensis
530 2467 718 2530 Aemilium
749 2472 919 2531 Scaurum
948 2469 997 2530 ait
1020 2468 1133 2531 socios
1155 2469 1201 2530 acl
1221 2489 1323 2530 arma

240 2606 245 2612 ·
274 2572 439 2654 coegisse,
449 2575 726 2654 Scaurusnegat.
745 2569 1323 2653 Utripotiuscredendumputatis?

338 2672 490 2735 Valerius
522 2675 616 2736 Max.
650 2673 688 2750 3,
721 2675 758 2750 7,
790 2674 821 2735 8.
878 2675 933 2736 Μ.
965 2676 1119 2736 Scaurus
1151 2695 1228 2735 cum
1255 2693 1322 2755 pro

276 2775 409 2838 rostris.
424 2789 663 2849 accusaretur,
688 2775 825 2859 quoda
850 2796 931 2858 rege
954 2775 1162 2839 Mithridate
1185 2775 1322 2837 obrem

273 2877 447 2962 publicam
480 2877 694 2959 prodendam
725 2877 907 2960 pecuniam
940 2878 1145 2958 accepisset,
1180 2897 1322 2938 causam

274 3000 375 3042 suam
406 2980 457 3042 ita
487 2980 579 3062 egit:
619 2983 684 3044 Est
713 2981 804 3042 enim
835 2979 1011 3062 iniquum,
1041 2979 1211 3061 Quirites,
1244 3001 1321 3040 cum

276 3081 366 3144 inter
388 3082 473 3147 alios
495 3082 666 3157 vixerim,
700 3082 795 3166 apud
828 3081 918 3144 alios
951 3103 1003 3144 me
1032 3083 1203 3145 rationem
1232 3081 1321 3143 vitae

276 3183 432 3247 reddere.
485 3185 554 3247 Sed
592 3197 707 3247 tamen
739 3185 872 3247 audebo
906 3204 983 3258 vos,
1020 3206 1167 3269 quorum
1208 3184 1321 3246 maior

274 3305 360 3366 pars
383 3283 575 3348 bonoribus
603 3297 636 3348 et
664 3285 751 3348 actis
781 3285 865 3347 meis
899 3285 1065 3348 interesse
1097 3305 1165 3348 uon
1191 3286 1319 3367 potuit,

277 3386 515 3470 interrogare:
540 3387 668 3453 Varius
691 3387 916 3451 Sucronensis
929 3388 1115 3452 Aemilium
1134 3391 1319 3461 Scaurum,

277 3489 377 3572 regia
400 3491 553 3552 mercede
574 3501 796 3573 corruptum,
828 3491 1014 3572 imperium
1042 3491 1164 3574 populi
1186 3489 1325 3552 romani

273 3591 468 3673 prodidisse
497 3592 567 3665 ait,-
596 3594 766 3656 Aemilius
795 3597 949 3658 Scaurus
981 3594 1059 3656 huic
1096 3615 1132 3655 se
1167 3589 1324 3682 affinem

276 3715 349 3757 esse
371 3698 492 3777 culpae
514 3708 631 3778 negat.
678 3697 755 3758 Utri
777 3697 941 3759 creditis?
971 3697 1078 3760 Cuius
1108 3695 1192 3758 dicti
1212 3693 1323 3755 admi·

274 3797 410 3860 ratione
432 3800 583 3879 populus
605 3811 797 3860 commotus
823 3799 969 3863 Varium
991 3800 1033 3861 ab
1057 3799 1117 3860 illa
1139 3797 1323 3860 dementis·

275 3899 364 3962 sima
384 3900 517 3963 actione
536 3900 707 3982 pertinaci
728 3903 878 3962 clamore
901 3901 1047 3984 depulit.

309 4043 348 4107 eet
365 4061 490 4122 iniquum]
510 4065 592 4107 eadem
616 4064 688 4108 verbu
706 4063 850 4108 Plutarchus
870 4065 954 4108 Catoni
975 4063 1062 4106 maiori
1082 4061 1166 4106 tribui!
1186 4077 1208 4108 c·
1231 4057 1274 4114 15,
1298 4064 1323 4104 ut

348 4151 371 4192 in
391 4151 499 4194 oratione
519 4150 617 4194 Catonis
634 4163 682 4207 pro
701 4165 728 4194 se
748 4151 871 4196 adversus
891 4149 916 4201 0.
939 4149 1056 4196 Caesiam
1076 4151 1179 4194 diximus
1200 4163 1224 4204 p.
1261 4145 1321 4193 111.

310 4235 378 4292 apud
395 4239 460 4281 alios
479 4234 529 4294 ms]
546 4237 616 4294 opud
634 4239 692 4282 illos
716 4252 785 4283 meaa
810 4241 934 4286 rationem
958 4240 1035 4287 vitae.
1073 4238 1156 4283 Codex
1178 4238 1258 4296 regius
1281 4249 1321 4291 ap.

346 4323 512 4367 numne-um.
