2966 4842
256 359 316 421 506

150 537 153 546 ·
252 514 333 600 (73).
379 517 454 580 Non
479 516 608 578 multum
637 513 771 579 discedit
791 513 902 580 Wiese
925 537 960 599 p.
986 519 1039 594 11,
1063 514 1120 602 qui
1139 533 1221 581 anno
1238 515 1304 580 cir-

255 618 335 682 citer
363 619 423 680 752
450 619 531 681 diem
555 617 675 682 obiisse
701 617 822 684 scribit.

316 739 493 804 Probabile
509 752 567 816 est,
577 739 945 820 Hieronymumdeanno
960 736 1054 802 natali
1062 757 1182 814 errare,
1194 749 1228 801 ut
1237 759 1303 804 non

251 865 311 906 una
334 864 385 906 res
411 841 560 906 ostendit.
608 847 637 906 l.
664 839 817 918 Constat,
848 842 1021 905 Messalam
1051 845 1203 905 adversus
1226 841 1300 906 Ser.

253 943 427 1026 Sulpicium
452 945 592 1021 Rufum,
619 945 674 1030 qui
700 967 727 1006 a.
757 947 815 1006 711
840 941 908 1021 (13)
937 943 1020 1006 diem
1046 943 1145 1020 obiit,
1175 964 1300 1008 causam

254 1047 376 1129 egisse:
400 1047 457 1111 illo
483 1059 585 1109 autem
611 1067 693 1111 anno
711 1047 849 1111 Messala
874 1049 1045 1110 secundum
1065 1045 1300 1126 Hieronymum

254 1151 310 1212 rix
339 1167 461 1216 sextum
497 1161 528 1212 et
566 1149 719 1212 decimum
754 1171 866 1212 annum
898 1147 1059 1232 attigerat.
1112 1147 1173 1212 Est
1198 1161 1300 1213 atatem

254 1255 351 1318 multo
380 1251 479 1337 magis
503 1274 580 1316 vero
603 1252 715 1328 simile,
735 1249 906 1316 Messalam
924 1250 1075 1314 maiorem
1095 1263 1168 1313 natu
1191 1247 1299 1328 fuisse,

249 1378 318 1418 eum
332 1377 399 1419 eam
413 1378 537 1418 causam
551 1357 678 1438 agebat.
688 1355 872 1418 2.Velleius
884 1354 996 1418 scribit
1008 1354 1060 1429 li,
1070 1353 1298 1440 superaquam

249 1462 333 1540 apud
346 1461 454 1521 urbem
466 1457 637 1540 Philippos
646 1455 776 1522 Cassius
785 1467 815 1521 et
826 1457 945 1520 Brutus
959 1455 1035 1518 victi
1044 1467 1074 1518 et
1084 1455 1169 1519 caesi
1184 1467 1299 1532 essent,

252 1561 366 1624 milites
397 1561 567 1622 Messalam
590 1563 700 1622 ducem
723 1557 922 1641 poposcisse.
974 1561 1026 1621 An
1049 1570 1096 1622 est
1117 1559 1297 1640 probabile,

248 1661 364 1726 milites
385 1662 574 1736 Messalam,
604 1663 744 1746 quitum
768 1664 938 1724 secundum
961 1657 1196 1741 Hieronymum
1225 1683 1298 1743 sep-

246 1765 355 1828 timum
382 1776 413 1827 et
438 1762 593 1825 decimum
623 1785 735 1826 antrum
761 1765 899 1846 agebat,
926 1762 1120 1826 desiderasse
1147 1777 1181 1827 ut
1204 1783 1298 1827 exer·

246 1866 322 1930 citui
345 1863 530 1947 praeesset?
546 1867 574 1932 3.
591 1865 724 1928 Tacitus
739 1865 771 1928 in
787 1864 930 1950 Dialogo
949 1887 980 1928 c.
1004 1868 1057 1954 17.
1076 1864 1198 1940 scribit,
1211 1863 1298 1931 Cor-

250 1968 356 2032 vinum
382 1971 421 2030 ad
449 1967 584 2030 medium
613 1989 713 2050 usque
741 1966 879 2050 Augusti
910 1965 1123 2049 principatum
1153 1971 1297 2032 durasse.

247 2071 419 2152 Quomodo
444 2068 477 2132 id
500 2092 571 2132 cum
598 2068 722 2132 ratione
742 2068 933 2150 Hieronymi
958 2067 1127 2147 convenit,
1149 2069 1297 2156 quicum

246 2197 275 2237 a.
302 2175 374 2248 766,
400 2194 463 2237 uno
488 2181 607 2234 tantum
631 2193 714 2236 anno
738 2181 809 2235 ante
837 2172 1028 2254 Augustum,
1052 2185 1211 2236 mortuum
1228 2195 1297 2236 esse
1388 2259 1392 2264 ι

243 2275 398 2340 testatur?
436 2278 486 2340 Ac
510 2297 548 2338 ne
573 2274 742 2340 Clinton'us
766 2273 894 2359 quidem
928 2275 1008 2335 banc
1036 2273 1165 2338 solvere
1191 2274 1297 2358 potuit

243 2379 483 2442 difficultatem:
508 2377 681 2460 explicatio
709 2377 791 2440 enim
815 2376 882 2439 eius
906 2399 940 2457 p.
965 2377 1040 2439 273.
1064 2387 1213 2442 contorta
1235 2387 1295 2442 est.

244 2483 273 2550 lt.
296 2479 510 2562 Quintilianus
537 2483 585 2554 12,
609 2483 660 2554 11,
684 2480 736 2542 28.
761 2478 883 2553 scribit,
908 2478 1080 2542 Messalam
1104 2491 1199 2564 atque
1220 2479 1297 2544 Asi·

247 2583 331 2646 nium
356 2581 536 2646 Pollionem
561 2581 640 2656 iam,
670 2581 830 2645 Cicerone
851 2592 976 2643 tenente
1007 2603 1113 2643 arcem
1144 2583 1297 2666 eloquen-

243 2685 324 2761 tiae,
345 2707 454 2748 causas
466 2706 563 2768 agere
582 2683 739 2765 coepisse.
762 2682 879 2748 Cicero
892 2694 994 2746 autem
1007 2685 1064 2745 a.7
1070 2685 1105 2744 11
1126 2683 1194 2763 (43)
1212 2679 1294 2745 diem

244 2786 341 2863 obiit,
369 2809 434 2874 quo
463 2809 545 2850 anno
573 2786 712 2848 Messala
741 2787 912 2848 secundum
939 2785 1173 2865 Hieronymum
1206 2768 1296 2848 XV'I

240 2913 338 2953 annos
357 2903 446 2952 natus
467 2901 546 2951 erat.
572 2890 611 2951 Id
632 2886 757 2951 veritati
777 2910 958 2970 repugnare
981 2900 1102 2951 certum
1124 2898 1183 2951 est.
1221 2889 1294 2952 Imo

244 2991 384 3056 Messala
412 2991 518 3054 Asinii
544 2990 702 3054 Pollionis
731 3011 833 3072 prope
860 2991 1000 3075 aequalis
1027 2989 1155 3054 videtur
1184 2990 1294 3065 fuisse,

241 3116 310 3157 cum
332 3117 349 3158 a
375 3093 496 3156 cunctis
523 3093 592 3156 lere
615 3091 829 3174 scriptoribus
850 3094 1037 3177 plerumque
1060 3091 1295 3176 coniungantur

241 3216 363 3279 unaque
385 3193 599 3258 nominentur.
623 3196 654 3256 5.
683 3194 854 3256 Suetonius
873 3192 905 3256 in
926 3194 1062 3258 Tiberio
1086 3218 1116 3257 c.
1140 3195 1192 3258 70.
1211 3193 1295 3258 seri-

239 3297 303 3372 bit,
328 3295 493 3358 Tiberium
523 3297 755 3357 adolescentem
779 3295 951 3359 Messalam
985 3319 1090 3360 senem
1120 3295 1291 3360 audivisse.

239 3401 410 3482 Quomodo
433 3396 465 3459 id
492 3395 658 3470 convenit,
682 3419 751 3458 eum
771 3397 922 3460 Tiberius
944 3419 973 3460 a.
1000 3399 1060 3462 712
1085 3411 1167 3463 esset
1187 3411 1291 3475 natus,

238 3500 376 3584 ideoque
397 3501 500 3562 XVII
529 3510 645 3560 tautum
673 3498 762 3563 annis
784 3499 890 3563 minor
918 3511 1005 3578 natu,
1036 3499 1063 3564 si
1091 3501 1231 3566 Messala
1259 3521 1291 3564 a.

237 3605 298 3667 695
322 3601 499 3664 natusest?

300 3763 428 3824 Auctor
440 3758 659 3842 Epistolarum
673 3762 712 3820 ad
721 3760 853 3822 Brutum
864 3759 932 3844 (qui
942 3759 1042 3824 cliens
1054 3759 1290 3824 etnecessarius

234 3863 333 3928 luisse
349 3863 475 3926 videtur
488 3862 648 3925 Messalae
659 3859 798 3924 Corvini
811 3907 819 3937 ,
833 3873 868 3924 ut
880 3860 1022 3926 Orellius
1032 3863 1063 3925 in
1078 3860 1289 3928 Onomastico

234 3969 345 4048 pase.
361 3965 822 4042 tradit)lib.1,ll›.Messnlam
833 3965 947 4027 hobas.
958 3976 1158 4046 cauepretee,
1170 3965 1289 4047 probi-

233 4081 314 4143 tate,
332 4069 538 4142 constantia,
562 4085 657 4138 curm,
677 4066 793 4128 studio
813 4067 1018 4148 reipublicae
1039 4068 1229 4152 quidquam
1239 4068 1292 4132 itti

240 4171 445 4245 essesimr'le,
470 4181 508 4231 ut
530 4167 797 4252 eloquentia,
822 4189 906 4251 qun
929 4170 1287 4234 mirabiliterear·
