2976 4844
1206 347 1248 410 99

227 497 354 560 Caepione
375 511 399 550 et
420 503 536 562 Phiiippo
557 502 590 550 11.
616 501 696 562 coen]
733 518 797 551 enno
821 502 869 551 585
892 503 977 567 (159).
1021 511 1082 556 Crto
1105 517 1154 558 nnn
1177 525 1246 560 sere-

263 594 329 650 ginis
353 594 455 652 quinque
480 607 556 638 nonos
577 598 630 640 eret
646 598 726 651 netur,
747 596 832 651 quippe
854 609 916 640 enno
937 594 986 644 520
1007 595 1082 658 (234)
1099 602 1176 646 iucem
1196 603 1244 656 pri·

270 696 335 726 mum
359 683 460 734 videret,
484 687 510 724 nt
532 695 604 735 supro
626 683 649 724 in
671 682 798 735 prooemio
825 685 853 725 cd
875 684 974 730 Catonis
997 688 1120 733 erutiones
1140 692 1244 734 ostendi.

265 773 337 816 Petet
357 771 448 829 igitur,
475 784 489 812 c
510 769 629 814 Cicerone
653 770 789 814 cretionem
814 769 913 818 Ceteris
940 785 984 828 pro
1009 775 1062 834 iege
1084 778 1193 820 Voconi·
1220 778 1242 820 in

262 875 349 905 annum
369 854 418 903 585
442 853 517 918 (169)
537 861 648 902 rutatum·
687 859 733 902 Sei
755 860 824 902 inuiti
848 861 891 902 viri
914 863 977 906 docti
1002 863 1143 924 discedunt,
1167 866 1241 908 stium

260 950 309 993 reti
322 960 411 992 eruum
422 947 512 990 eLirio
522 947 633 990 indicari.
652 946 736 990 Livius
746 948 809 990 enirn
819 945 929 1003 Epitomc
940 951 983 997 tib.
994 947 1036 995 41.
1057 949 1186 1008 buretrum,
1201 955 1243 1014 cit,

261 1051 278 1079 c
292 1034 442 1079 censoribue
455 1033 585 1079 conditum
607 1039 662 1079 eet:
682 1048 760 1078 censo
773 1040 833 1079 eunt
849 1037 941 1081 ciuium
961 1037 1174 1096 contristarit.
1213 1041 1244 1102 (i

261 1122 388 1168 Voconius
414 1121 489 1166 Soxo
517 1122 634 1166 tribunus
658 1122 742 1178 plebis
766 1123 849 1183 Iegem
876 1125 952 1181 tulit,
981 1139 1012 1170 ne
1041 1129 1098 1186 quie
1126 1126 1243 1174 heredem

259 1212 394 1256 mulierem
413 1211 567 1256 institueret.
605 1209 695 1254 Suoeit
716 1212 800 1271 legem
823 1210 861 1256 Μ.
881 1209 960 1258 Cato:
985 1220 1056 1259 eetot
1075 1216 1158 1260 oratio
1176 1218 1241 1262 eine.

258 1299 397 1345 Praetereo
425 1312 467 1344 ree
496 1304 585 1342 contro
614 1297 736 1359 Ligures,
768 1298 859 1354 Istros,
885 1299 982 1345 Surdae
1010 1301 1034 1346 et
1059 1300 1195 1349 Celtiberos
1226 1321 1242 1349 o

260 1386 433 1445 compluribus
457 1385 566 1431 ducibus
587 1399 711 1444 prospere
737 1392 827 1446 gestor
851 1394 876 1432 et
899 1388 975 1433 initio
999 1388 1059 1433 belli
1082 1389 1242 1438 Macedonici

258 1477 386 1530 continet,
416 1473 483 1533 quod
513 1473 621 1518 Perseus
646 1471 759 1533 Philippi
783 1472 860 1536 filius
891 1477 1050 1522 moliebatur.
1090 1478 1149 1526 Cum
1183 1481 1241 1527 tinec

259 1564 335 1609 verbu
358 1565 418 1608 setis
439 1565 488 1606 sint
507 1563 629 1622 ainhun«,
653 1576 696 1606 nec
719 1568 787 1606 certo
809 1566 926 1626 trudetur,
947 1580 994 1622 quo
1014 1581 1076 1612 enno
1100 1582 1140 1612 res
1163 1570 1243 1628 singu·

260 1655 300 1697 teo
322 1653 370 1698 sint
390 1657 483 1710 gestae,
511 1652 551 1694 etii
576 1652 617 1694 etii
637 1665 702 1695 enno
723 1653 800 1710 legem
819 1649 951 1698 Voconium
969 1655 1133 1714 assignabant.
1171 1658 1240 1702 Meu·

259 1742 331 1786 ritins
359 1741 423 1784 Kind
452 1741 476 1784 in
497 1739 684 1784 -Dissertetiouo
717 1740 745 1784 de
771 1741 823 1799 lege
846 1742 955 1786 Voconia
976 1757 1000 1798 p·
1022 1739 1045 1789 5.
1066 1746 1090 1788 in
1115 1748 1241 1790 consulatu

259 1831 297 1875 M.
320 1830 382 1873 Iunii
407 1829 476 1872 Bruti
502 1833 526 1873 et
553 1829 583 1872 Α.
605 1829 690 1871 Martii
714 1829 830 1871 Vulsonis
851 1843 914 1874 anno
937 1826 985 1875 576
1010 1825 1084 1886 (178)
1108 1835 1180 1878 letum
1205 1836 1241 1879 ui·

258 1918 300 1972 cit,
327 1917 446 1976 Pighius,
470 1917 510 1973 qui
535 1917 586 1971 ipse
608 1917 719 1973 quidem,
743 1915 887 1961 Ciceronem
906 1893 1019 1981 secutus,
1043 1925 1120 1980 tegern
1144 1937 1167 1968 n.
1190 1921 1238 1968 585

258 2008 330 2050 tutem
354 2005 506 2058 arbitretur,
534 2005 620 2048 scribit
644 2005 674 2054 Τ,
706 2001 730 2048 2.
765 2018 788 2059 p.
820 2000 888 2050 37⁶:
921 2005 1008 2052 Liuius
1031 2009 1058 2052 in
1080 2011 1134 2056 ulio
1151 2006 1241 2070 suim

257 2094 376 2151 opinione
397 2092 518 2138 uidetur:
541 2105 600 2135 nom
621 2090 744 2137 decennio
757 2089 819 2151 sere
837 2095 914 2154 prius
933 2096 1012 2139 totum
1035 2098 1153 2152 coluisse,
1176 2099 1240 2144 eutis

258 2181 357 2228 indicat
374 2182 430 2226 cius
449 2179 574 2238 Epitome.
611 2181 664 2242 Ego
683 2182 706 2225 in
729 2183 811 2238 priore
834 2183 938 2228 editione
960 2185 1084 2240 dixeram,
1107 2187 1240 2232 verisimile

258 2283 330 2330 esse,
359 2270 455 2315 Livium
485 2283 538 2314 euin
567 2271 645 2327 legem
673 2283 736 2313 euno
765 2265 814 2314 580
840 2268 912 2323 (1714)
933 2271 1059 2318 tribuisse.
1097 2273 1146 2318 Nec
1168 2275 1240 2319 etiter

255 2358 392 2406 indicarunt
414 2359 540 2412 Zurnptier
564 2359 593 2402 uei
615 2357 668 2406 Cic.
691 2359 808 2402 Verrines
834 2371 856 2412 p.
881 2355 940 2404 188.
965 2366 989 2406 et
1011 2361 1034 2404 in
1057 2361 1188 2406 Annalibus
1211 2366 1240 2407 et

258 2460 281 2490 n.
301 2441 360 2494 580.
381 2451 453 2504 etque
474 2446 610 2492 Bocckhius
629 2447 775 2504 Metroiogie
799 2460 822 2502 n.
837 2441 903 2492 430:
935 2447 998 2502 „Des
1017 2449 1169 2494 Voconisciie
1191 2449 1239 2514 Ge·

258 2540 327 2592 setz,
350 2536 385 2578 eit
407 2535 465 2588 itte,
490 2536 571 2578 wurie
595 2549 634 2577 um
657 2537 699 2577 des
724 2534 784 2577 Jnhr
806 2528 855 2578 58⁰
877 2535 937 2578 oder
961 2536 1039 2594 einigc
1061 2537 1134 2582 Jntrre
1156 2539 1239 2592 spiter

258 2621 393 2681 gegeben.“
430 2623 476 2666 Sed
497 2635 563 2676 vere,
587 2622 685 2676 opinor,
709 2620 792 2666 docuit
812 2622 843 2666 Η.
869 2623 986 2677 ssupptns
1011 2629 1093 2668 noster
1115 2626 1138 2668 in
1161 2624 1240 2670 tndice

258 2711 355 2770 legum,
387 2711 486 2755 editioni
512 2709 652 2755 Orcilienne
677 2723 777 2766 operum
803 2709 931 2754 Ciceronis
956 2711 1049 2755 ndiecto
1074 2724 1097 2766 p.
1123 2707 1182 2767 295,
1209 2726 1238 2758 er

255 2798 368 2854 Epitorne
394 2798 455 2844 Liuii
484 2799 582 2844 omnino
607 2799 666 2844 nihii
691 2799 751 2842 certi
776 2799 804 2844 (te
830 2811 910 2851 nuno,
937 2812 985 2856 qno
1010 2801 1058 2842 tete
1082 2801 1157 2844 fuerit
1181 2803 1238 2855 tex,

257 2888 329 2932 stetui
352 2900 441 2942 posse,
468 2892 539 2943 etque
564 2887 623 2932 nihii
647 2887 784 2942 impedire,
809 2899 856 2944 quo
879 2889 958 2932 minus
983 2890 1128 2943 nodemus,
1160 2893 1238 2948 tegern

261 2963 397 3020 Voconium
418 2989 481 3021 enno
503 2972 551 3022 585
572 2973 646 3033 (169)
670 2979 839 3034 assignantem
858 2989 923 3021 esse.
959 2977 1034 3034 Igitur
1059 2975 1130 3022 fidem
1152 2977 1241 3023 heber·

257 3077 310 3108 mus
332 3064 470 3108 testimonio
485 3062 620 3118 Ciceronis,
646 3068 696 3121 qut,
720 3071 745 3110 ut
768 3079 840 3120 supro
861 3059 952 3120 menni,
973 3067 1071 3110 omnino
1095 3068 1198 3110 metiore
1213 3072 1237 3111 et

255 3152 364 3196 certiora
382 3153 410 3194 de
434 3150 526 3220 Catone
549 3153 648 3197 irruitis
670 3167 741 3210 quum
762 3155 813 3208 ipse
835 3153 928 3198 Livius.
965 3153 1074 3210 Eumque
1095 3157 1143 3198 inin
1162 3156 1238 3200 secuti

256 3240 390 3284 Maiensiue
411 3253 435 3294 p.
456 3233 514 3292 32..
538 3241 658 3298 sium,
684 3241 771 3299 tingo,
796 3243 854 3286 Rein
878 3242 927 3286 Des
949 3245 1012 3288 riinr.
1038 3244 1191 3288 Prieutrecht
1212 3257 1236 3298 p.

257 3321 319 3380 ³⁶7,
346 3327 386 3372 nbi
408 3333 457 3372 tots
478 3329 517 3372 lex
537 3329 596 3375 eutis
618 3329 696 3384 ample
721 3333 858 3385 exponitur,
884 3331 983 3376 Fischer
1006 3331 1136 3376 zeittefeln
1156 3333 1186 3374 od
1213 3345 1236 3375 e.

258 3413 318 3469 ⁵85,
344 3417 397 3459 etii.
434 3415 484 3460 Nec
506 3417 529 3460 in
550 3417 599 3460 etio
621 3423 720 3462 anctore
743 3420 905 3462 testinnonium
928 3421 1030 3474 emptius
1055 3422 1083 3464 de
1105 3425 1183 3464 estete
1204 3422 1238 3464 te·

256 3505 295 3562 gis
316 3508 399 3562 exint3
430 3517 459 3549 ex
480 3518 509 3551 eo
535 3505 618 3559 enim,
644 3507 706 3562 quod
732 3506 879 3564 Augustinus
904 3508 939 3551 De
961 3508 1056 3552 civitate
1080 3509 1117 3551 dei
1142 3504 1167 3561 ³,
1192 3505 1235 3556 21.

260 3593 376 3646 tradidit,
400 3593 459 3638 nihii
480 3593 596 3650 coiiigere
618 3606 761 3648 possumus:
786 3593 855 3638 Inter
879 3593 1016 3638 errandum
1038 3600 1062 3638 et
1078 3601 1237 3651 postremum

257 3677 351 3727 beilum
372 3677 584 3740 Carthaginiense
606 3682 659 3727 latu
683 3687 722 3726 eet
742 3681 818 3725 etium
841 3681 888 3726 uto
911 3683 957 3725 lex
979 3679 1100 3738 Voconio,
1121 3697 1156 3726 ne
1181 3684 1236 3742 quis

256 3763 376 3838 heredem
400 3765 529 3827 seminum
550 3765 654 3828 faceret
682 3783 728 3814 nec
758 3771 860 3814 unicum
884 3768 981 3831 filiurn.
1019 3769 1075 3832 (iuu
1095 3774 1153 3832 lege
1177 3770 1238 3830 quid

256 3855 370 3916 iniquiue
391 3857 446 3902 dici
467 3863 511 3902 uut
532 3858 644 3918 cogitari
661 3859 754 3916 poerit,
779 3860 878 3919 ignoro.

249 3981 375 4047 Gellius
400 3988 452 4064 17,
475 3988 507 4048 6.
544 3991 599 4051 M.
627 3991 713 4052 Cato
737 3987 928 4052 Voconiam
951 3990 1060 4070 Iegem
1082 3986 1232 4048 suadens

182 4087 239 4150 iris
262 4087 376 4150 verbis
392 4083 482 4150 ¹usus
508 4101 578 4150 est:
606 4090 782 4172 Principio
805 4091 899 4152 uobis
925 4089 1048 4150 mulier·
1072 4108 1236 4168 magnam

182 4188 299 4252 dotem
321 4191 459 4253 attulit-c
483 4203 745 4274 tum—magnam
765 4191 950 4274 pecuniam
974 4189 1107 4269 recipit,
1131 4211 1235 4272 quam

1 4325 2 4378 ,
182 4292 220 4354 in
253 4293 327 4356 uiri
356 4305 565 4376 potestatem
597 4307 665 4357 uon
700 4293 907 4368 committit,
942 4311 1018 4354 eum
1048 4292 1234 4371 pecuniam
