2970 4836
1194 371 1233 432 61

184 518 311 591 artene,
337 517 456 598 froter-
487 518 671 609 Africani‚
702 521 848 598 infirmo
873 546 1030 607 corpore,
1056 537 1170 590 tamen
1195 529 1231 590 in

186 618 318 709 Africa
352 621 491 684 virtutis
523 624 660 686 nomine
692 646 714 686 a
733 623 863 715 fratre
892 629 1078 705 loricatus,
1113 635 1233 694 consul

185 724 397 786 Antiochum
419 747 537 808 regem
567 727 693 811 Syriae
723 731 839 810 legato
856 727 986 817 fletre
1012 733 1107 814 opud
1128 734 1231 818 Sipy-

184 828 258 888 lum
280 837 443 900 montem‚
469 850 545 890 cum
568 851 673 892 arctes
695 831 845 894 hostium
866 833 984 912 pluvia
1003 835 1149 898 hebetati
1156 834 1230 925 fu·

184 928 311 1002 issent,
337 929 416 991 vicit
437 942 470 992 et
495 931 596 1012 regni
623 932 733 994 relicti
758 955 781 994 α
802 947 904 1016 patre
932 949 1033 1018 porte
1059 938 1229 1018 privavit,

183 1031 264 1094 hinc
293 1031 471 1094 Asiaticus
504 1033 628 1098 dictus.
681 1038 763 1098 Post
793 1059 875 1100 reus
899 1039 1107 1120 interceptae
1129 1063 1232 1121 pecu·

185 1133 276 1208 niae,
302 1153 344 1194 ne
370 1134 406 1196 in
433 1157 605 1198 carcerem
636 1137 830 1216 duceretur,
858 1144 1034 1204 Gracchus
1049 1154 1151 1224 poter
1169 1145 1232 1206 tri·

184 1237 297 1298 hunus
324 1237 432 1317 plebis
461 1237 666 1302 intercessit.
717 1244 772 1305 M.
799 1247 884 1306 Cato
906 1263 1027 1306 censor
1053 1266 1176 1327 equum
1200 1246 1232 1309 ei

184 1337 397 1421 ignominiae
420 1361 529 1402 causo
551 1342 691 1405 ademit.

220 1499 319 1560 consul]
348 1518 370 1546 e.
395 1501 445 1548 564
467 1501 548 1561 (190).

220 1641 280 1671 reue
294 1629 418 1685 pecuniae
437 1629 603 1690 interceptae]
631 1646 653 1676 e.
680 1627 727 1677 569
754 1630 828 1692 (185)
854 1635 909 1690 (vel
928 1649 951 1680 a.
976 1633 1024 1680 567
1048 1634 1119 1689 (187)
1145 1644 1169 1682 ut
1190 1640 1231 1683 alii

256 1717 355 1770 dieunt)
402 1718 506 1763 Extehet
530 1722 573 1764 hee
594 1721 621 1764 de
641 1735 668 1765 re
691 1717 794 1764 Catonis
815 1723 897 1766 oratio
915 1722 945 1767 de
962 1725 1072 1781 pecunie
1089 1727 1160 1788 regie
1180 1725 1230 1771 An·

255 1802 340 1865 trochi,
367 1819 437 1864 quum
457 1821 480 1850 m
504 1809 546 1850 ille
566 1821 637 1852 ceusu
663 1815 746 1852 contre
772 1809 801 1853 L.
826 1811 963 1866 Scipionem
986 1818 1078 1871 egeret.

249 1937 442 2006 Plutarchus
463 1943 495 2008 in
519 1944 641 2010 Catone
661 1969 691 2010 e.
714 1945 766 2009 18.
788 1943 927 2034 Ἧνεγκε
943 1951 980 2014 δέ
1000 1973 1074 2016 τινα
1092 1949 1139 2043 τῷ
1157 1947 1231 2018 Κά-

184 2067 261 2109 τωνι
284 2049 339 2110 καὶ
361 2041 504 2126 Λεύκιος
528 2043 546 2113 ὁ
572 2050 771 2129 Σκηπίωνος
797 2045 943 2141 ἁδελφὸς
969 2053 1157 2144 ἐπίφθονον
1178 2050 1231 2121 αἰ-

185 2147 268 2226 τίαν,
284 2146 496 2236 θριαμβικὸς
514 2145 608 2237 ἀνὴρ,
628 2147 832 2243 ἀφαιρεθεὶς
851 2148 902 2219 ὑπ’
923 2149 1026 2222 αὐτοῦ
1045 2152 1103 2223 τὸν
1120 2151 1231 2226 ἵππον.

185 2248 272 2329 ἔδοξε
301 2247 365 2343 γὰρ
395 2246 465 2318 οἷον
494 2254 677 2346 ἐφυβρίζων
703 2249 898 2349 Ἀφρικανῷ
927 2258 1102 2340 Σκηπίωνι
1131 2261 1231 2326 τοῦτο

184 2375 331 2432 ποιησαι.

250 2465 406 2544 Apparet,
430 2461 488 2525 hos
513 2457 700 2541 scriptores,
722 2482 805 2544 quos
827 2461 1005 2542 attulimus,
1030 2465 1073 2526 L.
1099 2464 1230 2546 Scipio·

184 2588 252 2627 nem
276 2564 472 2640 Asiaticum,
495 2562 604 2626 Publii
625 2563 780 2638 lratrem,
805 2562 1017 2640 intellexisse,
1042 2578 1073 2627 et
1096 2588 1137 2628 ex
1160 2570 1229 2630 Au·

183 2669 265 2731 celio
290 2668 429 2731 Victore
453 2665 649 2746 accepimus,
676 2686 824 2726 ostreum
851 2665 933 2729 Cato
957 2678 1033 2729 nota
1057 2666 1229 2752 ignomini-

185 2791 240 2833 osa
262 2771 418 2844 afficeret,
442 2790 557 2850 nempe
578 2767 651 2854 quia
672 2767 825 2849 pecuniae
850 2781 972 2849 partem
997 2769 1153 2834 Antiochi
1180 2769 1229 2835 in·

184 2873 383 2952 tercepisset.

248 2977 410 3036 Weberus
442 2985 543 3036 erstem
571 2995 606 3055 p.
629 2975 681 3036 31.
715 2971 899 3048 arbitratur,
930 2973 1001 3037 fieri
1028 2974 1228 3060 nequivisse,

184 3079 227 3140 L.
258 3077 457 3158 Scipionem,
492 3077 627 3138 virum
656 3077 944 3154 consularem,
979 3099 1063 3162 equo
1097 3078 1228 3160 publico

184 3179 346 3253 meruisse,
372 3180 467 3263 idque
488 3200 552 3241 non
575 3177 606 3240 in
631 3177 814 3260 Scipionem
837 3191 970 3259 patrem,
999 3183 1054 3242 sed
1077 3179 1109 3242 in
1129 3181 1230 3244 filium

183 3282 250 3345 eius
281 3285 415 3358 eadere,
449 3281 563 3365 hisque
595 3280 701 3342 verbis
733 3280 918 3362 opinionem
949 3305 1035 3344 suem
1062 3283 1230 3365 professus

183 3396 249 3447 est:
274 3387 391 3464 „Hune
414 3405 477 3446 non
494 3383 597 3465 ipsum
623 3382 721 3446 luisse
746 3382 929 3464 Scipionem
949 3385 1137 3460 Asiaticum,
1163 3385 1230 3448 vic·

184 3499 306 3568 „torem
329 3487 503 3560 Antiochi,
525 3489 613 3571 quod
637 3496 711 3568 post
735 3487 941 3548 Plutarchum
967 3487 1110 3549 nonnulli
1131 3487 1230 3550 inter·

184 3601 313 3670 „protes
333 3588 422 3652 Livii
442 3601 639 3664 censuerant,
663 3590 718 3652 sed
735 3587 834 3650 filium
856 3586 932 3663 eius,
954 3589 1049 3654 facile
1070 3601 1117 3652 est
1135 3589 1229 3654 intel·

184 3692 325 3770 „lectu.“

246 3793 418 3858 Difficilem
439 3814 507 3856 esse
532 3794 759 3879 quaestionem,
785 3805 890 3856 utrum
914 3806 1078 3860 senatores
1098 3817 1228 3880 quoque

183 3916 267 3979 equo
284 3896 417 3978 publico
443 3896 615 3959 meruerint
641 3917 757 3972 annon,
784 3897 902 3973 fateor,
931 3900 986 3960 sed
1010 3897 1080 3961 aliis
1105 3909 1230 3978 tempo·

181 3998 272 4060 ribus
293 3998 327 4061 in
353 3999 518 4080 republica
547 4021 678 4072 romena
701 3998 796 4062 alium
821 3997 920 4060 fuisse
943 4021 1062 4062 morem
1086 4013 1117 4063 et
1139 4022 1227 4062 usum

183 4103 360 4176 contendo,
392 4121 532 4185 vereque
562 4101 712 4185 Gottling
735 4102 854 4164 Gesch.
877 4104 909 4163 d.
928 4107 1013 4162 rhm.
1037 4102 1227 4164 Staatsveri.

182 4224 217 4283 p.
231 4203 290 4266 3117
311 4199 552 4276 demonstravit,
575 4188 748 4280 senatores,
764 4202 831 4286 qui,
852 4212 1018 4284 antequam
1034 4201 1065 4262 in
1087 4214 1227 4265 senatum

183 4304 304 4387 recepti
320 4305 460 4381 fuerant,
481 4326 564 4388 equo
585 4306 716 4387 publico
739 4301 936 4377 meruissent,
958 4322 1027 4362 eum
1046 4302 1229 4379 retinuisse,
