2966 4842
209 331 271 398 494

215 499 385 573 speraret,
410 505 510 551 nemo
531 485 665 550 dudunt
685 496 832 568 excepto
853 485 976 550 Asinio
998 485 1168 560 Pollione,
1202 486 1263 569 qui

211 589 464 678 infestissimus
481 587 607 679 famae
630 589 806 654 Ciceronis
825 587 1026 670 permansit,
1049 587 1137 650 etis
1157 589 1263 652 etiam

211 693 424 758 occasionem
444 691 656 756 scholasticis
670 690 814 753 alterius
824 691 1005 753 suasoriae
1017 691 1121 753 dedit.
1146 695 1264 755 Solent

209 796 300 859 enim
318 794 513 858 scholastici
532 793 780 856 declamatores
792 812 939 874 ponere:
960 791 1186 855 deliberat
1199 794 1263 858 ct-

213 919 336 971 cero,
360 917 413 959 an
439 917 520 978 pro
537 895 735 958 mittente
757 897 940 957 salutem
962 895 1262 959 Antoninora-

208 999 353 1062 tiones
375 1018 478 1061 suas
498 997 740 1060 comburat.
784 999 878 1060 Haec
911 997 1024 1079 inepte
1038 997 1132 1074 ficta
1163 998 1261 1060 cuili-

217 1102 272 1164 bet
293 1101 402 1164 oideri
421 1111 547 1184 potest.
591 1100 701 1164 Pollio
722 1101 793 1162 vuit
815 1099 909 1162 illam
930 1119 1046 1160 veram
1069 1099 1194 1162 videri:
1211 1101 1263 1162 ita

210 1203 301 1267 enirn
316 1203 409 1266 ainis
430 1203 513 1265 illa
534 1202 749 1276 oratione,
774 1219 897 1284 quam
916 1223 998 1283 pro
1016 1200 1163 1264 Lamia
1177 1203 1261 1264 edi-

149 1351 185 1392 s
211 1306 298 1368 dit:
320 1305 750 1388 itaque,neusquam
766 1303 1040 1387 persisteret,
1058 1323 1262 1368 necmora

198 1405 321 1498 fuit,
356 1406 460 1492 quin
481 1406 687 1470 eiuraret
709 1425 813 1468 suas
834 1407 962 1478 istas,
997 1427 1110 1489 quas
1142 1409 1261 1490 cupi·

212 1510 394 1574 dissime
415 1505 673 1599 effuderat,
698 1508 922 1570 orationes
944 1507 987 1570 in
1008 1508 1259 1583 Antoniam,

212 1612 569 1695 multiplicesque
591 1630 772 1672 numero
796 1610 1260 1693 etaccuratiusscrip·

214 1725 294 1788 tas,
318 1713 419 1775 illis
440 1710 842 1774 contrariasedere
861 1710 1097 1794 accelipse
1116 1714 1262 1795 palam

208 1835 291 1898 pro
312 1812 523 1876 concione
544 1811 737 1875 recitare
755 1813 1261 1898 pollicebatur.ceteroque

211 1915 358 1978 hisatio
379 1913 581 1977 sordidiora
602 1916 721 1990 multo,
746 1925 784 1978 ut
805 1914 867 1976 tibi
876 1913 996 2004 facile
1018 1916 1172 2000 liqueret,
1196 1920 1260 1980 hoc

214 2029 328 2080 totum
350 2015 438 2078 adeo
452 2012 599 2105 salsum
621 2037 706 2090 esse,
730 2027 768 2078 ut
790 2037 832 2079 ne
854 2016 925 2100 ipse
947 2019 1082 2102 attidem
1104 2018 1213 2082 Pollio
1225 2019 1261 2082 in

216 2118 371 2182 historiis
394 2118 468 2181 suis
478 2139 606 2202 ponere
614 2105 735 2180 ‘'lsusus
756 2119 814 2182 sit.
839 2120 929 2183 Huic
943 2133 1033 2184 certe
1047 2121 1176 2184 actioni
1186 2122 1261 2184 eius

212 2243 280 2304 pro
302 2220 426 2284 Lamia
446 2217 767 2306 quiinterfuerunt,
788 2233 916 2304 negant
932 2244 1010 2284 eum
1025 2225 1107 2285 haec
1128 2223 1261 2287 dixisse

212 2325 289 2404 (nec
310 2323 401 2386 enim
423 2323 560 2384 mentiri
582 2323 645 2385 sub
666 2323 930 2388 triumuirorum
951 2325 1160 2388 conscientia
1183 2347 1259 2390 sus·

211 2425 355 2506 sinebat)
376 2425 438 2488 sed
455 2437 581 2508 postea
601 2426 846 2507 composuisse.

245 2585 345 2647 paruo]
380 2587 417 2632 Es
437 2589 515 2633 serbis
534 2589 570 2632 Μ.
592 2589 696 2632 Senecas
715 2595 822 2649 apparet,
842 2589 951 2634 Asinium
972 2593 1076 2635 orationi
1095 2604 1168 2645 snae,
1189 2605 1259 2649 quam

282 2674 345 2732 apud
365 2676 504 2720 triumviros
523 2676 648 2730 babuerat,
670 2685 764 2730 postes,
785 2690 837 2720 cusa
857 2691 910 2722 sans
930 2679 1037 2722 editurus
1056 2684 1123 2733 erat,
1143 2681 1257 2738 quaedam

282 2764 411 2817 addidisse,
431 2762 516 2820 quibus
535 2761 621 2807 invidia
642 2767 665 2807 et
682 2764 849 2808 malevolentia
868 2765 950 2808 dactus
969 2767 1057 2810 ternam
1072 2767 1199 2812 Ciceronis
1213 2767 1260 2810 ini·

282 2866 327 2911 qus
346 2852 460 2898 laederet.

231 3011 260 3068 3.
283 3008 382 3068 Oratio
400 3026 452 3081 pro
470 3008 564 3066 Nonio
583 3009 745 3080 Asprenate
765 3008 896 3066 veneficii
915 3014 965 3066 rec
984 3013 1085 3068 contra
1105 3009 1238 3068 Gessium

664 3103 812 3159 Severum.

275 3234 360 3297 Acts
388 3244 435 3296 cst
468 3253 560 3294 causa
593 3252 623 3293 a.
662 3232 723 3292 745
757 3231 790 3308 (9
814 3241 884 3291 ante
908 3229 1026 3310 cha),
1049 3245 1128 3296 teste
1152 3233 1258 3298 Dione

215 3335 330 3403 Cassio
352 3333 412 3394 lib.
437 3334 487 3405 55,
511 3335 557 3407 4.,
581 3331 697 3392 utiam
720 3329 955 3392 Freinshemius
978 3331 1009 3393 ia
1024 3334 1258 3414 supplementis

213 3440 252 3502 ad
262 3432 351 3498 Livii
373 3433 431 3495 tib.
455 3434 526 3506 104,
544 3432 596 3492 14.
619 3427 762 3492 tradidit.
788 3431 981 3493 Thorbecke
994 3453 1027 3511 p.
1045 3434 1098 3496 69.
1116 3434 1258 3497 Nonium

212 3537 426 3616 Asprenatem
448 3532 672 3613 proconsulem
700 3551 731 3592 a.
763 3531 823 3592 708
846 3531 913 3608 (46)
942 3532 1082 3610 (Hirtius
1116 3537 1153 3598 dc
1176 3536 1254 3601 bell.

212 3636 371 3703 Africano
395 3658 425 3698 c.
449 3635 502 3712 80)
524 3631 695 3715 intelligit,
726 3631 895 3696 Wcichert
924 3646 1026 3698 autem
1051 3639 1103 3699 De
1135 3639 1259 3703 Cassio

211 3737 392 3805 Parmensi
424 3758 458 3816 p.
494 3737 553 3798 197
578 3735 676 3797 filium
710 3734 777 3798 eius
807 3734 850 3798 C.
880 3736 1093 3817 Asprenatem
1117 3739 1258 3803 Nonium

213 3845 424 3925 Torquatum,
446 3837 541 3923 idque
564 3836 673 3903 melius
696 3837 870 3901 convenire
885 3838 1001 3904 sentio.
1026 3841 1113 3904 Reus
1133 3863 1258 3906 veneno

213 3943 347 4008 CXXX
370 3940 413 4020 (i)
435 3939 589 4006 convivas
618 3959 746 4004 necasse
768 3942 974 4022 arguebatur.
1021 3941 1121 4007 Coni.
1145 3945 1259 4008 oratio

213 4045 326 4110 cassii
347 4031 473 4109 severs
516 4041 640 4108 Plinius
664 4041 750 4105 istst.
768 4043 843 4105 Nat.
869 4043 920 4120 ss,
944 4043 995 4120 12,
1021 4047 1073 4107 ss.
1100 4045 1261 4111 Vteeums

212 4147 249 4209 in
267 4147 467 4228 principatu
488 4167 553 4209 suo
575 4147 611 4210 X
629 4147 666 4210 H
685 4147 712 4208 S
731 4143 884 4207 condidit
909 4145 1084 4226 patinam,
1100 4148 1166 4230 *cui
1184 4145 1254 4236 sa·

212 4246 351 4309 ciendae
362 4245 511 4329 fornax
532 4247 568 4310 in
582 4247 713 4329 campis
727 4245 962 4324 exaedificata
987 4259 1074 4323 erat,
1093 4248 1256 4332 quoniam
