2992 4844
1206 377 1266 440 285

328 602 357 659 t.
399 601 498 659 Orstlo
517 618 570 676 pro
592 601 689 661 Manto
710 605 837 677 Aquillio
857 609 957 664 eontra
977 606 1010 663 Ι..
1031 573 1153 666 Fufium.

281 737 329 798 En
347 746 394 798 est
406 735 512 798 habits
529 757 559 798 a.
578 737 638 800 666
659 735 734 820 (98).
779 733 857 800 Via.
874 738 1004 802 Clinton
1019 739 1118 804 Fasti.
1137 740 1266 804 Ellendt

216 861 252 922 p.
275 841 406 901 LXlV.
434 837 466 899 iu
491 837 562 918 ipso
585 839 720 901 Antonii
742 836 905 900 consulatu
930 862 960 902 a.
986 842 1047 903 655
1071 844 1139 920 (99)
1163 855 1265 906 actam

217 952 305 1023 putot
340 962 479 1002 calisam.
533 939 662 1002 Manius
700 940 880 1023 Aquillius,
915 942 971 1024 qui
1000 944 1110 1004 consul
1140 945 1202 1006 suit
1233 968 1265 1010 s.

217 1044 278 1106 653
300 1040 389 1126 (tot)
412 1053 443 1105 et
463 1043 640 1124 proconsul
664 1043 696 1104 in
728 1042 839 1104 Sicilia
868 1043 984 1106 bellum
1011 1044 1126 1107 servile
1155 1069 1182 1114 a.
1204 1050 1265 1111 665

216 1147 285 1224 (99)
305 1143 465 1220 confecit,
491 1167 508 1206 a
535 1146 579 1207 L.
605 1145 699 1207 Fufio
728 1145 817 1224 (Cic.
846 1147 939 1210 Brut.
968 1147 1019 1215 69.
1046 1152 1083 1210 de
1113 1149 1212 1218 offic.
1234 1151 1264 1226 9,

218 1251 270 1310 16.
315 1247 495 1328 Appuleius
519 1246 666 1327 Apolog.
697 1269 730 1327 p.
752 1249 841 1324 316.)
865 1253 1109 1329 repetundarum
1135 1273 1266 1316 accusa·

215 1361 265 1412 tus
282 1360 312 1412 et
338 1352 378 1410 ab
401 1349 544 1412 Antonio
568 1349 715 1410 defensus
738 1361 795 1410 est.
824 1350 923 1413 Actio
951 1352 1176 1417 celeberrima:
1194 1376 1265 1417 nam

215 1450 376 1515 Antonius
416 1451 504 1514 solus
545 1452 639 1514 Mun.
676 1449 855 1535 Aquillium
889 1453 1048 1518 servavitz
1088 1477 1147 1518 nec
1181 1455 1263 1520 euim

215 1567 284 1617 crat
305 1553 471 1616 innocens.

281 1656 398 1718 Livius
422 1655 512 1736 Epit.
544 1657 596 1719 to.
649 1658 735 1719 Cum
762 1657 908 1720 Manius
932 1658 1106 1741 Aquillius
1137 1659 1178 1721 de
1204 1682 1265 1742 pe·

214 1760 326 1822 cuniis
342 1759 540 1841 repetundis
563 1780 703 1820 (talesam
727 1757 866 1831 (liceret,
895 1759 968 1839 ipse
991 1759 1120 1822 iudices
1136 1782 1265 1844 rogare

215 1864 340 1926 noluit.
386 1865 439 1924 M.
463 1862 653 1935 Antonius,
672 1860 731 1943 qui
750 1883 817 1942 pro
840 1883 880 1923 eo
893 1863 1091 1941 perorabat,
1113 1865 1265 1926 tunicam

216 1986 240 2027 a
258 1978 398 2047 pectore
421 1964 495 2025 eins
524 1963 680 2035 discidit,
709 1975 747 2024 ut
769 1965 930 2025 honestas
952 1963 1128 2026 cicatrices
1151 1977 1265 2028 osten·

214 2067 328 2143 (leret,
362 2067 485 2151 quibus
516 2066 705 2146 conspectis
732 2065 967 2128 indubitanter
994 2067 1173 2130 absolutus
1196 2079 1261 2132 est.

214 2171 334 2236 Cicero
357 2169 432 2231 eius
454 2168 504 2231 rei
526 2170 621 2230 solus
643 2179 778 2230 arector.

279 2271 398 2336 Cicero
415 2292 449 2351 p.
467 2271 587 2333 Flacco
608 2291 637 2331 c.
663 2271 715 2334 39.
761 2269 926 2332 Manium
940 2270 1131 2354 Aquillium
1143 2283 1265 2352 patres

215 2374 327 2438 nostri
342 2373 458 2435 multis
479 2371 648 2434 auaritiae
669 2371 869 2432 criminibus
892 2373 1162 2456 testimoniisque
1183 2393 1265 2437 con·

215 2476 358 2550 uictum,
384 2477 468 2558 quia
490 2496 568 2536 eum
579 2472 755 2562 fugitiuis
765 2472 926 2561 fortiter
947 2474 1071 2536 bellam
1092 2487 1263 2556 gesserat,
1305 2554 1306 2558 ἵ

214 2578 341 2641 iudicio
366 2579 608 2640 liberaverunt.
632 2567 641 2588 ’

278 2679 398 2744 Cicero
428 2683 467 2741 de
492 2679 634 2743 Oratore
662 2677 696 2753 9,
723 2677 783 2753 98,
810 2677 880 2746 126.
923 2677 1025 2760 Quod
1045 2676 1137 2738 enim
1159 2698 1264 2740 orna-

214 2796 383 2858 mentum,
420 2804 507 2866 quae
537 2782 604 2856 uis,
640 2780 698 2863 qui
731 2780 885 2854 animus,
918 2801 1005 2863 quae
1034 2779 1188 2862 dignitas
1211 2778 1263 2842 itti

212 2886 348 2949 oratori
370 2883 504 2973 defuit,
538 2884 598 2966 qui
626 2884 662 2946 in
683 2903 791 2944 caussa
808 2883 1011 2965 peroranda
1038 2902 1106 2944 non
1129 2882 1264 2944 dubita-

213 2989 262 3050 uit
276 2989 432 3050 excitare
455 3008 552 3048 reum
574 2987 791 3048 consularem
813 2985 942 3047 eteius
965 2985 1149 3047 diloricare
1170 2984 1264 3046 tuni·

214 3112 289 3152 cum
306 3102 339 3152 et
354 3089 525 3152 iudicibus
539 3088 718 3150 cicatrices
738 3087 903 3150 aduersas
925 3087 1017 3150 senis
1039 3086 1264 3172 imperatoris

213 3193 422 3256 ostendere?

249 3353 332 3414 reum]
369 3357 476 3399 Manium
495 3357 635 3413 Aquinium.

277 3492 359 3556 ibid.
383 3514 413 3555 c.
439 3494 491 3555 tn.
515 3495 635 3558 Nolite
656 3493 861 3556 existimare
885 3516 936 3556 me
958 3493 1089 3576 ipsum,
1114 3492 1264 3576 quinon

214 3595 358 3657 heroum
388 3607 517 3659 ueteres
544 3619 646 3659 casus
666 3596 842 3679 fictosque
871 3600 983 3658 tuctus
1011 3595 1109 3658 uelim
1131 3593 1265 3658 imitari

212 3709 317 3780 atque
332 3698 541 3760 adrcmbrare
563 3699 722 3772 dicendo,
747 3719 807 3759 nec
828 3710 927 3759 actor
948 3698 1014 3760 sim
1037 3699 1169 3759 alienae
1185 3720 1263 3770 per-

213 3819 335 3874 sonae,
365 3801 426 3862 sed
457 3812 580 3863 auctor
603 3823 715 3875 meae,
751 3822 829 3861 cum
858 3799 941 3861 milri
962 3802 1066 3862 Man.
1091 3799 1263 3881 Aquillius

214 3897 251 3960 in
274 3901 411 3964 ciuitate
433 3903 631 3965 retinendus
654 3914 762 3974 esset,
787 3923 873 3984 quoe
896 3901 931 3963 in
954 3901 1015 3962 illa
1035 3919 1143 3960 causa
1160 3919 1263 3978 pero·

213 4003 331 4066 ranila
346 4003 527 4094 fecerim,
550 4006 621 4067 sine
652 4025 779 4084 magno
812 4004 935 4065 dolore
951 4000 1104 4088 fecisse.
1153 4003 1263 4080 Quem

211 4105 307 4168 enim
322 4128 389 4188 ego
405 4109 578 4169 consulem
579 4103 717 4192 fuisse,
736 4106 980 4188 imperatorem
995 4110 1157 4164 ornatum
1170 4121 1194 4161 a
1210 4121 1264 4163 se·

213 4221 301 4271 natu
323 4219 481 4270 ouantem
503 4207 540 4270 in
561 4205 769 4289 Capitolium
800 4203 994 4268 ascendisse
1017 4200 1262 4265 meminissem:

210 4312 300 4372 huno
316 4331 395 4371 cum
409 4306 606 4394 afflictum,
630 4306 854 4381 debilitatum,
878 4312 1097 4376 moerentem,
1116 4301 1152 4366 in
1169 4323 1262 4368 sum·
