2984 4842
277 323 339 386 151

272 492 453 542 oratorum
490 479 604 540 inanis
635 476 811 540 sententiis
851 475 1032 538 verborum
1066 476 1261 539 volubilitas
1290 476 1328 539 in

275 593 433 646 nostrum
456 601 648 643 sermonem
674 575 952 668 transferenda?

338 684 426 750 Suet.
453 686 493 745 de
522 683 660 746 Rhesos.
699 687 728 742 1.
757 679 929 743 Paulatim
964 691 998 741 et
1024 680 1102 761 ipsa
1132 679 1328 758 (rhetorica)

275 784 370 848 utitis
385 787 595 868 honestaque
613 783 795 865 apparuit,
821 783 987 865 multique
1008 803 1085 844 eam
1108 794 1141 844 et
1156 782 1328 864 praesidii

274 907 381 948 causa
401 898 435 949 et
462 887 597 968 gloriae
621 886 873 967 appetiverunt.
909 884 1030 948 Cicero
1057 883 1104 945 ad
1123 895 1327 966 praeturam

275 1009 383 1073 usque
401 1009 525 1071 graece
547 987 788 1061 declamitaoit,
816 986 923 1048 iatine
949 1007 1031 1048 cero
1052 986 1168 1049 senior
1190 1007 1324 1070 quoque

275 1091 460 1174 etquidem
487 1111 564 1154 cum
590 1089 707 1154 Hirtio
728 1100 762 1152 et
788 1091 913 1151 Pansa.
940 1091 1002 1152 Cn.
1036 1088 1236 1170 Pompeium
1251 1087 1327 1170 qui-

278 1191 360 1266 siam
391 1191 548 1254 historici
579 1191 800 1253 tradiderunt
835 1190 898 1251 sub
931 1189 1045 1271 ipsum
1078 1179 1175 1252 civile
1204 1190 1328 1252 bellum

279 1296 443 1376 repetisse
455 1293 669 1357 declamandi
683 1292 977 1364 consuetudinem,
996 1294 1051 1356 Μ.
1069 1291 1325 1365 Antonium,

276 1397 358 1458 item
374 1398 586 1478 Augustum,
611 1415 653 1456 ne
675 1394 871 1458 Mutinensi
893 1394 1030 1476 quidem
1049 1394 1135 1456 belia
1155 1393 1325 1456 omisisse.

342 1497 498 1561 Extitisse
511 1495 673 1560 orationes
689 1495 835 1572 Antonii,
854 1494 971 1558 diserta
988 1493 1167 1558 testimonie
1185 1504 1327 1556 veterum

278 1611 444 1664 auctorum
461 1601 685 1680 comprobant.
711 1599 800 1660 Idem
824 1596 961 1661 sentiunt
982 1598 1106 1660 Falster
1131 1595 1328 1672 (Memoriae

277 1723 311 1782 p.
337 1703 401 1779 15),
428 1713 460 1762 11
486 1702 711 1762 Westermann
736 1721 771 1780 p.
798 1699 869 1762 007.

472 1892 499 1948 1.
541 1890 641 1948 Oratio
661 1895 762 1948 eontra
782 1890 815 1946 T.
837 1891 966 1948 Annium
986 1893 1136 1950 Milonem.

343 2005 389 2066 Ea
413 2015 460 2066 est
491 2001 598 2066 habita
623 2025 653 2067 a.
686 2006 746 2066 tot
773 2004 853 2082 (52).
887 2003 1046 2068 Antonius
1073 2003 1235 2067 accusavit
1259 2004 1327 2066 Mi-

277 2109 394 2172 lonem.
419 2105 581 2170 Asconius
610 2106 642 2168 in
671 2105 883 2171 Milonianam
912 2129 943 2188 p.
971 2108 1023 2169 12.
1078 2109 1182 2172 Intra
1205 2109 1329 2168 horam

277 2209 462 2272 secundam
476 2221 697 2272 accusatores
711 2221 897 2290 coeperunt
913 2209 1046 2285 dicere,
1064 2209 1197 2291 Appius
1214 2207 1328 2270 maior

277 2324 310 2375 et
342 2314 398 2376 M.
430 2311 649 2376 Antonius
674 2322 707 2374 et
740 2313 778 2375 P.
810 2311 971 2376 Valerius
997 2313 1125 2385 Nepos.
1163 2311 1224 2374 Usi
1246 2321 1329 2372 sunt

277 2436 325 2477 ex
347 2415 421 2498 lege
443 2414 539 2477 horis
569 2415 716 2478 duabus.

625 2606 655 2663 0.
697 2607 804 2665 concio
824 2607 987 2664 tribunicia.

343 2720 392 2780 Ea
415 2731 462 2782 est
487 2716 570 2780 dicta
593 2740 623 2780 1.
652 2718 712 2780 tot
736 2719 824 2798 (50):
854 2739 893 2781 eo
917 2717 968 2782 die
992 2739 1059 2804 quo
1085 2718 1242 2783 Antonius
1265 2717 1326 2782 tri·

280 2823 429 2884 bunatuui
450 2819 530 2888 iniit.

344 2921 417 2986 Cic.
435 2926 475 2986 ad
496 2921 638 2985 Atticum
670 2925 706 2996 7,
732 2923 770 2999 8,
798 2923 829 2985 5.
875 2923 1092 2986 Habebamus
1115 2924 1150 2987 in
1170 2921 1328 2986 manibus

281 3025 425 3088 Antonii
447 3025 644 3088 concionem
667 3025 819 3087 habitam
844 3027 879 3090 X
904 3027 986 3090 Kal.
1010 3029 1175 3101 Ianuar„
1203 3025 1329 3108 inqua

279 3137 356 3187 erat
379 3127 554 3189 accusatio
575 3127 731 3209 Pompeii
761 3146 868 3210 usque
897 3148 920 3188 a
946 3139 1031 3210 toga
1049 3151 1160 3210 pura,
1187 3127 1329 3211 querela

280 3227 321 3290 de
343 3227 533 3304 damnatis,
559 3241 674 3292 terror
704 3249 899 3302 armorum,
934 3228 968 3290 in
992 3229 1115 3311 quibus
1141 3230 1222 3324 met
1243 3226 1330 3311 quid
1404 3281 1407 3286 .

280 3345 406 3401 censes,
421 3325 742 3416 aiebat,facturum
757 3349 831 3391 esse
845 3328 971 3409 ipsum,
989 3329 1021 3390 si
1031 3329 1066 3390 in
1073 3331 1329 3410 possessionem

280 3428 486 3510 reipublicae
508 3429 647 3505 venerit,
673 3452 751 3492 cum
776 3431 858 3490 haec
885 3440 1048 3512 quaestor
1069 3430 1144 3492 eius
1158 3429 1330 3508 infirmus

281 3542 314 3592 et
338 3532 438 3614 inops
459 3533 587 3594 audeat
612 3531 748 3594 dicere?
780 3605 782 3610 Α

313 3672 368 3734 itte]
402 3677 541 3732 Pompeius.
562 3674 635 3720 Coni-
656 3673 768 3718 wisunt
787 3672 866 3730 Epist.
887 3673 968 3720 Cicer·
991 3675 1022 3721 Τ.
1042 3673 1067 3724 4.
1088 3689 1111 3732 p.
1135 3673 1176 3723 75.

314 3760 410 3822 ipsum]
446 3765 586 3808 Caesarem.

469 3917 498 3974 3.
537 3915 678 3971 Laudatis
697 3917 825 3974 funebris
845 3916 880 3974 G.
901 3917 967 3974 Iulii
987 3917 1133 3976 Caesaris.

343 4031 420 4092 Eam
437 4025 597 4090 Antonius
612 4027 725 4090 consul
751 4027 831 4091 dixit
857 4051 888 4091 a.
913 4031 976 4092 710
991 4029 1059 4113 (lili)
1079 4025 1189 4113 paucis
1214 4031 1326 4096 diebus

278 4141 352 4212 post
376 4150 483 4192 necem
511 4128 671 4193 Caesaris.
698 4130 798 4195 Conf.
825 4131 989 4195 Drumann
1004 4144 1033 4194 t.
1062 4135 1092 4196 1.
1116 4155 1150 4215 p.
1174 4135 1248 4197 502.

342 4227 414 4292 Cic.
438 4234 477 4292 ad
504 4229 649 4294 Atticum
672 4233 774 4296 xiv.
806 4235 856 4296 10.
901 4235 1031 4297 Caesar
1054 4233 1158 4296 etiam
1178 4235 1214 4298 in
1233 4233 1327 4320 soro
