2958 4840
1146 375 1206 436 566

158 534 278 616 cardos
302 533 366 596 iste
388 531 527 599 Nicetes
549 543 582 592 et
604 531 635 593 si
657 531 734 614 quis
755 528 845 591 alius
861 531 1035 612 Ephesum
1058 532 1109 592 vei
1123 534 1204 617 My-

120 653 128 670 *
157 637 279 699 litenas
299 634 466 699 contentis
488 633 771 696 scholasticorum
794 631 1098 696 declamationibus
1118 656 1202 716 qua-

157 737 212 814 tit,
233 760 336 822 quam
359 741 392 800 A
386 735 470 828 fer
492 748 553 799 aut
563 733 758 826 Africanus
773 745 836 796 aut
851 755 909 796 uos
925 732 993 816 ipsi
1007 753 1030 795 a
1042 735 1203 798 Cicerone

156 853 218 903 unt
240 842 283 904 ab
305 841 429 906 Asinio
452 838 654 903 recessistis.
1142 851 1144 858 ’

222 961 286 1026 Dio
311 960 402 1026 Cass.
429 961 481 1034 59,
506 959 557 1022 19.
587 953 605 1023 ὁ
632 961 788 1044 Δομίτιος
809 953 997 1033 δεινότατος
1027 951 1126 1021 εἰπεῖν
1152 953 1204 1024 ὢν.

345 1118 373 1174 1.
395 1117 494 1174 Oratio
514 1119 654 1174 adversus
674 1115 823 1172 Claudiam
844 1115 1007 1174 Pulchram.

222 1251 303 1310 Acta
327 1258 374 1307 est
396 1269 488 1308 causa
513 1269 541 1308 a.
568 1248 627 1311 779
659 1247 712 1326 (76
735 1269 769 1326 p.
795 1246 913 1324 Cha),
939 1244 1076 1309 Tiberio
1103 1243 1205 1325 impe-

158 1361 259 1411 rante.
285 1349 458 1430 Postquam
484 1348 603 1412 Caesar
627 1347 836 1410 Germanicus
857 1371 887 1410 a.
913 1349 973 1410 777
999 1349 1066 1426 (19)
1093 1349 1205 1409 iraade

159 1447 294 1522 Tiberii,
317 1449 418 1529 patris
442 1449 597 1530 adoptivi,
611 1449 795 1514 interemtus
811 1460 905 1525 esset,
920 1450 1103 1533 Agrippina
1122 1469 1204 1533 quo-

157 1575 231 1638 que,
255 1574 341 1616 uxor
363 1551 442 1625 eius,
467 1551 572 1614 odium
589 1563 620 1614 ct
636 1551 786 1614 invidiam
810 1551 1013 1632 imperatoris
1034 1563 1203 1631 tantopere

157 1668 290 1738 experta
312 1667 370 1730 est,
393 1667 427 1717 nt
447 1654 505 1718 filii
528 1656 602 1728 duo,
626 1652 743 1738 aliique
766 1653 935 1716 familiares
951 1654 1003 1717 vel
1019 1657 1204 1716 damnaren-

157 1772 218 1831 tur,
243 1759 295 1821 vcl
326 1769 533 1832 necarentur,
558 1756 625 1837 ipsa
659 1754 690 1818 in
724 1755 851 1819 exilium
890 1757 1078 1830 mitteretur.
1124 1755 1203 1818 Eius
1291 1747 1298 1755 ⁸

157 1861 308 1934 sobrina,
335 1860 469 1924 Claudia
494 1859 634 1922 Pulchra
664 1860 844 1940 postulatur
872 1873 1037 1922 aestuante
1058 1859 1203 1924 Domitio

157 1965 257 2027 Afro.
283 1963 384 2027 Coni.
409 1962 579 2025 Weichert
600 1963 696 2024 Post.
719 1961 775 2023 iat.
801 1962 873 2024 Rcl.
900 1986 932 2042 p.
958 1965 1033 2026 976.

222 2065 353 2128 Tacitus
376 2067 493 2128 annal.
519 2067 549 2139 t,
573 2065 626 2128 52.
650 2065 697 2125 At
719 2067 849 2127 Romae
875 2079 1048 2126 contmota
1076 2065 1203 2145 princi·

156 2169 211 2250 pis
235 2169 349 2241 domo,
376 2180 413 2229 ut
435 2166 542 2230 series
553 2166 683 2250 fleturi
706 2166 742 2228 in
764 2166 996 2248 Agrippinam
1019 2167 1120 2228 exitii
1152 2167 1203 2228 in-

156 2272 294 2354 ciperet,
319 2270 465 2334 Claudia
486 2272 635 2332 Putenra
657 2269 797 2332 sobrina
826 2270 900 2330 eius
927 2271 1125 2352 postulatur
1147 2290 1204 2330 ac-

156 2385 296 2435 cusante
318 2373 473 2436 Domitio
497 2369 606 2462 Afro.
651 2376 687 2436 Is
710 2393 826 2433 recens
845 2347 1025 2452 praetorii,
1052 2371 1205 2432 modicus

156 2474 367 2557 dignationis
389 2487 421 2536 et
454 2465 590 2557 quoquo
616 2471 780 2558 facinore
805 2469 978 2555 properus
1005 2475 1201 2548 clarescere,

156 2578 285 2640 crimen
307 2577 552 2657 impudicitiae,
575 2577 956 2650 adulterumFurnium,
984 2575 1148 2652 uerreficia
1168 2567 1205 2636 in'

152 2679 344 2762 principem
366 2693 399 2740 et
421 2679 618 2740 devotiones
633 2679 834 2742 olriectubat.
858 2714 899 2724 -
918 2679 1064 2740 Pulchra
1076 2689 1109 2738 et
1119 2681 1201 2738 Fur·

156 2782 234 2843 nius
257 2782 479 2860 damnantur.
505 2778 598 2870 Aser
617 2781 830 2862 primoribus
854 2793 1034 2843 oratorum
1050 2779 1202 2853 additus,

156 2885 335 2966 divulgato
370 2882 510 2964 ingenio
539 2895 571 2947 et
600 2897 718 2945 secuta
747 2883 1000 2945 asseveratione
1030 2883 1201 2956 Caesaris,

156 3008 224 3069 qua
246 3007 311 3048 suo
333 2985 408 3047 iure
431 2985 599 3046 disertum
621 3007 698 3046 eum
719 2985 914 3068 appellavit.
929 3007 1013 3046 mox
1026 3006 1204 3071 capessen-

156 3089 208 3149 dis
237 3087 512 3150 accusationibus
535 3101 597 3149 uut
619 3109 698 3150 reos
720 3087 866 3149 tutando
885 3089 1109 3170 prosperiore
1136 3090 1205 3150 elo·

155 3191 312 3274 quentiae
334 3177 437 3272 prtum
461 3211 596 3270 morum
613 3188 729 3280 faena
759 3187 851 3274 fuit,
884 3189 952 3252 nisi
984 3191 1076 3274 quod
1107 3203 1204 3251 aetas

155 3306 314 3354 eartrema
337 3295 481 3354 miiitum
493 3293 596 3354 etiam
609 3293 820 3375 eloquentiae
833 3291 990 3374 dempsit,
1009 3289 1203 3380 dumfessa

155 3409 265 3457 mente
291 3395 414 3456 retinet
436 3395 563 3458 silentii
585 3395 846 3475 impatientium.

218 3496 283 3561 Dio
308 3495 437 3561 Cassius
461 3497 485 3558 l.
500 3498 550 3571 59,
575 3497 626 3558 19.
655 3496 769 3571 tradit,
795 3496 985 3576 Caligulam,
1006 3509 1116 3577 postea
1145 3497 1203 3558 im·

155 3610 355 3679 perator-em,
387 3599 418 3659 in
442 3596 496 3679 iius
517 3619 648 3660 vocasse
669 3597 846 3660 Dorrritium
877 3597 995 3658 Afrmn
1036 3600 1079 3658 ab
1102 3597 1201 3678 ipsam

156 3703 236 3760 hanc
256 3697 490 3760 accusationem
507 3718 640 3774 eumque
663 3695 833 3760 calliditate
853 3697 968 3759 iratum
993 3697 1048 3759 vix
1066 3719 1203 3780 poenam

155 3800 316 3884 effugisse.
340 3801 373 3864 ἐν
393 3793 525 3874 τούτοις
544 3803 614 3874 τοῖς
635 3792 708 3864 τότε
729 3800 879 3887 κριθεῖσι
901 3793 998 3874 auiti
1019 3797 1159 3888 ''Appoc
1183 3797 1201 3866 ὁ

158 3903 314 3988 Δομίτιος
340 3905 395 3966 καὶ
428 3894 564 3989 κινδύνῳ
587 3895 763 3991 παραδόξῳ
779 3904 835 3966 καὶ
858 3901 1004 3991 σωτηρίᾳ
1027 3905 1204 3985 despuat.-

155 4007 261 4093 ωτέρρι
285 3998 458 4094 ἐχρήσατο.
472 3998 600 4089 ἤχθετο
614 4010 675 4088 μὲν
688 3999 754 4093 γὰρ
766 3997 856 4094 αὐτῷ
870 4007 924 4068 καὶ
937 3999 1044 4080 ἄλλως
1059 3997 1077 4068 ὁ
1089 3996 1203 4084 Γάιος,

155 4097 209 4172 ὅτι
233 4107 284 4172 ἐπὶ
320 4106 380 4172 τοῦ
410 4105 562 4192 Τιβερίου
592 4099 747 4189 γυναικός
769 4128 868 4182 τινος,
892 4100 1138 4198 τῇἈγριιιιιίνῃ
1165 4105 1205 4200 τῇ

155 4213 252 4294 μητρὶ
277 4202 380 4274 αὐτοῦ
402 4200 638 4292 repugnantiam,
661 4202 890 4296 κατηγορήκιι.

188 4351 333 4419 γυναικός
354 4351 444 4416 τινος]
480 4353 750 4399 circamanentium
772 4353 893 4412 intelligit.
