2992 4840
1155 358 1214 418 tta

230 513 351 578 Cicero
383 514 414 576 iu
439 512 550 574 Laelio
575 513 627 574 25.
674 513 818 588 Concio,
844 534 931 596 quae
957 536 1003 575 ex
1026 513 1212 595 imperitis·

164 617 264 680 simis
296 625 448 690 constat,
481 626 594 676 tamen
629 615 783 678 iudicare
815 617 919 689 solet,
955 615 1039 699 quicl
1074 616 1212 678 intersit

165 720 256 782 inter
269 722 494 802 popularem,
521 717 558 779 id
576 729 641 792 est,
665 729 916 781 assentatorem
939 729 972 780 et
986 721 1090 782 leuem
1105 718 1211 780 ciuem

166 835 200 884 et
215 823 305 884 iuter
320 831 535 883 constantem
552 841 708 882 seuerum
728 831 760 881 et
780 841 936 901 gravem.
971 821 1102 904 Quibus
1117 821 1212 883 blan·

166 923 262 986 ditiis
279 943 389 1005 nuper
411 926 448 987 C'.
462 921 626 1004 Papirius
651 921 821 1010 influebat
842 923 877 984 in
900 943 1003 984 aures
1023 923 1209 1000 concionis,

166 1047 245 1087 cum
271 1024 389 1110 ferret
414 1026 524 1107 legem
554 1024 595 1085 de
623 1024 770 1088 tribunis
793 1027 844 1106 pl.
870 1024 1080 1102 reficiendis.
1128 1026 1211 1089 Dis·

165 1128 341 1190 suasimus
366 1148 442 1189 nos.
487 1127 555 1190 Sed
580 1127 667 1197 nihil
690 1128 731 1188 de
758 1149 829 1200 me,
855 1115 906 1188 de·
919 1127 1077 1208 Scipione
1100 1128 1212 1190 dicam

165 1230 334 1292 libentius.
361 1263 402 1290 τ-
429 1262 468 1270 —
500 1233 578 1293 Lex
598 1229 779 1311 popularis
805 1226 991 1314 suffiagiis
1014 1231 1135 1312 populi
1158 1253 1210 1292 re-

162 1332 311 1412 pudiata
336 1343 397 1394 eet.

396 1589 425 1646 2.
458 1589 556 1646 Oratio
580 1591 715 1660 prolege
738 1607 790 1646 sua
814 1591 975 1648 tabellaria.

231 1739 342 1805 Carbo
370 1739 401 1802 in
423 1739 584 1801 tribunatu
613 1761 643 1801 a.
671 1741 731 1802 623
759 1741 848 1821 (133)
871 1741 974 1824 legem
1002 1739 1089 1804 dedit
1110 1743 1212 1806 tabel-

169 1842 297 1920 lariam,
330 1853 362 1904 ut
387 1841 418 1904 in
442 1841 567 1925 legibus
592 1841 736 1904 iubendis
766 1865 802 1904 ac
832 1843 972 1905 vetandis
1000 1844 1138 1926 populus
1163 1857 1211 1906 ta-

166 1945 279 2018 bellis,
322 1965 386 2007 uon
415 1943 577 2027 suffragiis
607 1955 762 2007 uteretur.
815 1945 896 2008 Vid.
928 1946 1055 2008 Walter
1088 1948 1209 2010 Gesch.

166 2051 222 2109 des
247 2052 331 2109 rbm.
356 2047 477 2108 Rechts
504 2067 537 2128 p:
558 2048 631 2110 257.

232 2156 352 2221 Cicero
377 2157 427 2220 De
448 2157 592 2242 Legibus
613 2159 643 2234 3,
669 2161 718 2234 16,
744 2161 794 2222 15.
823 2164 911 2223 Sunt
933 2172 1097 2244 quattuor
1117 2164 1210 2243 leges

166 2261 367 2323 tabellariae
388 2295 428 2305 -
456 2261 605 2324 Gabinia
627 2297 667 2308 -
688 2263 809 2325 Cassia
824 2263 1051 2327 —Carbonis
1074 2275 1125 2326 est
1144 2275 1212 2326 ter·

166 2363 233 2437 tia,
260 2363 301 2424 de
327 2362 483 2424 iubendis
505 2364 637 2444 legibus
658 2386 699 2424 ac
726 2363 897 2436 vetandis,
929 2365 1085 2428 seditiosi
1110 2377 1212 2448 atque

167 2465 316 2547 improbi
339 2465 442 2540 citis,
467 2465 524 2527 cui
544 2486 585 2526 ne
605 2465 738 2528 reditus
763 2465 900 2548 quidem
924 2467 971 2526 ad
992 2467 1098 2528 bonos
1118 2468 1211 2528 salu·
1261 2511 1262 2515 ,

166 2579 234 2630 tem
252 2588 275 2629 a
298 2567 395 2631 bonis
411 2567 525 2649 potuit
546 2565 690 2654 afferre.

204 2819 232 2876 3.
267 2817 365 2875 Oratio
389 2834 442 2890 pro
462 2819 494 2874 L.
510 2818 624 2890 Opimio
648 2820 747 2876 contra
772 2819 808 2886 Q.
824 2819 943 2876 Decium
967 2817 1111 2875 tribunum
1130 2821 1172 2889 pl.

230 2969 278 3030 Ea
305 2987 398 3030 causa
422 2980 490 3028 acta
521 2989 549 3028 a.
575 2968 637 3030 631
660 2969 760 3046 (130).
805 2969 849 3030 L.
873 2966 1023 3048 Opimius
1046 2966 1159 3030 consul
1179 2990 1208 3029 a.

167 3069 228 3131 633
251 3070 340 3148 (131)
365 3068 405 3133 C.
424 3070 606 3132 Gracchum
628 3081 658 3130 et
681 3091 824 3151 magnam
843 3069 960 3131 civium
981 3067 1210 3132 multitudinem

165 3170 301 3234 tumultu
331 3170 417 3234 sacto
448 3169 577 3234 cecidit.
625 3171 722 3233 Anno
747 3171 907 3255 sequenti,
938 3182 1108 3256 postquam
1133 3192 1211 3236 con-

166 3273 269 3336 sulatu
292 3272 418 3336 functus
446 3284 532 3347 crat,
561 3270 729 3335 maiestatis
758 3273 888 3336 crimine
912 3277 995 3355 apud
1018 3275 1211 3355 populuma

165 3379 208 3456 Q.
232 3375 336 3438 Decio
361 3375 491 3438 tribuno
511 3377 556 3456 pl.
581 3385 760 3436 accusatur.
800 3374 841 3438 C.
865 3375 975 3439 Carbo
1000 3375 1131 3452 consul,
1156 3375 1211 3459 qui

167 3488 256 3536 antea
283 3474 316 3537 in
344 3475 386 3539 C.
411 3475 552 3539 Gracchi
573 3475 716 3558 partibus
742 3488 870 3539 steterat
899 3488 929 3538 et
955 3476 1094 3538 eiusdem
1124 3477 1212 3560 leges

167 3576 333 3640 seditiosas
357 3581 522 3640 admodum
553 3578 755 3651 defenderat,
781 3588 898 3640 mutato
919 3588 1049 3659 repente
1075 3577 1210 3641 consilio

168 3678 289 3759 Opimii
312 3702 436 3743 causam
459 3679 615 3760 suscepit,
641 3689 672 3740 et
690 3677 722 3741 iu
738 3678 882 3742 oratione
897 3700 951 3740 sua
969 3677 1010 3741 C.
1029 3680 1211 3741 Gracchum

166 3780 234 3842 iure
263 3803 386 3844 caesum
420 3780 522 3844 rideri
551 3781 643 3843 dixit.
682 3783 756 3844 Hac
781 3779 994 3844 inconstantia
1024 3791 1054 3842 et
1083 3779 1212 3843 levitate

167 3883 262 3945 animi
284 3895 315 3946 et
337 3882 402 3946 suis
422 3882 565 3965 partibus
586 3895 617 3946 et
638 3883 843 3964 optimatibus
866 3881 989 3963 pariter
1010 3880 1141 3956 invisus,
1167 3880 1211 3942 ita

166 3995 200 4045 ut
222 4007 260 4047 ne
285 3985 405 4047 reditus
430 3985 556 4069 quidem
585 3983 652 4046 eius
673 3987 712 4046 ad
732 3987 835 4048 bonos
859 3983 906 4062 (id
925 3993 988 4070 est,
1011 3985 1051 4043 ad
1074 3981 1210 4062 optima·

165 4087 227 4165 tes)
255 4087 387 4149 salutem
419 4109 437 4148 a
465 4083 557 4149 bouis
583 4097 693 4166 posset
724 4089 856 4160 afferre,
888 4098 922 4146 ut
949 4083 1068 4147 Cicero
1092 4083 1135 4145 ait
1161 4085 1212 4147 De

167 4187 313 4270 Legibus
339 4189 378 4266 3,
405 4190 463 4266 16,
488 4189 540 4252 35.
568 4183 711 4268 sequenti
730 4185 811 4248 enim
837 4206 917 4248 anno
942 4183 1111 4248 maiestatis
1132 4206 1210 4250 con·

167 4291 328 4353 demnatus
351 4303 411 4354 est.
