2992 4840
1178 359 1237 424 185

112 526 116 534 ·
193 523 371 594 septorum
401 511 549 576 vidimus
583 512 619 574 in
648 513 754 578 ltalia
782 512 867 577 locis
892 514 1079 598 plerisque.
1127 518 1241 581 Verba

192 637 239 678 eor
269 614 426 676 oratione
459 613 533 676 cias
564 627 686 679 contra
719 616 903 681 Claudiam
931 619 1087 680 Asellam
1119 621 1241 701 qnint'a

194 719 277 780 haee
296 728 396 780 sant:
418 717 499 790 „Ubi
522 739 630 800 agros
651 719 778 801 optime
802 722 913 782 <saltos
936 731 1040 804 atque
1061 719 1159 783 uillas
1176 743 1240 783 ex·
1257 753 1290 774 «-

194 819 423 902 politissimos
448 819 605 894 vidisset,
637 822 671 882 in
698 823 752 884 his
779 822 978 903 regionibus
1004 823 1240 888 excelsissimo

194 923 349 984 locorum
369 943 508 984 murum
522 935 676 985 statuere
690 924 818 998 aiebat,
845 924 924 986 inde
940 924 1118 1006 corrigere
1132 925 1237 999 viam,

193 1023 273 1085 aliis
295 1045 362 1104 per
388 1024 506 1086 vineas
532 1025 679 1099 medias,
705 1026 784 1089 aliis
806 1047 872 1107 per
895 1027 1117 1089 roborariam
1138 1039 1241 1112 atque

191 1125 381 1206 piscinam,
407 1125 487 1189 aliis
505 1149 571 1208 per
593 1128 737 1190 villam.“
762 1160 801 1170 —

260 1263 380 1328 Cicero
405 1269 442 1328 de
470 1267 612 1329 Oratore
639 1267 677 1342 i,
702 1268 762 1342 (tlt,
786 1267 860 1329 958.
905 1271 946 1332 In
970 1270 1032 1330 hoe
1057 1289 1168 1351 genas
1192 1271 1241 1333 ri·

196 1367 301 1430 dicati
316 1368 555 1432 -eoniicinntar
573 1368 775 1449 proverbia,
800 1381 838 1431 nt
856 1369 943 1430 illati
957 1370 1139 1451 Scipionis,
1163 1393 1241 1435 cam

197 1473 334 1532 Asellus
360 1491 477 1533 omnes
497 1469 694 1551 provincias
712 1471 885 1553 stipendia
908 1484 1093 1534 merentem
1111 1495 1147 1536 se
1159 1497 1239 1559 per·

194 1593 340 1655 agrasse
364 1573 600 1656 gloriaretur:
622 1574 721 1654 Agas
746 1576 891 1636 asellam
918 1583 949 1636 et
973 1584 1092 1638 cetere.

229 1736 300 1797 Agas
314 1735 439 1796 asellum]
476 1738 605 1781 ridiculum
618 1737 703 1792 duplex
716 1738 794 1781 oritur
807 1743 830 1780 et
847 1753 860 1782 a
874 1739 1004 1794 proverbio
1018 1745 1067 1784 eta
1084 1740 1241 1786 similitudine

267 1826 379 1872 norninis.
418 1824 580 1869 Proverbium
599 1825 631 1868 ita
645 1826 738 1880 supplet
752 1825 880 1870 Turnebus
894 1825 966 1886 Agar
980 1827 1105 1889 asellum,
1123 1829 1147 1873 ai
1159 1827 1243 1873 dorem

265 1925 343 1972 ogere
364 1926 414 1956 non
437 1926 523 1972 queas.
562 1913 607 1957 Sed
627 1914 730 1958 fortasse
754 1913 824 1958 aliter
846 1915 1068 1970 interpretandum:
1091 1915 1241 1970 Propterea,

268 2003 328 2056 quod
352 2015 437 2045 omnes
459 2001 594 2056 provincias
615 2003 683 2045 miles
706 2002 857 2058 peragrasti,
879 1995 926 2046 uon
949 2005 1002 2056 plns
1023 2005 1051 2047 de
1070 2017 1122 2058 rep.
1144 2018 1169 2048 es
1188 2018 1244 2048 me-

268 2091 346 2142 ritus,
375 2103 445 2145 quam
470 2089 490 2132 si
513 2089 567 2145 quis
596 2091 697 2133 asellum
722 2102 764 2144 per
786 2093 861 2133 totum
888 2090 971 2134 orbem
997 2096 1117 2135 terrarum
1142 2092 1242 2148 egisset.

269 2176 383 2220 Similiter
402 2175 546 2221 Fredarieus
559 2177 662 2232 Magnus
674 2177 792 2221 militibus
811 2177 952 2235 quibusdam
968 2191 1038 2234 saepe
1058 2179 1165 2224 dicebat:
1192 2181 1244 2223 Vos

268 2265 326 2308 estis
344 2265 435 2308 similes
454 2264 508 2308 huic
525 2269 592 2308 mulo
609 2278 678 2325 meo,
698 2268 738 2321 qui
757 2265 883 2318 omnibus,
907 2279 965 2322 quae
985 2267 1065 2324 gessi,
1088 2267 1157 2312 bellis
1170 2267 1245 2311 inter·

270 2353 328 2408 suit,
348 2365 391 2396 nee
414 2357 491 2396 tamen
512 2353 586 2396 adhuc
609 2366 661 2396 rem
679 2353 808 2397 militarem
832 2354 923 2397 didicit.

264 2544 383 2609 Cicero
409 2549 446 2608 de
474 2547 568 2610 Orat.
595 2547 630 2619 2,
656 2546 712 2619 66,
737 2545 811 2606 268.
859 2547 999 2626 Arguta
1015 2544 1119 2606 etiam
1133 2545 1243 2627 signi·
1267 2592 1297 2619 N

191 2647 321 2724 ficatio
345 2661 413 2723 est,
439 2671 516 2710 cnm
534 2669 649 2730 parva
672 2671 709 2711 re
732 2659 765 2709 et
786 2667 888 2728 saepe
911 2647 1011 2710 verbo
1027 2668 1083 2709 res
1098 2647 1245 2710 obscura

199 2763 232 2812 et
261 2753 371 2814 latens
403 2751 611 2813 illustratur.
657 2761 695 2812 ut
726 2752 843 2812 Asello
873 2747 1092 2838 Africanas,
1127 2749 1244 2813 obiici·

199 2853 269 2914 enti
296 2857 446 2917 lustrum
473 2851 560 2916 illud
591 2850 742 2943 infelix,
767 2852 869 2928 Noli,
894 2851 1025 2934 inquit,
1050 2852 1194 2915 mirari:
1214 2851 1246 2915 is

199 2955 306 3031 enim,
340 2957 399 3040 qai
426 2968 458 3017 te
484 2978 531 3018 eor
560 2956 710 3018 aerariis
738 2955 888 3028 exemit,
921 2957 1071 3016 lustrum
1092 2953 1246 3018 condidit

141 3132 142 3143 χ
199 3069 232 3120 et
253 3069 395 3120 tauram
420 3057 621 3120 immolavit.
667 3058 793 3120 Tacita
817 3055 969 3138 suspicio
998 3068 1069 3132 est,
1103 3069 1141 3119 eet
1167 3057 1247 3120 reli·

198 3160 304 3240 gione
319 3159 491 3222 civitatem
506 3159 737 3223 obstrinxisse
752 3159 911 3222 videatur
927 3159 1133 3234 Mummius,
1154 3159 1247 3244 qaod

200 3264 355 3324 Asellam
380 3262 574 3345 ignominia
599 3261 733 3324 levarit.

235 3434 257 3476 is
283 3432 358 3492 enim]
395 3435 475 3479 Censn
495 3441 594 3491 peracto
614 3449 726 3481 censores
745 3439 808 3480 inter
827 3449 852 3480 se
871 3437 1050 3489 sortiebantur,
1072 3440 1124 3479 uter
1143 3436 1246 3479 lustrum

278 3525 400 3582 conderet,
420 3536 564 3579 censorque,
585 3524 621 3567 eui
641 3524 665 3567 id
684 3529 749 3568 sorte
767 3525 908 3577 obvenerat,
928 3525 951 3567 in
971 3537 1054 3578 eampo
1072 3522 1163 3567 Martio
1181 3535 1243 3566 suo-

277 3613 402 3655 vetaurilia
424 3609 541 3666 faciehat;
572 3611 721 3666 victimisque
740 3615 779 3654 ter
800 3611 947 3655 circumlatis
970 3612 1083 3664 populum
1110 3609 1242 3664 lustrabat,

272 3705 341 3756 atque
364 3699 408 3742 hoc
431 3701 503 3742 modo
527 3700 627 3742 lustrum
649 3697 769 3740 eonditum
792 3703 837 3742 est.
885 3697 1032 3742 Henriehsen
1058 3698 1087 3740 ad
1110 3697 1164 3743 cic.
1189 3698 1206 3741 Ι.
1229 3699 1247 3740 l.

273 3785 333 3828 Cum
354 3785 434 3841 Scipio
453 3790 476 3829 et
499 3785 630 3829 Mummius
651 3789 732 3829 essent
758 3785 894 3838 Censores,
914 3785 943 3833 L.
965 3786 1083 3829 Mummio
1102 3798 1157 3828 sors
1181 3784 1250 3828 obti-

272 3874 324 3930 git,
357 3875 461 3917 lustrum
489 3871 617 3917 condendi.
663 3872 726 3916 Cum
751 3878 829 3917 autem
858 3874 942 3918 eodem
972 3877 1081 3926 tempore
1113 3866 1249 3926 pestilentia

272 3961 364 4004 Romae
390 3961 497 4018 grassari
522 3961 656 4014 coepisset,
686 3959 782 4004 Asellus
804 3961 932 4004 obiiciebat
949 3959 1064 4004 Africano
1089 3958 1191 4000 lustrum
1212 3958 1249 4000 in·

272 4048 349 4099 felix,
373 4054 494 4105 tamquam
516 4048 547 4091 dii
569 4051 668 4101 propter
688 4047 756 4091 illum
778 4048 935 4091 immisissent
958 4043 1079 4088 inertium.
1118 4041 1164 4084 Sed
1182 4041 1249 4087 Atri-

274 4149 346 4180 eanus
365 4136 454 4191 optime
477 4138 593 4185 excusat,
619 4145 673 4174 eum
692 4135 771 4187 diest,
795 4147 841 4177 non
864 4146 908 4193 se,
933 4129 1126 4176 sedltlummtnm
1146 4128 1249 4174 lustrum

274 4222 380 4275 fecisse,
414 4228 437 4266 et
460 4222 505 4267 diis
527 4219 622 4278 quidem
645 4219 747 4274 invitis,
781 4223 843 4278 quod
867 4220 976 4264 Asellum
1001 4219 1056 4260 nota
1068 4215 1194 4290 fusoria
1215 4219 1251 4263 lv

275 4315 363 4353 resset.
401 4309 515 4354 Eiusdem
537 4307 573 4351 rei
595 4308 704 4354 meminit
725 4308 831 4353 Lucilius
851 4307 891 4351 lib.
906 4304 951 4353 Xl.
967 4304 1027 4358 apud
1047 4301 1151 4348 Gellium
1165 4299 1190 4359 4,
1207 4301 1249 4350 et.
