2966 4842
1194 321 1255 387 169

200 488 303 558 Hera
323 483 366 548 de
388 493 497 550 marte
517 479 702 554 ,ciceronis
729 479 946 544 recitaturus
964 480 1000 544 ia
1023 482 1126 546 domo
1159 485 1255 547 Mes·

200 585 449 652 salaellomini
469 583 713 649 Pollionem
727 580 927 647 Asinium
949 582 1146 661 ducuerat,
1169 597 1210 647 et·
1220 585 1256 647 in

202 687 375 772 principio
396 689 485 750 hunc
506 705 642 751 uersum
663 683 821 750 nonsine
834 685 1161 748 assensurecitavit:
1173 689 1207 750 D
1222 709 1257 750 e·

197 787 389 880 flendus
411 787 561 852 Cicero
589 797 653 850 est
686 785 925 868 Latiaeque
954 785 1146 848 silentia
1173 788 1255 850 lin·
1332 787 1334 790 ’

205 911 333 973 guae.
370 889 482 955 Pollio
496 888 641 955 Asinius
663 907 732 952 non
753 908 864 971 aequo
884 887 1003 951 animo
1024 889 1115 962 tulit,
1142 897 1175 950 et
1189 888 1257 950 aits

200 995 408 1068 Messala,
434 1003 473 1055 tu
500 992 583 1075 quid
604 992 665 1056 tibi
685 991 830 1056 liberum
859 989 907 1052 sit
929 989 964 1052 in
985 989 1089 1052 domo
1110 1000 1183 1062 tua,
1208 989 1255 1051 si·

201 1095 304 1170 deris,
328 1115 409 1177 ego
430 1093 562 1157 istum
582 1093 820 1157 auditurus
842 1111 924 1156 non
946 1111 1057 1165 eum,
1081 1089 1151 1152 cui
1175 1111 1255 1153 mu·

199 1207 270 1260 tus
291 1196 459 1261 videor.
505 1197 619 1278 Atque
648 1194 699 1256 ita
725 1193 969 1268 consurrexit,
1004 1213 1045 1256 ne
1072 1192 1257 1256 interesset·

199 1297 397 1362 recitationi
419 1317 552 1362 comm.

263 1415 444 1482 Columella
469 1417 507 1478 de
523 1435 559 1477 re
574 1426 655 1477 rust.
669 1413 782 1477 Praei.
806 1412 865 1475 lib.
890 1416 919 1488 1,
936 1413 989 1476 30.
1016 1416 1091 1479 Nec
1106 1418 1255 1478 Brutum

201 1531 264 1582 aut
295 1518 451 1582 Caelium
486 1517 777 1581 Pollionemve
805 1536 883 1577 cum
904 1519 1061 1579 Messala
1089 1529 1123 1580 et
1157 1521 1260 1582 Calvo

198 1621 396 1683 deterruere
409 1619 452 1680 alr
473 1618 684 1702 eloquentiae
695 1617 811 1680 studio
823 1614 979 1699 fulmina
992 1617 1052 1680 illa
1064 1618 1252 1682 Ciceronis.

264 1736 371 1801 Tacit.
396 1736 483 1802 Dial.
514 1740 553 1800 de
583 1738 718 1801 Orator.
755 1737 806 1798 17.
838 1735 930 1817 Aper
964 1735 1063 1798 dicit:
1098 1739 1255 1801 Transeo

198 1841 245 1905 ad
266 1841 393 1906 latinos
415 1851 586 1914 oratores,
611 1838 647 1900 in
670 1837 792 1920 quibus
814 1857 882 1899 nou
898 1837 1099 1901 Menenium
1115 1851 1154 1901 ut
1165 1851 1252 1922 puto

200 1942 408 2026 Agrippam,
433 1942 492 2025 qui
504 1951 619 2024 potest
636 1938 744 2001 videri
758 1937 933 2021 antiquus,
959 1953 1159 2004 nostrorum
1173 1953 1258 2004 tem·

195 2065 324 2127 porum
349 2042 486 2104 disertis
515 2053 723 2124 anteponere
755 2040 890 2114 soletis,
922 2043 982 2103 sed
1004 2042 1202 2105 Ciceronem
1223 2055 1257 2104 et

200 2147 384 2208 Gaesarem
405 2153 438 2204 et
461 2143 614 2206 Coelium
635 2153 668 2204 et
690 2144 830 2206 Calvum
860 2152 892 2204 et
915 2144 1061 2204 Brutum
1094 2153 1128 2203 et
1152 2144 1252 2206 Asi·

200 2243 316 2306 nium
337 2255 370 2307 et
393 2245 595 2308 Messalam.
626 2263 708 2326 quos
736 2241 873 2327 quidem
902 2266 965 2305 cur
994 2243 1146 2327 antiquis
1168 2255 1252 2305 tem·

198 2345 343 2428 poribus
362 2346 480 2429 potius
501 2345 709 2408 adscribatis
719 2366 823 2430 quam
838 2346 985 2421 nostris,
1003 2366 1071 2407 non
1086 2344 1197 2407 video.
1211 2380 1252 2391 -

201 2468 282 2510 nam
293 2447 460 2512 Corvinus
481 2447 515 2510 in
539 2448 687 2510 medium
710 2468 816 2530 usque
833 2445 986 2528 Augusti
1005 2445 1250 2528 principatum,

204 2549 391 2614 Asinius
411 2570 521 2631 pene
543 2550 596 2611 ad
617 2560 860 2611 extremum
881 2547 1072 2609 duravit.

235 2691 269 2738 ad
285 2692 436 2750 extremum]
476 2694 573 2738 Asinius
590 2705 613 2738 a.
636 2687 684 2736 757
704 2688 731 2748 (t
745 2705 769 2746 p.
780 2687 1001 2750 Chr.),{Augustus
1019 2704 1076 2734 vero
1096 2705 1120 2738 a.
1136 2686 1183 2737 767
1198 2689 1257 2748 (li)

270 2786 378 2825 mortuus
401 2786 447 2826 esi.

262 2917 341 2997 ibid.
367 2941 398 2982 c.
423 2917 475 2982 12.
499 2939 559 2980 nec
584 2919 675 2980 ullus
701 2916 851 2979 Asinii
871 2930 933 2982 aut
955 2918 1144 2980 Messallae
1171 2916 1266 2978 tiber

199 3037 272 3088 tam
283 3019 432 3088 illustris
446 3030 498 3081 est
507 3037 611 3101 quam
618 3018 747 3081 Medea
758 3016 873 3080 Ovidii
884 3029 945 3080 aut
957 3017 1058 3084 Varii
1068 3019 1252 3102 Thyestes.

220 3129 223 3134 '
263 3122 344 3184 ibid.
369 3145 399 3183 a.
423 3119 475 3182 21.
493 3121 586 3200 Aper
612 3118 917 3193 dicitzAsinius,
941 3140 1149 3202 quamquam
1169 3142 1252 3202 pro·

205 3224 361 3304 piorilrus
389 3221 600 3302 temporibus
616 3233 718 3284 natus
737 3221 794 3296 sit,
819 3220 953 3284 videtur
970 3221 1053 3286 milri
1068 3222 1158 3284 inter
1173 3226 1251 3286 Me·

202 3326 321 3388 nenias
354 3337 387 3388 et
416 3323 549 3406 Appios
577 3323 763 3388 studuisse.
807 3325 994 3388 Pacuuium
1015 3336 1105 3387 certe
1127 3335 1161 3388 et
1184 3326 1249 3388 Ar-

201 3426 288 3488 tium
313 3446 380 3488 non
395 3429 507 3488 solum
523 3426 715 3510 tragoediis
737 3425 799 3489 sed
818 3427 922 3490 etiam
944 3426 1160 3488 orationibus
1182 3426 1254 3491 suis

207 3526 399 3605 expressit:
420 3520 506 3588 adeo
530 3527 639 3588 durus
660 3537 694 3588 et
715 3527 825 3588 siccus
847 3539 910 3588 est.

237 3664 378 3724 Menenios]
417 3668 544 3711 Menenius
562 3668 668 3725 Agrippa
686 3667 781 3722 plebem
799 3680 922 3711 romanam
949 3683 962 3711 a
981 3669 1088 3723 patribus
1107 3671 1260 3718 dissidentem

279 3749 387 3796 locandis
407 3766 450 3796 sun
468 3755 491 3796 in
511 3755 663 3797 concordiem
681 3755 811 3798 reduxerat
829 3768 853 3798 a.
875 3750 923 3800 26⁰
945 3753 1026 3810 (494).
1046 3756 1127 3800 Livius
1147 3755 1174 3814 2,
1196 3753 1237 3798 32.

237 3834 342 3896 Appiae]
367 3839 456 3892 Appius
474 3839 587 3884 Claudias
606 3841 713 3901 Caecus,
731 3843 798 3886 caius
818 3843 896 3886 oratio
915 3857 938 3888 e.
954 3839 1005 3887 iti
1018 3838 1092 3903 (280)
1117 3843 1258 3886 defoedare

273 3924 362 3977 Pyrrhi
379 3925 445 3983 regis
464 3926 544 3970 habita
564 3927 651 3981 extitit,
672 3934 697 3972 ut
715 3942 786 3984 supra
805 3931 907 3974 diximus
929 3943 984 3987 pag.
1007 3928 1030 3972 1.

268 4039 349 4104 ibid.
372 4063 403 4104 c.
420 4043 628 4106 25.Messala
651 4042 746 4108 dicit:
770 4044 875 4127 Apud
896 4065 959 4107 nos
982 4043 1102 4108 Cicero
1126 4042 1262 4126 quidem
1375 4125 1377 4139 Ι

209 4156 344 4208 ceteros
366 4146 553 4208 eorundem
575 4155 767 4226 temporum
791 4146 936 4208 disertos
957 4143 1159 4220 antecessit,
1186 4147 1263 4209 Cal·

210 4267 272 4310 vus
292 4258 411 4309 autem
433 4259 466 4310 et
483 4250 541 4312 As
552 4244 673 4312 iuius
694 4259 728 4311 et
743 4250 872 4311 Caesar
892 4258 925 4309 et
936 4244 1071 4312 Coelius
1086 4256 1119 4308 et
1133 4249 1263 4311 Brutus
