2992 4844
1159 363 1220 426 263

169 519 316 602 collegio
338 517 557 581 sacerdotum
581 531 681 593 esset,
703 521 840 602 primus
863 532 942 602 post
970 524 1116 585 Romam
1135 543 1215 585 con·

169 625 279 686 ditum
301 622 430 684 iudicio
450 622 589 704 publico
614 632 665 684 est
688 623 946 686 condemnatus.

205 765 315 826 primur]
336 766 459 823 pontifices
473 769 535 812 enirn
554 769 647 811 romani
666 781 739 826 nsque
759 771 786 811 ad
806 770 847 812 illa
861 773 968 824 tempora
981 783 1028 813 non
1040 770 1219 828 magistratibus

242 859 283 901 sed
301 854 405 912 pontifici
430 858 534 901 trininno
562 857 662 900 subiecti
689 861 766 901 erant.
792 857 894 910 Dionys.
914 857 1012 915 Antiqu.
1032 858 1093 901 Rom
1124 856 1153 912 2,
1175 853 1217 903 73.

240 944 272 993 οἱ
287 943 460 1005 ποντίφικες
473 943 548 992 εἰσὶν
561 937 762 992 ἀνυπεύθυνοι
783 940 881 1008 πάσης
896 941 980 1008 δίκης
998 959 1028 994 τε
1040 944 1091 994 καὶ
1103 945 1218 1010 ζημίας,

240 1024 311 1082 oir‘ee
324 1028 421 1102 βουλῇ
444 1027 536 1096 λόγον
557 1025 748 1092 ἀποδιδόντες
766 1024 836 1082 οὔτε
857 1027 949 1113 διίμῳ.

486 1289 898 1362 mmmmmmm

235 1424 282 1486 Ea
305 1420 411 1484 habita
435 1432 482 1484 est
505 1443 534 1484 a.
560 1422 621 1483 611
642 1420 747 1499 (110).

233 1526 467 1608 Argumentum
490 1535 561 1606 pete
584 1545 626 1586 ex
647 1523 721 1589 loco
745 1522 929 1605 superiore.

489 1822 565 1878 XLI.
606 1821 635 1878 P.
658 1822 778 1878 anenno
797 1822 896 1892 Rufus.

233 1955 329 2018 Anno
347 1952 477 2016 circiter
492 1955 554 2016 600
571 1955 660 2032 (161)
683 1964 846 2017 natusest.
886 1952 1097 2017 Tribunatum
1115 1953 1220 2036 plebis

170 2079 240 2121 eum
264 2055 437 2119 obtinuisse
461 2078 490 2118 a.
515 2057 575 2120 639
599 2058 707 2135 (115),
739 2067 906 2141 postquam
930 2078 1012 2120 anno
1035 2057 1163 2138 priore,
1187 2058 1220 2120 id

170 2172 227 2232 est,
244 2180 326 2222 anno
342 2158 488 2240 legitimo
505 2159 662 2239 repulsam
687 2159 823 2236 tulisset,
848 2160 954 2221 dicunt
976 2158 1110 2244 Pighius
1125 2171 1219 2244 atque

171 2262 299 2324 Ellendt
322 2284 356 2343 p.
385 2249 447 2324 LI.
494 2260 561 2324 Alii
596 2261 699 2336 enim,
735 2260 818 2323 inter
848 2284 930 2346 quos
964 2262 1142 2325 Maiansius
1168 2265 1222 2338 (ad

171 2366 272 2428 XXX
299 2363 603 2444 Iuriscopsultorum
634 2365 827 2446 Fragmenta
857 2363 1089 2427 Commentarii
1113 2367 1155 2427 T.
1180 2366 1217 2439 2,

170 2489 205 2548 p.
230 2468 262 2542 3)
284 2477 314 2528 et
338 2466 469 2530 Clinton
503 2467 534 2528 in
566 2465 670 2530 Fastis
698 2476 722 2526 t.
754 2467 785 2526 3.
809 2488 843 2546 p.
869 2468 962 2540 147„
986 2465 1149 2527 tribunum
1172 2465 1218 2546 pl.

170 2567 269 2631 fuisse
292 2581 419 2651 negant,
442 2568 545 2631 innixi
577 2567 766 2630 auctoritate
790 2567 853 2630 loci
877 2566 1083 2631 Ciceroniani
1112 2567 1143 2629 in
1167 2589 1219 2632 or.

170 2694 204 2753 p.
239 2672 374 2735 Plancio
409 2695 439 2734 c.
477 2672 530 2733 21.
583 2673 772 2734 Praeturam
811 2671 910 2754 gessit
950 2693 979 2733 a.
1019 2671 1079 2732 613
1114 2673 1217 2751 (111).

171 2773 379 2838 Consulatum
414 2786 524 2856 petens
558 2795 588 2836 a.
624 2774 684 2835 617
718 2776 808 2854 (107)
844 2774 1002 2856 repulsam
1036 2773 1126 2838 tulit:
1165 2776 1218 2838 M.

171 2877 252 2941 enim
269 2877 426 2940 Aemilius
443 2877 581 2938 Scaurus
603 2875 717 2939 iterum
742 2878 853 2940 consul
878 2899 917 2940 eo
942 2898 1023 2939 auno
1040 2879 1220 2952 creabatur,

171 2983 253 3042 unde
276 2978 435 3042 aRutilio
458 2977 593 3041 ambitus
617 2992 796 3042 accusatum
822 2979 971 3042 diximus.
1017 2981 1080 3040 Sed
1097 2981 1221 3041 duobus

171 3081 260 3144 annis
277 3093 352 3163 post
374 3081 484 3144 consul
499 3082 602 3144 factus
621 3093 667 3144 est
684 3103 713 3144 a.
744 3084 804 3146 619
825 3087 925 3169 (106).
961 3082 1084 3145 Deinde
1109 3103 1139 3144 a.
1157 3082 1219 3146 659

170 3185 240 3264 (96)
255 3186 296 3264 Q.
309 3183 414 3246 Mucii
431 3185 620 3261 Scaevolae,
636 3187 748 3263 (Pont.
765 3190 865 3262 max.)
883 3184 980 3248 Asiae
1003 3183 1217 3266 proconsulis,

169 3287 294 3371 legatus
313 3287 374 3350 tuit
397 3287 580 3365 (Perizouii
598 3288 772 3350 Animadv.
798 3288 873 3350 hist.
900 3311 934 3370 p.
956 3289 1022 3367 68).
1058 3291 1219 3350 Reversus

172 3411 212 3451 ex
228 3390 320 3465 Asia,
338 3392 377 3452 ab
394 3389 564 3473 equitibus,
582 3391 637 3475 qui
652 3404 716 3452 tum
733 3391 846 3454 iudicia
863 3393 1072 3466 exercebant,
1090 3411 1222 3452 accusa·

170 3503 238 3566 tur,
255 3491 345 3577 utqui
364 3493 553 3572 publicanos
570 3494 600 3555 in
626 3493 796 3574 provincia
824 3493 976 3568 laesisset,
997 3504 1027 3556 ct
1042 3491 1074 3554 in
1091 3492 1221 3554 exilium

172 3590 298 3676 ejicitur
329 3617 358 3656 a.
384 3596 444 3656 662
468 3597 550 3673 (92).
604 3602 713 3680 Atque
741 3595 832 3658 initio
857 3595 946 3658 exilii
980 3593 1028 3657 sui
1055 3593 1223 3673 Mytilenis

172 3694 264 3770 vixit,
283 3697 395 3760 deinde
418 3700 585 3777 Smyrnam
609 3698 774 3779 profectus
797 3709 854 3770 est,
877 3720 936 3759 nec
958 3698 1092 3760 Romam
1118 3695 1224 3758 redire

173 3798 308 3878 cupivit,
325 3798 384 3861 etsi
410 3802 496 3863 Sulla
524 3799 663 3862 dictator
687 3823 716 3861 a.
748 3800 810 3860 673
839 3801 906 3876 (81)
934 3821 1003 3862 eum
1029 3799 1221 3869 restituerat,

172 3910 204 3962 et
236 3914 458 3964 revocaverat.
513 3903 632 3964 Seneca
666 3905 703 3964 de
736 3901 906 3964 Beneficiis
944 3903 979 3976 6,
1009 3902 1061 3962 37.
1108 3901 1221 3959 Senem

172 4001 249 4064 visit
276 4004 429 4084 Smyrnae
460 4003 579 4067 Cicero
614 4002 645 4065 in
672 4003 784 4066 itinere
815 4003 960 4066 Asiatico
994 4024 1023 4063 a.
1060 4001 1120 4062 676
1143 3997 1223 4076 (78).
1321 4079 1326 4088 .

173 4103 246 4169 cie.
271 4104 303 4167 in
327 4108 431 4169 Bruto
457 4129 486 4168 c.
511 4106 563 4167 22.

236 4207 359 4273 Cicero
385 4211 488 4270 Bruto
520 4207 572 4270 29.
619 4210 673 4270 De
707 4213 839 4270 Scauro
866 4217 899 4266 et
927 4199 1059 4266 Rutilio
1080 4199 1225 4262 breviter

171 4292 248 4374 licet
284 4311 418 4387 dicere,
447 4331 595 4393 quorum
621 4321 742 4372 neuter
773 4306 899 4372 summi
932 4301 1082 4366 oratoris
1106 4301 1225 4364 habuit
