2970 4836
248 363 286 422 16

247 515 367 605 opacior
396 517 446 582 inl
479 511 619 594 τούτοις,
646 513 772 591 εὐθέως
799 512 817 581 o‘
844 513 1030 606 στρατηγὸς
1056 513 1202 582 Κόϊντον
1223 521 1291 582 Μι-

246 615 377 687 νούκιον
407 622 535 708 (lippos
557 619 611 684 καὶ
633 614 777 684 Λεύκιον
800 616 856 684 τὸν
878 615 1036 710 ἀδελφὸν,
1062 615 1140 706 ἄρτι
1162 643 1290 704 κεκομι-

246 718 348 800 κότας
375 720 416 787 τὰ
441 718 597 812 χρήματα
626 718 717 807 παρὰ
745 722 808 786 τῶν
830 718 1054 809 Ὀροανὸἑων,
1086 718 1131 798 εἰς
1158 722 1292 809 Συρίαν

247 825 458 904 ἐξαπέστειλε.
1124 897 1128 904 .

311 929 408 991 Anno
438 927 600 1013 sequenti,
637 949 666 989 a.
702 927 763 989 555
794 926 882 1003 (188)
914 926 946 988 in
979 924 1106 1007 proelio
1138 929 1292 989 adversus

249 1032 395 1092 Thracas
418 1029 621 1092 interfectum
645 1051 715 1091 eum
743 1027 935 1109 accepimus.
975 1028 1052 1090 Liv.
1075 1029 1128 1106 88,
1151 1031 1204 1090 tt.
1266 1075 1269 1080 -

313 1135 367 1196 Ex
397 1133 564 1208 oratione,
593 1133 632 1194 de
659 1153 720 1215 qua
750 1152 833 1193 nunc
866 1131 1049 1215 loquimur,
1088 1130 1244 1195 Catonem
1274 1153 1292 1192 a

250 1236 393 1300 Thermo
421 1236 591 1318 aliquando
621 1244 802 1296 accusatum
829 1252 896 1295 esse
922 1244 1020 1314 patet.
1058 1234 1121 1297 Sed
1146 1233 1293 1318 quamvis

246 1349 383 1419 tempus,
410 1359 475 1422 quo
500 1337 655 1401 Catonem
678 1357 766 1398 reum
789 1335 866 1417 egit,
890 1335 1045 1398 incertum
1067 1335 1119 1411 sit,
1141 1358 1182 1398 ex
1201 1336 1291 1419 frag·

249 1452 353 1502 mento
377 1451 497 1513 tamen,
525 1443 612 1523 quod
638 1441 722 1518 apud
746 1439 873 1499 Festum
899 1449 986 1499 extat
1013 1461 1040 1500 s.
1061 1459 1092 1499 n.
1119 1451 1289 1512 oratores,

249 1541 458 1604 demonstrari
490 1551 617 1622 potest,
646 1540 679 1601 id
708 1538 780 1600 fieri
809 1560 872 1602 non
903 1539 1048 1620 potuisse
1079 1552 1149 1602 ante
1180 1563 1291 1602 annum

248 1645 322 1719 555,
346 1641 373 1705 ei
396 1643 521 1727 quidem
548 1640 631 1704 Cato
655 1640 687 1701 in
716 1639 864 1703 oratione
888 1643 1060 1704 suadere
1087 1645 1220 1725 quadam
1241 1643 1292 1705 lo·

249 1744 374 1829 quitur,
400 1743 536 1826 quaein
564 1742 620 1805 illo
650 1763 732 1805 anno
758 1743 885 1805 accidit.
933 1746 1003 1806 Nec
1033 1743 1133 1806 minus
1158 1745 1292 1825 probari

247 1858 366 1927 potest,
380 1844 557 1908 orationem
573 1865 636 1908 non
652 1856 725 1925 post
743 1867 856 1906 anuum
877 1848 937 1907 555
954 1845 1042 1922 (188)
1056 1846 1195 1908 habitam
1212 1868 1291 1920 esse,

249 1948 323 2032 quia
347 1950 521 2010 Thermum
553 1946 611 2010 illo
645 1968 726 2010 anno
758 1947 899 2008 occisum
928 1959 1065 2010 constat.
1113 1950 1293 2010 Statuamus

248 2049 366 2133 igitur,
402 2052 576 2112 Thermum
607 2070 688 2112 anno
721 2050 780 2110 5⁶5
809 2048 898 2126 (189)
925 2048 957 2110 in
985 2049 1034 2112 ius
1067 2070 1196 2114 vocasse
1228 2050 1291 2115 Ca-

248 2163 369 2216 touem.

314 2253 465 2318 Ceterum
483 2253 515 2316 in
539 2254 616 2316 edit.
635 2253 748 2334 priore
768 2255 831 2315 duo
849 2253 914 2316 loci
936 2253 1106 2318 Catoniaui
1123 2277 1164 2318 ex
1185 2256 1292 2318 Gellio

250 2359 301 2430 13,
322 2357 375 2418 23.
393 2368 423 2418 ct
443 2359 610 2420 Frontone
629 2377 663 2438 p.
684 2355 757 2416 181.
778 2354 828 2416 his
849 2355 1038 2440 fragmentis
1054 2357 1193 2419 adiuncti
1210 2370 1292 2432 sunt,

249 2479 331 2543 quos
356 2481 397 2521 ex
423 2459 589 2534 oratione,
615 2462 654 2520 de
676 2479 737 2540 qna
763 2456 943 2540 loquimur,
970 2470 1091 2522 sumtus
1114 2481 1181 2522 esse
1200 2461 1293 2540 plane

248 2560 403 2623 incertum
426 2572 492 2635 est:
517 2583 599 2623 nunc
621 2582 677 2623 eos
699 2560 783 2622 inter
807 2559 930 2621 incerta
955 2559 1133 2643 fragmenta
1159 2563 1291 2624 inserui.

312 2665 428 2726 Festus
452 2686 487 2745 p.
513 2664 587 2725 182.
612 2666 780 2727 Oratores
798 2662 947 2745 (antiqui)
969 2682 1031 2742 pro
1050 2663 1164 2745 legatis
1182 2665 1292 2744 appel-

248 2768 333 2841 lant,
358 2776 392 2826 ut
420 2769 507 2828 Cato
529 2767 563 2827 in
588 2786 630 2826 ea
653 2785 758 2846 quam
782 2765 924 2845 scripsit
949 2765 990 2826 (le
1012 2766 1085 2826 suis
1109 2766 1293 2828 uirtutibus

249 2879 372 2929 contra
397 2870 607 2929 Thermum:
631 2869 687 2929 M.
709 2867 826 2928 Fuluio
849 2867 983 2928 consuli
1004 2869 1138 2948 legatus
1161 2869 1292 2930 samin

250 2970 445 3039 Aetoliam,
469 2980 656 3050 propterea
681 2969 773 3050 qaod
796 2991 842 3030 eac
864 2967 1002 3030 Aetolia
1024 2971 1219 3049 complures
1241 2991 1293 3030 ve-

249 3083 396 3134 nerant:
423 3073 566 3133 Aetolos
585 3091 704 3151 pacem
732 3075 830 3133 uelle:
854 3070 895 3130 (le
918 3090 959 3131 ea
982 3091 1020 3131 re
1042 3083 1201 3134 oratores
1223 3075 1291 3136 Ro-

250 3195 341 3236 mam
361 3170 560 3262 profectos.

284 3336 321 3382 M.
339 3335 427 3380 Fuluio
447 3334 553 3392 consuli]
591 3337 661 3378 Anno
687 3331 734 3380 565
759 3333 841 3390 (189).
887 3337 963 3380 Fulvii
984 3352 1024 3382 res
1046 3344 1126 3397 gestas
1147 3339 1228 3382 Livius
1253 3351 1292 3383 ex·

319 3425 387 3480 ponit
406 3423 468 3467 libro
490 3417 531 3475 ³8,
554 3421 647 3476 1-11,
669 3425 767 3468 Catonis
788 3429 866 3468 autem
886 3426 956 3482 legati
976 3439 1022 3468 nnn
1043 3428 1102 3469 tacit
1118 3428 1273 3470 mentionem.

313 3572 428 3634 Festus
454 3593 486 3652 p.
514 3572 586 3633 182.
626 3570 854 3635 Ordinariam
886 3572 1060 3635 hominem
1093 3569 1219 3651 Oppius
1250 3569 1293 3630 ait

251 3673 314 3738 diei
342 3673 467 3736 solitum
496 3695 636 3736 scurram
661 3684 691 3735 et
716 3671 914 3753 improbum,
942 3672 998 3756 qui
1025 3669 1149 3732 assidue
1175 3670 1207 3731 in
1229 3671 1293 3733 liti-

249 3780 307 3839 bus
329 3788 519 3851 moraretur,
547 3778 590 3840 ob
614 3795 745 3858 eamque
770 3795 893 3836 causam
918 3774 949 3834 in
978 3770 1092 3836 ordine
1115 3784 1212 3834 staret
1237 3779 1292 3835 ad-

249 3881 386 3944 euntium
406 3891 603 3961 praetorem.
640 3878 686 3939 At
703 3875 813 3937 Aelius
838 3874 932 3948 Stilo,
956 3873 1013 3958 qui
1034 3873 1160 3938 minime
1180 3877 1293 3938 ordine

250 3983 384 4045 viveret.
424 3981 544 4062 (Cato)
570 3979 604 4040 in
628 3999 670 4040 ea
696 3976 865 4048 oratione,
889 3997 994 4058 quam
1015 3977 1134 4040 scribit
1158 3979 1201 4041 :le
1219 3979 1293 4040 suis

250 4085 432 4148 uirtutibus
467 4093 589 4144 contra
622 4081 833 4141 Thermum:
865 4079 959 4160 Quid
991 4081 1075 4143 milri
1097 4080 1229 4157 fieret,
1264 4081 1292 4145 si

248 4209 317 4251 non
343 4210 409 4268 ego
435 4182 607 4264 stipendia
635 4182 669 4242 in
697 4181 818 4243 ordine
849 4183 967 4245 omnia
992 4183 1194 4246 ordinarias
1225 4205 1292 4244 me-

248 4291 396 4353 ruissem
416 4285 580 4365 semper}l
