2958 4840
1161 383 1223 445 604Ι

232 544 319 609 Plin.
345 541 452 626 Epist.
477 545 508 617 6,
534 543 584 608 29.
615 539 732 632 Adfui
747 531 895 604 Baeticis
919 553 1041 604 contra
1057 542 1222 603 Baebium

173 647 347 711 Massam.
394 645 597 730 Quaesitum
619 657 680 721 est,
703 665 747 706 an
771 643 886 705 danda
908 654 996 706 esset
1027 642 1222 726 inquisitio:

172 750 257 812 data
278 762 342 812 est.

193 898 222 956 3.
245 895 345 954 Oratio
366 912 418 966 pro
438 896 591 960 Arionitla,
615 895 745 950 Timonis
766 905 855 950 uxore
875 898 975 948 eontra
994 891 1034 948 ld.
1057 891 1204 962 Regulum.

233 1001 326 1062 Haec
347 1019 439 1060 causa
466 995 703 1059 centumviralis
727 1008 774 1057 est
797 1007 866 1058 aeta
891 1017 919 1058 a.
947 994 1008 1056 846
1034 993 1113 1070 (93).
1133 995 1223 1056 Mas·

173 1122 233 1164 son
266 1123 299 1180 p.
332 1103 382 1162 60.
429 1101 481 1161 M.
513 1098 659 1182 Regulus
696 1097 819 1161 delator
848 1100 906 1160 sub
938 1099 1068 1160 Nerone
1094 1106 1124 1157 et
1155 1094 1225 1158 Do·

172 1202 317 1264 miliano.

239 1303 326 1366 Plin.
360 1300 467 1382 Epist.
502 1304 537 1376 l,
570 1303 600 1364 5.
652 1305 707 1368 M·
740 1304 896 1384 Regulus
929 1300 1221 1374 reminiscebatur,

173 1426 278 1489 quam
301 1403 497 1484 capitaliter
520 1404 633 1486 ipsum
658 1425 709 1464 me
739 1404 834 1484 apud
863 1402 1093 1466 centumviros
1121 1404 1225 1462 laces·

173 1508 287 1573 sisset.
326 1505 479 1568 Aderam
511 1508 718 1582 Arionillae,
753 1506 910 1570 Timonis
941 1505 1065 1578 textui,
1098 1515 1226 1585 rogatu

174 1607 320 1673 Aruleni
342 1608 489 1672 Rustici.
514 1610 666 1689 Regulus
689 1621 825 1669 contra.

198 1758 227 1814 4.
250 1756 403 1812 Orationes
423 1757 459 1812 de
480 1756 589 1812 ultione
608 1755 736 1811 Helvidii
756 1759 856 1810 contra
876 1755 1035 1810 Publicium
1056 1753 1182 1810 Certum.
1219 1773 1221 1778 ·

244 1863 326 1923 Acta
355 1870 402 1922 est
423 1879 515 1922 causa
543 1881 572 1922 a.
601 1857 664 1921 850
690 1861 758 1934 (97)
779 1859 889 1920 Nerva
912 1857 1099 1938 imperante.
1135 1858 1227 1920 Mas-

177 1985 234 2026 son
261 1985 295 2042 p.
312 1965 364 2025 68.
411 1961 577 2024 Publicius
601 1959 718 2023 Certus
738 1960 922 2021 Helvidium
937 1959 1083 2022 Priscum
1109 1959 1227 2034 filium,

183 2063 338 2145 optimum
361 2062 481 2136 virum,
499 2083 587 2125 reum
611 2062 733 2124 iecerat
759 2082 788 2120 a.
812 2061 873 2123 stt
893 2062 971 2135 (94),
995 2061 1175 2145 effecitque,
1197 2073 1230 2122 ut

183 2165 403 2228 aDonritiano
420 2163 636 2227 occideretur.
663 2161 784 2240 (Tacit.
798 2159 957 2244 Agricola
983 2165 1035 2225 45.
1055 2166 1141 2230 Suet.
1160 2164 1231 2228 Do·

187 2267 256 2330 mit.
283 2270 346 2343 10.)
371 2267 547 2350 Postquam
567 2263 766 2329 Domitianus
789 2263 889 2325 evita
915 2264 1102 2329 decessisset
1123 2287 1150 2330 a.
1168 2265 1229 2327 849

183 2371 267 2451 (96),
287 2370 460 2452 Nervaque
476 2370 683 2429 succederet:
706 2365 849 2440 Plinius,
878 2366 1091 2429 ulciscendum
1113 2367 1230 2430 Helvi·

182 2471 266 2534 diurn
297 2465 411 2545 ratus,
443 2467 624 2533 Publicium
658 2467 790 2531 Certum
823 2468 999 2532 accusavit.
1026 2469 1228 2552 ‘Argumen-

178 2586 243 2636 tum
277 2571 376 2636 totins
407 2593 519 2636 causae
549 2570 618 2652 ipse
644 2581 772 2633 enarrat
806 2570 836 2631 in
876 2569 982 2652 Epist.
1022 2571 1046 2634 l.
1072 2575 1125 2648 ’9,
1169 2574 1229 2650 ί3.,

179 2675 422 2758 orationumque
455 2673 487 2736 in
519 2676 577 2736 hac
610 2695 702 2736 causa
740 2683 879 2735 actarum
926 2673 973 2736 his
1015 2674 1122 2737 verbis
1165 2697 1230 2737 nre-

181 2777 287 2840 ruinit:
333 2780 460 2841 Postea
501 2777 672 2839 actionem
708 2798 839 2851 meam,
896 2788 1078 2860 utcumque
1112 2779 1229 2858 potui,

180 2880 362 2961 recollegi,
404 2878 525 2940 addidi
570 2881 698 2952 multa;
736 2889 832 2962 atque
866 2877 889 2940 l.
926 2881 960 2952 i,
1002 2880 1054 2951 30,
1095 2880 1127 2939 4.
1186 2881 1232 2943 Et

180 2983 292 3044 scribo
321 2982 453 3064 aliquid
481 2993 513 3043 et
550 2984 646 3065 lego:
682 2981 744 3044 sed
772 3002 849 3042 cum
884 2983 982 3065 lego,
1017 3005 1064 3044 eac
1094 3004 1232 3064 compa·

183 3083 321 3147 ratione
343 3083 474 3158 sentio,
509 3104 612 3166 quam
649 3087 737 3146 male
768 3083 934 3158 scribam,
975 3085 1052 3146 lieet
1082 3097 1121 3147 tu
1150 3085 1235 3148 milri

180 3188 306 3249 bonum
329 3185 483 3249 animum
494 3183 640 3276 facias,
671 3187 730 3270 qui
758 3185 934 3248 libellos
957 3208 1073 3249 meos
1103 3187 1149 3249 de
1176 3189 1231 3250 ul·

182 3291 302 3352 tione
342 3289 540 3352 Helvidii
575 3289 726 3352 orationi
754 3290 998 3352 Demosthenis
1028 3285 1114 3353 κατὰ
1149 3293 1233 3356 Μει-

181 3393 253 3458 btov
275 3389 427 3474 confers,
450 3412 668 3475 quomrum,
694 3414 771 3454 cum
794 3413 1034 3473 componerem
1057 3392 1148 3467 illos,
1171 3396 1232 3456 ira·

182 3495 240 3557 bui
263 3495 297 3556 in
322 3494 491 3568 manibus,
516 3515 584 3556 non
612 3506 649 3556 ut
679 3497 876 3555 aemularer
905 3494 1115 3575 (improbum
1143 3497 1234 3558 enim

181 3617 222 3656 ac
241 3617 328 3675 pene
339 3593 559 3683 furiosum),
585 3595 646 3654 sed
667 3605 781 3655 tamen
805 3595 964 3655 imitarer
996 3617 1231 3678 assequerer,

182 3707 349 3779 quantum
371 3705 432 3755 aut
455 3693 634 3755 diuersitas
657 3695 889 3774 ingeniorum,
916 3696 1065 3758 maximi
1086 3709 1147 3760 aut
1170 3699 1233 3760 mi·

183 3797 280 3871 nimi,
305 3809 367 3858 aut
388 3816 514 3858 causae
536 3796 783 3857 dissimilitudo
802 3807 995 3878 pateretur,
1019 3819 1123 3879 porro
1151 3799 1174 3861 l.
1203 3803 1233 3876 4,

184 3902 238 3966 tt.
262 3897 478 3972 Helvidium,
504 3893 710 3984 defunctum
729 3921 882 3982 quoque,
898 3902 1234 3980 perseuerantissime

184 4001 305 4084 diligo,
330 4012 368 4064 ut
389 4001 523 4064 actione
546 4021 622 4062 mea
643 4001 804 4084 librisque
826 4012 990 4064 testatum
1011 4015 1074 4067 est.

185 4153 213 4209 5.
235 4152 334 4208 Oratio
344 4167 396 4222 pro
407 4150 484 4206 ntus
498 4155 596 4205 eontra
608 4151 730 4207 Marium
739 4151 878 4222 Priscam,
891 4154 1091 4223 proconsulem
1107 4154 1233 4215 linoae.

253 4258 334 4318 Acta
361 4265 410 4318 est
424 4275 518 4318 cansa
534 4257 780 4335 repetundarum
802 4275 832 4318 a.
854 4277 884 4316 u.
908 4256 970 4317 863
985 4258 1076 4335 (100)
1093 4256 1233 4324 Traiano

185 4358 373 4440 imperante.
422 4359 558 4423 Messon
588 4378 622 4439 p.
653 4358 693 4421 94
723 4368 753 4419 et
783 4359 856 4419 104.
910 4360 1140 4443 Argumentum
1166 4363 1235 4425 Pli-
