2966 4842
245 348 314 450 ι522

257 553 261 558 ·
318 507 453 569 Suetoo.
477 503 566 586 Aug.
592 502 645 563 61.
691 501 845 564 Matrem
875 501 993 564 amisit
1020 501 1057 562 in
1083 502 1200 582 primo
1221 521 1304 566 con·

253 609 382 684 sulum,
405 625 562 669 sororem
584 602 763 668 Octavium
784 601 902 666 omisit
923 603 1248 696 quinquagesimum
1269 618 1305 668 et

254 721 418 796 quartum
439 725 548 790 agens
570 705 695 768 aetatis
716 725 858 768 annum.
903 706 1046 789 Utrique
1068 726 1147 768 cum
1165 709 1304 789 praeci-

247 833 321 896 puo
342 807 465 898 officia
486 809 580 871 uiuae
600 807 844 890 praestitisset,
868 806 975 870 etium
988 804 1175 895 defisnctoe
1193 811 1303 874 hono·

250 935 307 978 res
329 912 504 976 maximos
524 909 657 974 tribuit.

282 1057 401 1104 Sororem
418 1054 560 1115 Octauium]
598 1056 694 1100 dubium
712 1059 758 1109 cst,
778 1068 807 1099 en
826 1055 955 1099 Suetonius
981 1057 1010 1100 do
1035 1057 1118 1102 sedem
1137 1055 1237 1102 Oetacis
1264 1061 1302 1102 lo·

316 1152 412 1208 quotue,
430 1147 497 1190 ouius
515 1145 562 1188 Dio
580 1143 639 1188 iecit
656 1143 811 1189 mentionem.
849 1142 897 1187 Dio
917 1143 979 1187 enim
998 1144 1070 1204 dieii,
1090 1143 1215 1189 Octavium
1233 1161 1302 1190 mon·

323 1240 387 1278 tunm
407 1249 459 1279 csse
478 1247 502 1278 e.
524 1227 572 1278 743
592 1225 667 1292 (11)=
687 1231 815 1276 Suetonius
833 1236 911 1274 eutem
931 1232 999 1276 lestis
1020 1237 1065 1285 cst,
1086 1231 1210 1277 Ostorium
1228 1247 1300 1278 soro·

318 1335 371 1368 cem
389 1321 533 1375 defunctum,
553 1333 607 1364 oum
624 1319 745 1378 Augustus
763 1332 850 1362 sunum
868 1301 934 1362 le.
953 1319 1049 1378 agebel,
1069 1321 1086 1366 i.
1103 1334 1126 1364 s.
1144 1335 1167 1367 e.
1183 1318 1230 1366 745
1247 1320 1298 1379 (9),

317 1411 377 1456 unde
397 1411 524 1456 Woiohest
540 1408 641 1466 colligit,
660 1408 760 1452 ultorem
778 1405 903 1451 Octavium
922 1409 1039 1452 maiorem
1057 1421 1080 1452 s.
1103 1405 1170 1462 tlt,
1191 1411 1294 1454 silerem

316 1497 441 1544 Octaviam
460 1499 578 1542 minorem
597 1511 621 1540 a.
643 1492 691 1540 745
710 1499 839 1538 mortuum.
877 1494 973 1538 Clioton
992 1507 1050 1538 roro
1070 1496 1094 1540 in
1106 1495 1187 1540 Fastis
1203 1511 1227 1542 e.
1248 1492 1298 1542 743

316 1587 412 1640 scribit,
432 1586 515 1629 vilium
534 1598 588 1629 csse
606 1585 631 1628 in
650 1582 771 1628 codicibus
791 1583 918 1628 Suetonii:
935 1579 1049 1640 perhaps
1068 1596 1102 1626 on
1121 1597 1196 1628 error
1216 1581 1299 1644 ostiis

315 1672 488 1718 transscriber
505 1670 579 1716 LIIII
587 1667 636 1730 sor
653 1669 720 1716 LIII.
757 1671 834 1728 Atque
853 1671 1006 1715 Drumnnuus
1026 1676 1043 1719 t.
1070 1666 1096 1718 4.
1120 1685 1144 1727 p.
1166 1668 1225 1718 237.
1248 1675 1296 1729 ipsi

319 1761 435 1806 Suetonio
455 1772 564 1804 errorem
582 1759 676 1804 tribuit.

395 1877 424 1933 9.
466 1877 607 1933 Laudatio
627 1875 755 1933 funebris
773 1874 895 1933 Neronis
915 1875 1029 1934 Claudii
1048 1879 1143 1935 Drusi.

310 1990 360 2052 Ea
382 2001 430 2052 est
452 1988 537 2052 diota
559 2011 589 2052 a.
615 1989 675 2052 745
698 1989 759 2068 (9).
803 1989 895 2052 Nero
918 1987 1068 2054 Claudius
1086 1990 1224 2068 Drusus,
1236 1990 1296 2054 Ti-

243 2089 326 2156 berii
338 2090 465 2157 Claudii
478 2089 620 2156 Neronis
642 2103 673 2153 et
692 2089 808 2153 Liviae
825 2090 929 2168 iilius,
948 2092 1089 2176 Augusti
1111 2093 1293 2177 privignus,

241 2193 453 2259 inGecmania
476 2204 619 2258 mortuus
642 2207 698 2264 est.
709 2192 853 2257 Velleius
864 2195 895 2270 2,
910 2195 960 2260 97.
972 2195 1121 2260 Drumt.
1133 2197 1163 2264 2.
1172 2218 1206 2277 p.
1219 2195 1293 2260 183.

309 2297 480 2361 Suetonius
494 2294 631 2361 Claudio
654 2319 685 2359 e.
710 2302 739 2364 1.
766 2299 950 2380 Augustus
971 2309 1069 2361 tanto
1084 2301 1295 2380 opereDru-

242 2419 319 2488 sum
341 2411 375 2462 et
396 2400 509 2462 uicum
531 2398 675 2474 dilexit,
699 2411 739 2460 ut
760 2400 960 2462 coheredem
976 2401 1220 2482 'semperfiliis
1240 2401 1294 2464 in·

244 2501 409 2579 stituerit,
431 2502 521 2565 sicut
541 2501 715 2586 quondum
736 2500 772 2562 in
795 2512 918 2564 senatu
937 2500 1126 2592 professus
1156 2514 1227 2576 est,
1260 2515 1294 2566 et

242 2601 453 2691 defunctum
474 2603 525 2665 ito
543 2624 611 2686 pru
633 2602 793 2666 concione
815 2603 980 2680 laudauit,
1005 2617 1043 2666 ut
1067 2605 1150 2668 deos
1169 2625 1293 2686 preca·

249 2715 306 2766 tus
318 2705 376 2779 sit,
387 2704 517 2768 similes
525 2705 556 2767 ei
564 2707 730 2768 Caesares
738 2724 821 2767 suos
817 2703 1001 2794 facerent,
1012 2707 1142 2790 sibique
1149 2719 1221 2770 tom
1232 2709 1295 2770 ho·

240 2817 375 2868 nestum
396 2806 600 2891 quandoque
621 2806 756 2868 exitum
777 2805 901 2869 darent
915 2829 1018 2890 quum
1034 2808 1085 2870 illi
1100 2807 1288 2872 dedissent.

241 2909 315 2972 Nec
338 2920 517 2971 contentus
538 2907 689 2990 elogium
711 2911 844 2972 tumulo
860 2908 932 2974 eius
946 2910 1101 2973 versibus
1115 2931 1139 2972 o
1150 2933 1186 2974 se
1197 2932 1291 2973 com-

240 3010 365 3091 positis
398 3010 653 3093 exsculpsisse,
688 3010 793 3074 etium
826 3010 915 3074 vitae
951 3012 1152 3076 memorium
1181 3032 1292 3096 proso

239 3111 397 3174 oratione
419 3113 624 3193 composuit.

300 3208 416 3272 Livius
438 3212 527 3292 Epit.
552 3213 610 3274 lib.
635 3215 708 3276 110.
743 3217 884 3277 Drusus
906 3227 1151 3280 mortuusest.
1173 3221 1289 3281 ¹Lou-

241 3312 371 3375 dutus
399 3323 464 3374 est
492 3334 515 3374 a
536 3317 723 3377 Caesare
745 3317 948 3396 Augusto
969 3317 1092 3382 vitrico
1114 3330 1147 3382 et
1168 3339 1289 3401 supre-

243 3413 309 3476 mis
331 3413 406 3476 eius
423 3415 544 3496 plures
565 3416 713 3479 honores
734 3416 857 3480 additi.

300 3514 412 3580 Ovidii
441 3514 523 3594 (sive
550 3515 659 3598 polius
688 3516 804 3582 incerti
825 3519 996 3600 Auctoris)
1025 3520 1216 3586 Consolatio
1247 3524 1288 3584 ad

236 3617 365 3682 Liviam
387 3619 568 3702 Augustam
591 3622 628 3684 de
651 3633 756 3686 morte
778 3620 879 3685 Drusi
900 3622 959 3685 filii
981 3646 1014 3685 v.
1038 3624 1120 3687 209:

347 3720 383 3776 Et
402 3736 466 3776 uoce
485 3727 509 3776 el
529 3723 654 3779 lacrimis
674 3725 806 3790 laudasti,
831 3721 941 3790 Caesus,
964 3725 1115 3790 alumnum,

352 3815 445 3870 tristia
464 3831 526 3870 eum
544 3817 650 3872 medius
668 3823 805 3888 rumperet
824 3833 889 3873 orsu
908 3819 997 3873 dolor.

349 3903 389 3963 Tu
410 3909 491 3964 letum
510 3911 621 3979 optasti,
646 3911 689 3963 die
710 3910 899 3964 comeantibus
919 3925 1007 3975 emm,

342 4017 397 4070 por
416 4003 477 4066 tibi,
499 4003 525 4056 si
543 4004 662 4057 sinerent
682 4009 706 4056 te
726 4009 775 4057 tue
793 4004 855 4070 sote
873 4006 956 4059 meri.
1330 4043 1335 4052 -

293 4091 359 4155 Dio
381 4091 512 4158 Cassius
534 4093 588 4172 55,
611 4094 644 4155 2.
682 4094 818 4170 διπλοῦς
848 4090 866 4160 ὁ
898 4089 1075 4187 ἐπιτάφιος
1097 4098 1229 4184 ἐλέχθη.
1253 4088 1283 4176 ὅ,

233 4215 266 4255 cs
309 4189 373 4280 γὰρ
413 4197 564 4284 Τιβέριος
603 4189 757 4262 ἐνταῦθα
790 4192 892 4263 αὐτὸν
921 4197 1101 4288 (Δροῦσον)
1145 4191 1276 4289 ἐπῄνεσε

229 4295 284 4356 καὶ
302 4286 526 4375 ὁΑὕγουστος
548 4291 582 4360 ἓν
604 4297 649 4387 τῷ
670 4298 843 4384 Φλαμινίῳ
867 4293 1069 4388 ἱπποδρόμῳ.
