2976 4844
280 359 320 424 72

336 611 383 670 37.
419 611 519 668 Orcho
542 613 571 666 iu
593 611 630 679 Q.
656 610 812 667 Minucium
835 609 989 666 Thermum
1012 613 1078 681 pos!
1100 625 1264 668 censuram.
1317 638 1319 642 ·

243 747 244 752 ’
343 743 437 818 Cata,
463 755 632 827 postquam
657 744 830 804 Thermum
854 755 927 804 nota
952 741 1127 816 affecisset,
1152 744 1232 806 hauc
1252 764 1327 806 ora-

279 846 398 909 tionem
423 845 552 921 habuit,
582 855 614 908 at
644 847 793 908 redderet
827 843 1003 922 sationem,
1037 867 1095 908 cur
1122 866 1192 908 cum
1218 855 1327 908 senatu

280 949 445 1014 movisset.

344 1051 460 1114 Livius
480 1052 504 1115 l.
528 1051 579 1126 39,
599 1053 652 1115 42.
686 1055 829 1116 Parrum
849 1051 1016 1114 memoria
1034 1049 1328 1140 institutumfer·

280 1165 351 1230 tur,
386 1167 424 1216 ut
456 1177 616 1218 censores
652 1157 755 1218 motis
791 1167 915 1217 senatu
946 1154 1180 1216 adscriberent
1212 1166 1327 1216 notas.

283 1258 426 1323 Catonis
449 1269 483 1319 et
505 1258 596 1320 aliae
626 1258 764 1341 quidem
785 1259 929 1320 acerbae
951 1257 1128 1319 orationes
1149 1267 1273 1318 extant
1292 1257 1329 1317 in

281 1359 352 1435 eas,
378 1382 465 1444 quos
488 1371 550 1425 aut
573 1362 751 1424 senatorio
776 1365 852 1424 loco
875 1360 979 1422 movit
998 1371 1060 1421 aaz
1079 1360 1201 1442 quibus
1223 1379 1330 1442 equas

280 1463 423 1528 ademit.
470 1462 526 1526 Sic
559 1462 660 1544 igitur
696 1463 884 1546 explicanda
917 1461 1113 1544 inscriptio:
1148 1461 1264 1524 oratio
1293 1461 1330 1523 in

282 1569 471 1630 Thermum
501 1577 581 1646 post
609 1586 813 1641 censuram,
845 1565 869 1628 i.
899 1586 928 1628 e.
953 1578 1123 1650 postquam
1155 1566 1329 1628 Thermum

281 1680 355 1732 nota
384 1667 598 1750 ignominiosa
628 1666 797 1732 affecisset.

347 1771 376 1834 li
402 1781 522 1848 errant,
547 1769 602 1854 qui
625 1781 747 1852 putent,
774 1773 865 1858 hunc¹
887 1773 1061 1834 Thermum
1090 1773 1222 1834 eundem
1246 1789 1327 1846 esse,

285 1875 438 1938 adversus
463 1893 558 1956 quem
585 1870 740 1936 Catonem
761 1871 823 1936 iam
852 1877 927 1936 duas
950 1873 1111 1936 arationes
1135 1871 1254 1936 dixisse
1277 1893 1329 1934 su·

281 1997 341 2060 pra
373 1973 520 2038 vidimus.
565 1975 625 2038 Ille
660 1975 742 2038 enim
776 1977 935 2040 Thermus
968 1996 1050 2038 anno
1081 1976 1142 2038 566
1173 1974 1262 2054 (188)
1296 1973 1330 2036 in

282 2077 412 2163 proelio
438 2079 589 2142 adversus
612 2081 757 2140 Thracas
781 2078 909 2141 cecidit.
954 2077 1033 2141 Liv.
1054 2079 1077 2140 1.
1094 2078 1145 2152 38,
1163 2079 1216 2141 41.
1236 2077 1259 2139 l.
1277 2080 1328 2152 ab,

283 2181 336 2247 49.
384 2181 437 2244 Au
471 2180 573 2264 igitur
604 2181 690 2244 filius
725 2181 791 2244 eius
820 2181 874 2244 hic
903 2181 1151 2264 intelligendus,
1186 2202 1225 2243 au
1251 2177 1331 2241 alius

282 2283 377 2370 quis,
409 2283 580 2348 nescimus.
626 2283 783 2349 Catonem
814 2307 883 2347 cum
912 2283 1064 2346 Thermis
1094 2283 1206 2345 multas
1235 2303 1329 2345 exer·

282 2385 384 2450 caissc
406 2385 588 2450 inimicitias
607 2397 743 2451 constat.

348 2491 538 2554 Duebnerus
565 2487 657 2552 aliud.
676 2501 896 2570 argumentum
924 2487 1081 2552 orationis
1107 2485 1329 2570 excogitavit:

282 2595 410 2666 Flebat,
436 2605 474 2680 ul
495 2613 655 2656 censores
679 2593 784 2654 etiam
804 2605 885 2674 post
908 2605 1022 2654 actam
1045 2611 1229 2654 censuram
1250 2610 1331 2652 con·

283 2709 341 2760 tra
362 2696 517 2758 homines
542 2695 585 2758 ab
611 2694 697 2778 ipsis
722 2694 804 2757 olim
826 2707 964 2756 notatos
986 2695 1088 2754 verbu
1094 2691 1278 2784 facerent,
1300 2690 1332 2754 si

285 2797 425 2884 quando
447 2800 576 2872 honor,
599 2819 622 2858 a
643 2819 711 2880 quo
732 2819 796 2878 per
818 2815 999 2858 censuram
1018 2793 1153 2856 exclusi
1172 2795 1331 2856 uideban-

283 2915 361 2974 tur,
391 2901 435 2962 iis
458 2899 635 2981 posterius
660 2897 874 2989 deferretur.
920 2895 976 2959 sic
1000 2905 1053 2979 ap.
1080 2895 1154 2961 Cic.
1186 2916 1238 2959 or.
1267 2915 1331 2977 pro

285 3001 437 3068 Cluentio
469 3023 500 3064 c.
534 3001 587 3065 42.
613 3001 667 3064 43.
689 3002 748 3064 45.
791 2999 872 3063 Tali
900 2999 1079 3062 occasione
1106 3001 1189 3062 haec
1215 2998 1332 3062 aratio

284 3105 405 3190 quaidni
419 3103 547 3195 suerit
571 3104 717 3166 habita?

348 3207 539 3272 Rufinianus
566 3207 616 3270 De
641 3205 756 3290 figuris
782 3227 817 3286 p.
844 3206 906 3270 210
931 3208 982 3268 ed.
1009 3204 1141 3268 Ruhak.
1184 3207 1270 3269 Calo
1294 3202 1331 3263 in

285 3315 474 3375 Thermum
499 3321 581 3392 post
613 3329 816 3372 censuram:
849 3308 919 3390 Qui
951 3319 1103 3369 ventrem
1132 3327 1237 3371 suum
1262 3324 1332 3367 non

282 3435 351 3495 pro
376 3415 474 3475 haste
496 3412 607 3490 habet,
633 3411 692 3494 qui
711 3432 781 3491 pro
800 3409 987 3494 republica,
1013 3430 1083 3472 non
1103 3430 1172 3491 pro
1190 3427 1257 3468 sua
1274 3407 1332 3469 ob·

285 3527 399 3588 sanct,
426 3514 487 3597 qui
505 3516 611 3576 stulte
636 3515 794 3596 spondet,
818 3515 878 3598 qui
900 3512 1023 3594 cupide
1046 3508 1225 3590 aedificat.

319 3671 369 3704 non
387 3672 438 3717 pra
460 3657 518 3716 cua]
551 3662 595 3714 int.
618 3673 656 3712 re,
683 3660 732 3716 qui,
754 3663 873 3716 tamquam
899 3657 1021 3711 possideat
1043 3653 1171 3710 vectigalia
1193 3653 1266 3698 totius
1284 3655 1333 3698 rei·

355 3745 475 3808 pubhcce,
495 3760 541 3790 uou
561 3759 606 3802 pra
630 3759 674 3792 suo
693 3747 791 3789 modulo
810 3750 913 3790 sumtum
936 3755 1024 3786 coenae
1047 3739 1112 3787 fucit.

349 3885 464 3948 Festus
490 3907 524 3966 p.
545 3883 622 3946 318.
659 3886 798 3946 sacrem
818 3899 998 3961 porcum.
1028 3923 1071 3942 ..
1100 3881 1189 3946 Cato
1209 3879 1332 3943 aduer-

286 3990 363 4068 (sus
389 3991 433 4071 Q.
454 3983 653 4051 Minucium
676 3984 882 4064 The)rmum
901 3993 982 4066 post
1004 3982 1220 4064 (censuramc
1246 3985 1334 4056 Par·¹

287 4113 365 4155 cum
390 4091 542 4171 sac)rem
565 4087 601 4150 in
626 4087 680 4150 sin
706 4129 715 4148 .
742 4129 751 4148 .
1261 4093 1263 4101 ’

319 4230 535 4294 postremarum]
554 4233 593 4276 Sic
611 4234 751 4288 expleudum
768 4231 846 4287 pulcri
865 4233 973 4278 {acnuam
990 4235 1107 4290 probante
1126 4228 1331 4280 C.0.h1'uihero.
