2970 4836
386 587 415 644 9.
447 587 517 643 Cato
538 587 648 642 dicrum
671 585 811 644 dictarum
834 587 870 642 de
893 587 1042 643 consulatu
1065 601 1126 642 suo.

298 719 463 802 Suspicor,
485 719 618 782 indicem
637 741 703 782 csse
721 722 776 782 M.
791 721 932 784 Catonis
950 719 1036 782 tiber
1054 717 1189 780 dierum
1209 716 1280 777 dic·

233 837 350 888 tarum
373 825 498 886 desua
524 827 716 886 consulatu.
750 825 786 886 Ia
811 844 849 885 eo
874 821 958 886 libro
984 843 1093 884 ornnes
1117 818 1280 884 orationes

235 925 423 991 coniunctae
450 939 549 1000 erant,
581 948 658 1010 quas
682 925 764 990 Cato
790 925 882 988 iniis
909 936 1019 1004 egerat
1046 922 1167 996 catusis,
1199 943 1280 1006 quae

236 1033 274 1090 de
300 1051 357 1092 suo
385 1029 551 1092 consulatu
576 1042 606 1091 et
633 1031 671 1108 dc
698 1025 969 1090 administratione
999 1025 1175 1107 Hispaniae
1202 1046 1280 1106 pro·

236 1131 359 1193 vinciae
380 1143 468 1193 erant
493 1143 597 1195 ortae.
636 1134 689 1194 Ex
711 1153 773 1194 uno
795 1129 935 1193 Charisii
955 1131 1028 1192 loco
1052 1149 1124 1192 vera
1144 1126 1281 1207 inscrip-

235 1233 281 1296 tio
308 1233 441 1314 agnosci
469 1247 500 1296 et
522 1233 646 1296 restitui
672 1244 812 1315 poterat.
853 1231 1020 1295 Charisius
1043 1232 1124 1292 cuim
1150 1229 1228 1292 dicit
1253 1251 1279 1291 s.

236 1359 268 1398 v.
292 1360 402 1418 porro
424 1359 458 1416 p.
478 1337 550 1398 126.
574 1340 624 1398 ed.
643 1337 791 1398 Lindctn.
818 1340 893 1416 „M.
912 1340 998 1400 Cato
1020 1334 1154 1396 dierum
1174 1333 1281 1394 dicta-

236 1461 315 1502 rum
333 1439 374 1501 de
390 1443 574 1502 consulatu
592 1461 674 1502 suo:
697 1441 780 1502 Inde
802 1461 913 1520 pergo
935 1460 1045 1520 porro
1068 1437 1119 1498 ire
1141 1436 1177 1498 in
1190 1439 1281 1498 Tur-

234 1555 319 1604 tam.
344 1543 432 1602 Idem
455 1562 577 1622 supra:
606 1546 727 1623 ltaque
749 1561 862 1622 porro
886 1541 921 1600 in
947 1544 1096 1602 Turtam
1114 1537 1281 1620 proficis-

235 1667 296 1706 cor
313 1655 488 1705 servatum
508 1643 598 1706 illos.
623 1645 693 1707 Pro
711 1641 841 1724 longius
860 1638 1037 1729 Afranius
1055 1641 1090 1700 in
1113 1640 1282 1719 Vopisco:

236 1747 360 1810 Sinunt
384 1746 419 1806 di
437 1757 470 1808 et
490 1765 599 1825 porro
615 1765 785 1824 passuros
805 1744 889 1805 scio.
927 1745 1037 1804 Porro
1060 1740 1173 1822 proin
1194 1740 1282 1801 futu·

236 1870 318 1910 ruuu.
357 1851 413 1910 Μ.
435 1850 539 1910 Cato
564 1847 605 1908 in
627 1847 704 1908 eod
712 1867 788 1907 em:
813 1849 874 1908 Me
894 1844 1078 1906 sollicitum
1099 1855 1202 1925 atque
1218 1865 1281 1904 ex-

235 1950 379 2013 ercitum
396 1949 549 2010 habitum
570 1969 655 2021 esse,
678 1961 781 2030 atque
796 1944 1040 2036 porrofore.“
1064 1943 1149 2007 Illud
1168 1946 1205 2007 in
1221 1967 1279 2008 eo·

236 2054 313 2114 dem
338 2051 430 2113 aliter
451 2049 593 2132 suppleri
616 2072 680 2113 non
701 2061 805 2130 potest
830 2049 890 2112 nisi
915 2049 1022 2112 addito
1045 2050 1146 2111 libro.
1187 2051 1282 2110 Nunc

236 2159 275 2218 dc
306 2165 492 2237 argumento
518 2152 637 2238 aliquid
660 2151 838 2216 dicendum.

301 2259 339 2320 In
356 2254 466 2337 priore
488 2255 632 2319 oratione
649 2254 795 2330 vidimus,
816 2255 971 2319 Catonem
990 2254 1280 2336 postconsulatum

237 2369 417 2423 accusatum
439 2355 556 2431 fuisse,
585 2361 672 2442 quod
696 2357 810 2420 nimios
829 2357 860 2420 in
888 2370 1040 2439 apparatu
1062 2358 1138 2420 belli
1164 2370 1282 2419 sumtus

236 2461 380 2525 fecisset.
416 2461 498 2522 Eum
523 2461 702 2522 ahsolutum
729 2481 797 2522 esse
822 2472 1020 2542 compertum
1045 2473 1102 2522 est.
1143 2461 1205 2522 Sed
1228 2463 1282 2521 ad·

237 2563 373 2628 versarii
397 2563 463 2626 eius
486 2565 623 2624 nondum
650 2561 768 2643 placati
795 2575 897 2625 crant.
936 2562 1052 2625 Denuo
1077 2565 1114 2625 de
1132 2565 1228 2624 rebus
1250 2561 1282 2625 in

238 2667 405 2732 consulatu
433 2663 529 2748 gestis
553 2667 642 2726 etde
664 2664 834 2746 provincia
858 2664 1073 2728 administrata
1098 2687 1115 2727 a
1137 2664 1283 2746 pluribus

237 2769 270 2833 in
290 2769 339 2831 ius
357 2779 501 2840 vocatur,
525 2789 583 2829 nec
610 2767 675 2830 alio
700 2779 845 2848 ternpore
864 2789 957 2852 quam
975 2788 1067 2827 causa
1089 2769 1282 2846 praecedens

237 2873 298 2934 hae
325 2890 453 2954 quoquc
477 2867 579 2930 dictae
604 2867 761 2943 videntur,
786 2891 867 2932 anno
898 2868 999 2952 igitur
1026 2869 1087 2930 500
1105 2869 1207 2944 (1921).
1241 2869 1283 2928 Et

238 2971 407 3056 vestigium
434 2972 544 3032 harum
572 2969 672 3032 litium
697 2970 764 3033 sive
788 2971 908 3033 dierum
927 2971 1081 3030 dictarum
1105 2969 1136 3032 in
1154 2970 1283 3032 Plutar-

238 3074 291 3139 chi
315 3073 378 3136 vita
401 3071 534 3136 Catonis
557 3094 628 3153 cap.
654 3076 705 3135 11.
735 3086 766 3134 et
790 3076 917 3153 Nepote
945 3071 1008 3134 vita
1033 3071 1151 3135 Calon.
1175 3073 1205 3134 2.
1229 3075 1282 3134 de·

238 3175 476 3260 prehendimus.
503 3171 612 3255 Scipio
633 3175 714 3237 enim
736 3174 895 3256 superior,
919 3173 1055 3259 quitum
1077 3177 1188 3239 consul
1211 3174 1282 3249 fuit,

238 3277 365 3343 invidus
391 3277 515 3338 laudum
543 3275 675 3341 Catonis
699 3276 837 3341 consulis
859 3287 890 3339 et
908 3278 1033 3360 gloriae
1053 3279 1128 3341 helli
1153 3279 1184 3341 in
1205 3278 1283 3341 His-

238 3381 330 3464 pania
354 3390 567 3460 comparatae,
591 3379 774 3441 calumniari
797 3379 904 3462 coepit
923 3393 992 3444 acta
1012 3380 1090 3458 eius,
1114 3404 1213 3465 eaque
1233 3402 1284 3441 re·

239 3483 383 3546 scindere
410 3480 571 3563 cupiebat.
621 3485 684 3544 Sed
713 3493 838 3545 senatus
870 3484 1032 3560 decrevit,
1062 3486 1191 3568 μηδὲν
1219 3477 1284 3544 ἆλ-

240 3581 410 3653 λάττειν
436 3586 535 3670 μηδὲ
566 3589 693 3650 κινεῖν
721 3586 799 3652 τῶν
831 3588 1085 3676 διῳκημένων
1111 3579 1184 3648 ὑπὸ
1212 3583 1285 3647 τοῦ

240 3683 445 3762 Κάτωνος.
481 3688 518 3750 In
545 3684 594 3748 his
618 3686 726 3750 verbis
749 3687 822 3751 fons
844 3687 1022 3750 uberrimus
1050 3707 1213 3747 causarum
1238 3684 1283 3746 la·

238 3804 283 3856 tet
312 3803 343 3853 et
373 3801 591 3874 argumentum
620 3787 739 3851 dierum
772 3789 928 3850 dictarum
959 3791 997 3849 de
1032 3787 1220 3864 consulatu,
1253 3800 1284 3850 et

239 3897 416 3978 fragmenta
440 3914 521 3977 quae
549 3903 733 3973 supersunt,
760 3888 1094 3954 commemorationem
1122 3889 1284 3953 continent

240 3997 379 4063 omnium
408 4017 538 4071 rerum,
571 4015 649 4078 quas
679 3991 712 4054 in
741 3990 897 4073 Hispania
926 3991 1035 4054 consul
1066 4005 1096 4078 et
1126 3993 1224 4076 gessit
1254 4007 1285 4056 et

240 4101 319 4186 egit.

306 4207 336 4265 1.
362 4198 528 4266 Charisius
545 4219 577 4278 p.
598 4195 670 4259 120.
694 4200 746 4260 ed.
764 4195 975 4260 Lindemanni
994 4221 1020 4262 s.
1040 4222 1073 4263 v.
1094 4198 1281 4266 Industria.

240 4309 296 4370 M.
320 4308 406 4369 Cato
424 4301 559 4364 dierum
579 4300 752 4364 dictarum
771 4301 811 4364 de
831 4305 1013 4366 consulatu
1034 4324 1117 4365 suo:
1141 4305 1283 4384 Egoque
