2976 4844
1209 330 1247 391 ts

199 500 315 574 quauta
345 487 478 552 militum
502 510 570 552 esse
598 491 740 563 deberet,
769 501 982 573 quantumque
1011 487 1162 551 militibus
1185 490 1247 552 lar·

199 591 265 677 giri
287 592 412 655 liceret.
467 593 511 654 Et
537 615 608 654 cum
643 593 798 675 impedire
824 605 975 674 cuperet,
1002 612 1041 654 ne
1063 591 1188 654 luxurie
1215 593 1248 656 iu

201 695 264 757 vita
290 695 415 777 privata
437 693 531 758 nimis
557 708 734 770 cresceret,
761 695 860 758 edixit
887 694 997 768 simul,
1022 706 1054 756 ut
1077 695 1249 776 elegantis·

199 796 277 860 simu
304 818 492 880 graecarum
522 798 637 880 artium
672 821 794 882 opera,
822 798 916 862 veluti
946 798 1034 881 signa
1065 811 1095 860 et
1127 809 1248 860 statuae

199 903 341 972 deorum,
369 921 451 984 quae
476 913 587 984 captae
611 901 741 974 luerint,
769 923 833 962 non
858 901 889 962 in
913 900 1112 981 privatorum
1137 905 1247 963 domus

200 993 352 1086 abscondi
372 1014 403 1066 et
431 1025 492 1083 pro
519 1004 731 1092 suppellectili
756 1003 866 1066 haberi
893 1002 1015 1076 liceret,
1036 1006 1090 1066 sed
1115 1003 1145 1065 in
1168 1015 1249 1068 tem·

199 1106 264 1187 plis
294 1117 413 1168 tantum
442 1118 472 1167 et
496 1107 633 1187 publicis
658 1107 740 1171 loris
763 1108 858 1192 digne
878 1121 1105 1172 statuerentur.

266 1209 318 1270 Ex
341 1209 532 1290 fragmentis
555 1210 722 1294 utriusque
744 1210 912 1287 orationis,
937 1233 1018 1295 quae
1044 1223 1155 1274 cttncts
1178 1212 1247 1274 lere

200 1309 300 1374 simile
323 1311 486 1374 continent
509 1323 747 1394 argumentum,
773 1312 989 1396 colligendum
1016 1326 1112 1394 puto,
1140 1318 1247 1377 ambas

199 1411 425 1494 inscriptiones
453 1417 493 1477 ad
517 1437 608 1476 uuam
643 1418 838 1500 eandemque
867 1415 1042 1479 orationem
1066 1415 1248 1479 referendas

200 1511 288 1578 esse:
315 1515 414 1578 altera
438 1517 518 1579 euim
542 1517 699 1582 orationis
723 1540 800 1598 pars
822 1523 859 1581 de
882 1521 998 1600 praeda
1027 1517 1177 1581 militibus
1200 1521 1247 1580 di·

200 1617 336 1680 videnda
362 1618 446 1702 egit,
472 1620 571 1685 altera
599 1633 700 1682 autem
722 1619 753 1684 in
777 1642 815 1684 co
840 1634 963 1686 versata
986 1633 1049 1696 cst,
1074 1633 1107 1684 ut
1130 1625 1246 1704 praeda

199 1720 231 1782 in
248 1721 411 1801 publicum
428 1722 468 1784 sit
484 1723 664 1785 referenda.
689 1725 798 1808 Atque
820 1724 1047 1808 granrmaticos
1067 1724 1156 1790 varin
1179 1747 1247 1788 mo-

201 1827 242 1886 do
267 1824 430 1887 orationes
455 1824 587 1888 Catonis
615 1824 802 1900 inscribere,
829 1826 903 1888 satis
928 1840 1035 1890 notum
1059 1839 1118 1889 est.

264 1926 441 1989 Maiensius
466 1940 566 1990 alitem
589 1951 622 2009 p.
646 1929 684 1989 18
709 1940 818 2010 putat,
843 1931 998 1992 Catonem
1023 1931 1104 1993 hauc
1125 1931 1247 1995 oratio·

200 2049 269 2090 nem
293 2041 368 2110 post
388 2029 521 2092 reditum
544 2051 584 2091 ex
605 2029 760 2112 Hispania
784 2054 813 2093 a.
836 2033 1076 2095 secubuisse.

264 2133 448 2195 Priscianus
474 2135 515 2194 T.
545 2138 574 2194 1.
604 2156 638 2214 p.
658 2135 732 2197 355.
772 2139 858 2199 Cato
881 2136 1058 2198 derisorius
1081 2135 1116 2197 in
1140 2139 1248 2198 orati-

200 2253 277 2309 one,
301 2257 404 2318 quam
429 2236 587 2317 scripsit,
618 2239 669 2299 uti
688 2239 823 2318 praeda
850 2240 887 2300 in
907 2240 1085 2321 publicum
1109 2235 1247 2330 refera-

200 2349 277 2398 tur:
310 2340 446 2412 Miror,
483 2340 612 2401 atsdere
644 2352 746 2422 atque
780 2341 984 2424 religionem
1015 2363 1083 2403 non
1109 2353 1245 2414 tenere„

199 2451 335 2503 statuas
368 2444 530 2516 deorum,
566 2445 729 2524 exempla
763 2464 884 2505 cartem
904 2441 1113 2534 facierum,
1144 2445 1249 2527 signa

202 2541 297 2604 domi
318 2567 386 2625 pro
412 2544 619 2626 supellectile
639 2557 804 2608 statuere.

235 2691 385 2759 religionem
403 2704 453 2732 uon
471 2687 565 2748 tenere]
609 2692 627 2735 l.
651 2706 673 2735 s.
697 2693 787 2746 miror,
818 2689 930 2750 religioni
960 2705 1006 2734 nou
1037 2705 1089 2735 esse
1113 2690 1249 2734 homiuibus

270 2775 345 2838 (dass
363 2762 400 2820 ¹sic
424 2779 474 2820 sich
496 2779 549 2822 kein
568 2779 692 2823 Gcwisseu
709 2781 796 2824 durans
817 2777 948 2834 muchan).
994 2779 1051 2823 Vid.
1068 2779 1164 2822 Ellendt
1183 2779 1246 2826 ttstt.

270 2864 327 2908 Litt.
352 2867 381 2908 Z.
410 2861 485 2909 183⁴.
509 2867 609 2910 lanusr.
637 2882 659 2921 p.
683 2865 725 2912 89.

235 2950 332 3010 earum]
363 2951 454 2997 barum
474 2955 520 2997 dno
540 2956 609 3019 epdd.
630 2955 713 2998 Puris.
750 2967 886 2998 sacrarum
908 2954 1030 2998 Duebner.
1067 2954 1150 2998 Recte.

359 3156 408 3212 42.
444 3155 544 3214 Oratio
566 3158 603 3214 de
626 3158 736 3228 pracda
757 3158 896 3216 militibus
916 3157 1092 3214 dividunde.

210 3361 212 3368 y
266 3287 319 3348 Ex
344 3301 533 3370 argumento
557 3289 778 3369 praecedentis
804 3289 958 3353 orationis
986 3309 1141 3372 apparere
1163 3288 1252 3352 vide·

201 3399 264 3464 tur,
286 3391 366 3452 hanc
389 3393 518 3454 candem
542 3414 611 3454 cum
635 3389 688 3454 illa
711 3413 780 3454 esse
803 3391 995 3456 orationem.

265 3492 388 3556 Gellius
411 3493 548 3565 xl,18.
586 3497 642 3560 M.
670 3497 757 3559 Cato
784 3495 821 3556 in
854 3495 1029 3570 oratione,
1065 3515 1169 3576 quam
1196 3496 1250 3556 De

199 3596 332 3675 praeda
358 3595 735 3667 militibustlinidunda
763 3597 915 3679 scripsit,
943 3596 1195 3660 vehementibus
1218 3609 1251 3658 et

202 3695 393 3760 illustribus
415 3697 527 3760 uerbis
550 3699 591 3760 de
614 3699 809 3780 inpunitate
826 3703 1010 3782 peculatus
1029 3711 1132 3783 atque
1151 3699 1252 3762 licen·

202 3799 253 3861 tia
269 3801 509 3885 conqueritans
550 3803 668 3876 dures,
691 3801 805 3886 inquit,
824 3800 1251 3892 privatorumsurtorum

203 3899 237 3961 in
261 3923 363 3966 neruo
386 3916 489 3988 atque
516 3905 553 3966 in
576 3905 798 3990 compedibus
824 3919 973 3970 aetatem
995 3917 1118 3988 agunt,
1134 3903 1251 3996 fures

199 4005 328 4084 publici
349 4005 385 4069 in
407 4028 497 4070 auro
519 4019 622 4090 atque
642 4008 679 4070 in
697 4030 872 4092 purpura.

238 4127 310 4186 furer
323 4133 433 4193 publici]
465 4135 536 4178 Multi
561 4149 717 4180 reinsuorum
738 4139 898 4191 imperatores
918 4136 955 4178 vel
980 4132 1133 4189 magistratus
1155 4135 1252 4188 proriu-

256 4223 364 4267 -cisrum
390 4227 458 4266 eruut
480 4221 571 4277 publici
595 4225 680 4278 fures,
711 4226 731 4268 si
756 4225 853 4281 quidem
878 4223 990 4276 praedem
1014 4230 1061 4261 uon
1083 4217 1106 4258 tn
1130 4222 1252 4268 serarium

272 4309 420 4365 reipublicae
442 4309 589 4363 referebant,
613 4313 654 4355 sed
673 4315 696 4356 in
718 4323 788 4356 utum
808 4312 927 4366 privatum
946 4303 1127 4354 convertebant.
