2992 4844
247 363 317 424 304'

314 523 516 586 Druumunus
546 532 569 582 t.
603 525 633 582 l.
663 543 696 602 p.
732 522 783 584 bb.
817 521 864 583 eie
896 533 1021 583 enarrat
1055 531 1289 602 argumentum.

248 626 375 690 Curiuu
390 645 464 686 war
486 644 550 686 uon
572 625 681 685 einem
702 625 834 686 andern
858 623 1031 704 Coponius¹
1050 645 1132 688 zum
1146 624 1291 686 zmeiten

248 727 360 791 Erben
376 727 563 808 eingesetzt
574 725 664 814 ,fe'e'r
679 727 745 790 den
760 729 844 800 raiz,
869 727 949 788 daus
973 726 1044 787 ihm
1059 727 1151 786 nirlzt
1166 726 1290 788 binneu

248 833 334 894 zeba
358 832 526 892 Monaten
558 830 643 889 nach
674 829 803 890 seinem
826 829 921 892 Tode
944 827 999 889 ein
1021 829 1114 890 Solen
1141 828 1290 910 geboren

248 930 402 1003 werden,
428 931 513 992 oder
545 930 658 992 dieser
680 933 813 993 sterben
837 931 969 1002 werde,
1006 931 1065 992 elie
1087 930 1214 992 Curius
1237 931 1292 994 die

250 1039 285 1099 V
282 1031 552 1122 ormundsalraft
555 1030 632 1122 fiir
647 1032 705 1094 ilm
720 1033 934 1094 ilbernehme.
974 1033 1048 1093 Der
1064 1032 1156 1094 Solen
1173 1030 1292 1092 ruurde

249 1137 340 1198 nie-let
356 1136 524 1217 geboren,
549 1135 621 1196 und
642 1137 804 1200 Scaevola
826 1137 1001 1215 verlangte
1024 1133 1078 1194 die
1100 1132 1292 1220 Erbsebafl

237 1237 314 1330 fiir
331 1241 386 1302 Μ.
412 1238 604 1318 Coponiur,
629 1237 706 1299 rveil
727 1236 854 1301 Curius
876 1235 968 1296 nieht
990 1235 1055 1296 den
1080 1238 1189 1299 Vater
1210 1257 1289 1297 eon-

250 1342 335 1404 dern
351 1341 415 1401 den
432 1343 525 1403 Solen
548 1339 632 1401 nabe
654 1339 795 1401 beerben
818 1341 938 1410 bullen,
963 1358 1129 1419 erogegen
1145 1341 1293 1401 Croesus

247 1445 435 1516 hemmae,
467 1463 548 1504 man
569 1445 738 1506 uerltenne
766 1442 821 1504 die
843 1439 984 1502 Abuialrt
1016 1440 1074 1503 der
1097 1443 1290 1514 Testatoru,

249 1548 392 1607 meleher
425 1545 552 1608 Curius
585 1545 659 1607 rein
692 1547 887 1625 Vermb'gen
915 1541 1106 1616 bestimmt,
1133 1543 1204 1602 und
1225 1563 1292 1602 nur

251 1667 349 1708 menn
372 1670 409 1708 er
433 1647 535 1708 selbot
558 1649 644 1707 nauli
667 1646 795 1707 reinem
810 1644 958 1708 Ableben
981 1645 1078 1705 einen
1101 1644 1215 1706 Erben
1238 1667 1292 1706 er-

248 1751 356 1821 halte,
399 1748 524 1809 diesem
557 1749 621 1810 den
666 1752 812 1830 Vorzug
844 1747 995 1829 gegeben
1036 1747 1133 1808 habe.
1192 1747 1292 1810 Seine

248 1850 388 1916 Gru'nde
401 1848 634 1931 befriedigten
647 1850 718 1910 und
733 1850 795 1911 der
810 1853 944 1931 Sprueh
959 1871 1033 1912 rear
1049 1850 1119 1910 ilem
1133 1849 1290 1932 gie'nstig.

312 1951 386 2014 Ciu.
403 1953 516 2048 Bruta
525 1975 555 2014 c.
572 1952 625 2015 39.
670 1955 711 2016 In
733 1953 1006 2034 interpretando,
1027 1952 1062 2013 in
1079 1951 1290 2028 definiendo,

249 2057 283 2118 in
306 2055 514 2137 explicanda
542 2055 715 2137 aequitate
745 2055 831 2115 nihil
859 2067 935 2117 erat
957 2059 1083 2118 Crasso
1105 2054 1290 2136 eopiosior,

248 2159 349 2240 idque
376 2179 453 2218 aum
491 2177 593 2239 saepe
623 2157 731 2230 aliar,
765 2168 839 2218 tum
867 2156 963 2238 apud
994 2157 1224 2218 centumuiros
1257 2157 1292 2219 in

248 2259 364 2323 Manii
397 2259 495 2324 Curii
533 2281 640 2322 cauea
670 2259 848 2341 cognitum
881 2269 945 2322 ert.
977 2260 1028 2321 ita
1062 2259 1153 2320 enim
1185 2262 1294 2321 multa

247 2376 321 2425 turn
353 2376 478 2424 contra
505 2363 671 2444 seriptum
701 2371 784 2444 pro⁴
802 2383 913 2445 aequo
946 2375 978 2424 et
1006 2363 1095 2424 bono
1117 2361 1230 2435 dixit,
1255 2373 1293 2423 ut

247 2465 419 2528 hominem
449 2465 688 2526 acutissimum
719 2469 763 2547 Q.
798 2466 997 2528 Sraeuolam
1027 2465 1117 2527 etin
1140 2464 1231 2537 iure,
1257 2465 1292 2525 in

248 2588 316 2650 quo
355 2567 415 2628 illa
447 2587 554 2628 carrea
587 2567 800 2639 vertebatur,
834 2566 1100 2648 paratissimum
1133 2567 1292 2628 obrueret

247 2679 534 2750 argumentorum
555 2671 861 2752 exemplorumque
883 2669 1001 2750 copia,
1027 2680 1130 2751 atque
1152 2669 1204 2731 ita
1218 2681 1292 2730 tum

247 2773 290 2832 ab
307 2771 358 2832 bis
376 2771 539 2852 patronis
560 2771 762 2853 aequalibus
786 2784 817 2834 et
840 2772 912 2833 iam
932 2771 1172 2832 consularibus
1186 2792 1293 2832 eausa

247 2875 308 2936 illa
329 2873 423 2934 diota
451 2884 521 2945 eet,
557 2894 634 2934 cum
665 2885 808 2956 uterque
836 2895 884 2934 ex
914 2873 1094 2936 contraria
1112 2885 1214 2954 parte
1237 2873 1293 2934 ius

247 2965 343 3038 'ciuile
376 2972 596 3061 defenderet,
623 2988 674 3060 'ut
709 2975 939 3058 eloquentium
972 2974 1293 3056 iurisperitiueimur

248 3081 413 3150 Crassus,
456 3078 738 3158 iurisperitorum
786 3077 1085 3160 eloquentissimus
1132 3079 1294 3140 Scaeuola

247 3189 445 3260 putaretur.

310 3278 391 3342 ibid.
417 3301 447 3341 c.
473 3282 524 3342 73.
570 3281 696 3346 Malim
718 3282 803 3344 mihi
819 3284 938 3347 Crassi
960 3305 1064 3344 unam
1084 3304 1152 3363 pro
1168 3283 1293 3346 Manio

248 3383 356 3447 Curio
378 3382 561 3448 dictionem
583 3405 687 3466 quam
708 3388 914 3449 castellanos
936 3385 1130 3466 triumphos
1153 3384 1234 3445 duo.

311 3484 392 3547 ibid.
416 3486 470 3548 52.
516 3485 603 3568 Quis
624 3508 670 3546 ex
691 3489 831 3568 populo,
856 3509 933 3549 rum
955 3491 998 3568 Q.
1014 3489 1213 3551 Scaeuolam
1225 3508 1293 3566 pro

248 3591 303 3652 Μ.
339 3588 493 3670 Coponio
529 3587 696 3650 dicentem
733 3589 889 3664 audiret,
925 3589 1112 3672 quidquam
1149 3588 1293 3668 politius

247 3703 309 3752 aul
349 3689 542 3772 elegantius
580 3703 643 3752 aut
675 3692 815 3754 omnino
846 3692 968 3753 melius
1000 3703 1060 3752 aul
1093 3703 1293 3770 expectaret

247 3797 309 3854 a'ut
323 3790 415 3867 fleri
435 3811 538 3872 poree
556 3793 722 3872 putaret?
751 3797 836 3856 Cum
865 3795 896 3854 ie
927 3795 991 3856 lior
1010 3793 1161 3874 probare
1182 3794 1291 3865 vellet,

249 3893 412 3956 Manium
436 3891 599 3967 Curium,
622 3915 701 3963 aum
728 3894 780 3956 ita
799 3897 898 3957 beree
926 3896 1104 3958 institutus
1136 3906 1241 3970 erret,
1264 3897 1295 3956 ri

244 3995 399 4078 pupillus
420 4007 499 4056 ante
529 4007 688 4057 mortuus
715 4007 819 4071 erret,
843 4018 947 4080 quam
968 3998 1005 4059 in
1027 4019 1128 4060 ruam
1150 3998 1294 4058 tutelam

248 4098 412 4171 uenisset,
442 4096 574 4178 pupillo
604 4117 672 4158 non
701 4109 783 4160 nato
809 4100 967 4162 heredem
988 4121 1063 4162 erue
1086 4121 1156 4162 non
1175 4117 1294 4180 posse:

249 4198 333 4280 quid
354 4200 410 4261 ille
432 4220 501 4261 non
524 4200 616 4262 dixit
645 4199 686 4260 de
712 4212 998 4266 tentamentorum
1021 4203 1115 4274 iure,
1141 4202 1181 4262 ele
1204 4199 1293 4260 anti-

251 4299 536 4386 quiuformulis?
550 4300 633 4382 quid
647 4304 933 4384 quemadmodum
950 4304 1054 4366 scribi
1071 4303 1293 4384 oportuisset,
