2984 4842
260 330 322 394 300

326 485 399 551 Cic.
412 484 599 549 Academic.
619 484 729 553 Prior.
746 485 804 548 lib.
825 486 855 556 2,
876 487 906 545 1.
941 487 1115 566 Magnum
1131 483 1308 566 ingenium

263 595 305 652 L.
329 588 464 652 Luculli
492 608 722 670 magnumque
748 588 957 670 optirnarum
984 587 1114 651 artium
1141 587 1305 658 studium,

262 702 335 752 tum
370 690 480 754 omnis
510 689 662 752 liberalis
694 703 726 752 et
756 690 864 772 digna
896 690 1032 752 homine
1065 688 1170 753 nobili
1197 689 1240 750 alr
1268 710 1309 750 co

261 802 422 874 percepta
437 791 612 867 doctrina,
638 793 760 876 quibus
782 792 991 874 temporibus
1003 790 1149 882 florere
1173 791 1207 852 in
1212 789 1310 877 foro

265 894 416 956 maxime
443 895 578 975 potuit,
614 895 728 956 caruit
758 895 898 957 omnino
927 896 1027 958 rebus
1061 893 1215 958 urbanis,
1267 894 1310 954 Ut

265 995 354 1058 enim
370 996 555 1058 admodum
571 997 769 1060 adolescens
796 993 1015 1086 cumfratre
1037 997 1116 1078 pari
1134 995 1262 1078 pietate
1277 1005 1311 1055 et

263 1098 435 1160 industria
460 1100 621 1181 praedito
648 1112 812 1180 paternas
844 1099 1043 1163 inimicitias
1075 1119 1204 1181 magna
1235 1117 1311 1158 cum

264 1201 380 1283 gloria
408 1212 459 1262 est
478 1213 698 1282 persecutus,
727 1201 763 1263 in
794 1200 917 1264 Asiam
945 1213 1107 1285 quaestor
1128 1197 1311 1282 profectus

265 1301 312 1365 ibi
328 1305 519 1384 permultos
541 1323 649 1365 annos
670 1302 870 1365 admirabili
892 1325 969 1366 cum
991 1304 1091 1366 laude
1112 1301 1309 1384 provinciae

264 1404 439 1491 praefuit.
933 1412 935 1416 ’

332 1507 405 1572 Cic.
424 1512 461 1571 de
478 1507 578 1572 Offic.
597 1510 627 1584 2,
649 1510 699 1571 11.
745 1509 823 1572 Etsi
845 1508 1052 1571 laudabilior
1072 1519 1124 1569 est
1139 1503 1312 1592 defensio,

267 1623 380 1674 tamen
410 1611 515 1672 etiam
546 1609 721 1671 accusatio
750 1609 897 1690 probata
924 1628 1091 1688 persaepe
1114 1617 1177 1668 est.
1224 1606 1316 1668 Dixi

264 1713 372 1792 paulo
402 1722 481 1772 ante
514 1711 556 1770 de
592 1713 732 1773 Crasso.
787 1710 883 1772 Idem
902 1706 1002 1797 fecit
1029 1707 1225 1768 adolescens
1256 1711 1313 1770 M.

268 1811 458 1884 Antonius,
489 1809 592 1872 etiam
626 1812 663 1871 P.
701 1809 845 1890 Sulpicii
878 1807 1105 1890 eloquentiam
1137 1806 1315 1869 accusatio

268 1911 463 1986 illustravit,
483 1933 557 1973 cum
581 1909 782 1973 seditiosum
804 1921 837 1971 et
861 1909 1016 1971 inutilem
1038 1908 1145 1970 civem
1164 1910 1202 1971 0.
1219 1911 1315 1972 Nor·
1359 1983 1362 1990 Ι

268 2015 393 2076 bunum
416 2013 452 2074 in
474 2011 639 2074 iudicium
671 2011 817 2082 uocauit;
846 2011 904 2074 sed
930 2014 992 2073 lzoc
1015 2009 1153 2094 quidem
1175 2031 1243 2073 non
1266 2023 1315 2074 est

268 2138 369 2200 saepe
386 2113 598 2206 faciendum
631 2135 690 2176 nec
724 2133 886 2197 umquam
918 2113 985 2176 nisi
1016 2125 1078 2175 aut
1107 2113 1315 2194 reipublicae

269 2239 376 2280 causa
399 2230 436 2279 ut
458 2217 501 2290 ii,
533 2237 620 2298 quos
648 2226 729 2277 ante
759 2215 855 2292 dixi,
888 2227 950 2277 aut
979 2215 1165 2278 ulciscendi
1186 2228 1225 2277 ut
1246 2216 1315 2278 duo

271 2319 423 2391 Luculli,
440 2330 501 2380 aut
520 2317 709 2399 patrocinii
731 2330 768 2379 ut
791 2339 853 2381 nos
872 2339 941 2399 pro
956 2317 1091 2394 Siculis,
1106 2339 1175 2400 pro
1190 2316 1315 2382 Sardis

271 2422 306 2482 in.
330 2419 474 2484 Albucio
497 2419 620 2484 Iulius.

333 2520 407 2585 Cic.
434 2523 472 2583 dc
500 2519 657 2585 Provinc.
684 2521 880 2586 consularib.
908 2523 939 2586 9.
986 2524 1104 2587 Multa
1120 2534 1313 2606 praetereo,

271 2624 363 2708 quod
380 2624 516 2686 intueor
532 2645 649 2686 coram
666 2627 748 2687 haec
770 2624 900 2686 lumina
915 2635 1017 2707 atque
1032 2638 1235 2687 ornamenta
1249 2626 1316 2686 rei-
1426 2655 1428 2658 ·

269 2725 442 2810 publicae,
461 2728 499 2788 P.
517 2726 698 2790 Seruilium
720 2738 752 2788 et
768 2729 823 2790 M.
850 2729 1048 2790 Lucullum:
1064 2726 1197 2788 utinam
1212 2726 1317 2787 etiam

273 2833 315 2892 L.
333 2831 495 2891 Lucullus
519 2827 574 2889 ille
596 2827 746 2890 videret!
768 2831 864 2910 Quae
876 2899 879 2907 Ι
881 2826 1034 2912 fuerunt
1057 2827 1256 2890 inimicitiae
1279 2826 1313 2887 in

274 2929 410 2993 civitate
437 2930 618 3013 graviores
648 2951 750 3012 quam
781 2933 1005 2994 Lucullorum
1033 2941 1136 3012 atque
1152 2929 1318 3018 'Serviliil

274 3051 359 3114 quas
392 3030 428 3092 in
460 3030 545 3093 ciris
566 3028 787 3121 fortissimis
823 3053 892 3098 non
929 3036 1042 3097 solum
1073 3031 1229 3095 extinxit
1261 3051 1319 3092 res

271 3131 409 3215 publica
424 3131 642 3216 dignitasque
664 3134 832 3216 ipsorum,
856 3137 917 3198 sed
938 3136 1043 3198 etiam
1064 3135 1112 3196 ad
1130 3133 1319 3198 amicitiam

274 3234 618 3319 consuetudinemque
641 3237 815 3312 traduxit.
1077 3227 1098 3272 ’ί

337 3323 426 3400 ΡΙιιῒ.
451 3337 605 3400 Lucullus
629 3340 659 3402 l.
704 3335 816 3416 Αὐτὸς
845 3334 877 3404 δ’
902 3333 920 3404 ὁ
943 3332 1157 3412 Λούκουλλος
1178 3331 1228 3400 ε’τε
1249 3361 1319 3422 μει-

273 3431 389 3526 ράκιον
422 3434 481 3519 ὢν,
515 3443 590 3526 πρὶν
620 3436 723 3530 ἀρχήν
756 3451 832 3506 τιναΙ
860 3440 1033 3526 μετελθεῖν
1065 3440 1121 3502 καὶ
1153 3437 1321 3515 πολιτείας

273 3529 442 3632 ἅψασθαι
449 3591 458 3622 ,
498 3541 626 3632 πρῶτον
658 3541 752 3631 ἔργον
790 3535 968 3619 ἐποιήσατο
1007 3533 1064 3606 τὸν
1102 3539 1161 3605 τοῦ
1194 3536 1321 3629 πατρὸς

195 3645 197 3650 ’
273 3637 459 3730 κατήγορον
474 3647 584 3732 κρῖναι
606 3643 803 3733 Σερουίλιον
827 3637 988 3732 Αὕγουρα
1010 3637 1122 3726 λαβὼν
1142 3637 1320 3708 ἀδικοῦντα

273 3746 435 3835 δημοσία,
460 3741 576 3812 καὶτὸ
599 3745 734 3833 αράγμα
762 3738 914 3828 λαμπρὸν
939 3737 1044 3834 ἐφάνη
1063 3738 1245 3829 Ῥωμαίοις
1266 3749 1321 3809 καὶ

273 3841 334 3928 τὴν
357 3847 448 3928 δίκην
473 3847 593 3928 ἐκείνην
621 3837 727 3935 ὥσπερ
749 3841 918 3936 ἀριστείαν
942 3843 1000 3912 διά
1024 3841 1192 3934 στόματος
1217 3846 1320 3933 ἔσχον·

269 3943 402 4016 ’quue
418 3950 453 4014 δὲ
472 3953 527 4016 καὶ
542 3945 650 4025 ἄλλως
671 3942 784 4024 αὐτοῖς
807 3943 884 4014 ἄνευ
905 3944 1104 4042 προφάσεως
1119 3945 1178 4016 οὐκ
1193 3944 1321 4034 ἀγεννὲς

275 4039 420 4117 εἶναιτὸ
451 4051 516 4132 τῆς
546 4049 746 4142 κατηγορίας
780 4045 887 4140 ἐ’ργον,
921 4046 1007 4118 llll
1038 4057 1094 4118 καὶ
1125 4046 1212 4119 πάνυ
1236 4044 1322 4124 τούς

274 4154 366 4228 νέους
382 4149 558 4236 ἐβούλοντο
582 4156 651 4231 τοῖς
672 4147 844 4221 ἀδικοῦσιν
866 4154 1102 4246 ἕατφοομένονς
1118 4148 1200 4244 ὁρᾷν
1216 4143 1321 4235 ὥσπερ

273 4253 411 4338 θηρίοις
431 4251 566 4338 εὐγενεῖς
589 4251 765 4334 σκύλακας.
803 4251 868 4323 ’llo
890 4252 956 4343 μὴν
978 4250 1064 4322 ἀλλὰ
1090 4251 1232 4342 μεγάλης
1250 4253 1322 4338 περὶ
