<?xml version="1.0" encoding="UTF-8"?>
<!DOCTYPE html PUBLIC "-//W3C//DTD XHTML 1.0 Transitional//EN"
    "http://www.w3.org/TR/xhtml1/DTD/xhtml1-transitional.dtd">
<html xmlns="http://www.w3.org/1999/xhtml" xml:lang="en" lang="en">
 <head>
  <title>
</title>
<meta http-equiv="Content-Type" content="text/html;charset=utf-8" />
  <meta name='ocr-system' content='tesseract 3.04.00' />
  <meta name='ocr-capabilities' content='ocr_page ocr_carea ocr_par ocr_line ocrx_word'/>
</head>
<body>
  <div class='ocr_page' id='page_1' title='image "./oratorumromanor02meyegoog_0440.png"; bbox 0 0 2984 4842; ppageno 0'>
   <div class='ocr_carea' id='block_1_1' title="bbox 273 390 335 452">
    <p class='ocr_par' dir='ltr' id='par_1_1' title="bbox 273 390 335 452">
     <span class='ocr_line' id='line_1_1' title="bbox 273 390 335 452; baseline 0 0"><span class='ocrx_word' id='word_1_1' title='bbox 273 390 335 452; x_wconf 74' lang='grc'><strong>110</strong></span> 
     </span>
    </p>
   </div>
   <div class='ocr_carea' id='block_1_2' title="bbox 308 535 1323 609">
    <p class='ocr_par' dir='ltr' id='par_1_2' title="bbox 308 535 1323 609">
     <span class='ocr_line' id='line_1_2' title="bbox 308 535 1323 609; baseline -0.014 -11"><span class='ocrx_word' id='word_1_2' title='bbox 308 551 346 598; x_wconf 84' lang='grc' dir='ltr'><strong>Μ.</strong></span> <span class='ocrx_word' id='word_1_3' title='bbox 370 550 464 609; x_wconf 75' lang='lat' dir='ltr'><strong>Vinici]</strong></span> <span class='ocrx_word' id='word_1_4' title='bbox 500 563 535 594; x_wconf 85' lang='lat' dir='ltr'><strong>m.</strong></span> <span class='ocrx_word' id='word_1_5' title='bbox 555 549 626 592; x_wconf 77' lang='lat' dir='ltr'><strong>uinco</strong></span> <span class='ocrx_word' id='word_1_6' title='bbox 648 547 702 588; x_wconf 83' lang='lat' dir='ltr'><strong>cod.</strong></span> <span class='ocrx_word' id='word_1_7' title='bbox 723 544 784 600; x_wconf 76' lang='lat' dir='ltr'><strong>lleg.</strong></span> <span class='ocrx_word' id='word_1_8' title='bbox 804 554 837 583; x_wconf 87' lang='lat' dir='ltr'><strong>m.</strong></span> <span class='ocrx_word' id='word_1_9' title='bbox 860 535 927 584; x_wconf 62' lang='lat' dir='ltr'><strong>arlts</strong></span> <span class='ocrx_word' id='word_1_10' title='bbox 950 542 984 582; x_wconf 82' lang='lat' dir='ltr'><strong>rel</strong></span> <span class='ocrx_word' id='word_1_11' title='bbox 1006 552 1038 580; x_wconf 88' lang='lat' dir='ltr'><strong>m.</strong></span> <span class='ocrx_word' id='word_1_12' title='bbox 1056 537 1158 580; x_wconf 79' lang='lat' dir='ltr'><strong>vincera</strong></span> <span class='ocrx_word' id='word_1_13' title='bbox 1175 540 1225 582; x_wconf 81' lang='lat' dir='ltr'><strong>atti.</strong></span> <span class='ocrx_word' id='word_1_14' title='bbox 1242 537 1323 584; x_wconf 80' lang='lat' dir='ltr'><strong>illurns&#39;</strong></span> 
     </span>
    </p>
   </div>
   <div class='ocr_carea' id='block_1_3' title="bbox 311 629 1323 781">
    <p class='ocr_par' dir='ltr' id='par_1_3' title="bbox 311 629 1323 781">
     <span class='ocr_line' id='line_1_3' title="bbox 343 629 931 686; baseline -0.024 -2"><span class='ocrx_word' id='word_1_15' title='bbox 343 639 428 684; x_wconf 83' lang='lat' dir='ltr'><strong>Vinici</strong></span> <span class='ocrx_word' id='word_1_16' title='bbox 446 641 484 684; x_wconf 86' lang='lat' dir='ltr'><strong>ed.</strong></span> <span class='ocrx_word' id='word_1_17' title='bbox 506 641 552 683; x_wconf 82' lang='lat' dir='ltr'><strong>ret.</strong></span> <span class='ocrx_word' id='word_1_18' title='bbox 573 633 679 679; x_wconf 81' lang='lat' dir='ltr'><strong>Memmi</strong></span> <span class='ocrx_word' id='word_1_19' title='bbox 697 631 804 677; x_wconf 76' lang='lat' dir='ltr'><strong>correxit</strong></span> <span class='ocrx_word' id='word_1_20' title='bbox 821 629 931 686; x_wconf 75' lang='lat' dir='ltr'>Pighius.</span> 
     </span>
     <span class='ocr_line' id='line_1_4' title="bbox 311 715 1323 781; baseline -0.018 -9"><span class='ocrx_word' id='word_1_21' title='bbox 311 727 439 774; x_wconf 76' lang='lat' dir='ltr'><strong>horariarum</strong></span> <span class='ocrx_word' id='word_1_22' title='bbox 459 721 549 781; x_wconf 80' lang='lat' dir='ltr'><strong>morse]</strong></span> <span class='ocrx_word' id='word_1_23' title='bbox 587 722 729 767; x_wconf 71' lang='lat' dir='ltr'>Nicomedes</span> <span class='ocrx_word' id='word_1_24' title='bbox 754 718 839 761; x_wconf 86' lang='lat' dir='ltr'><strong>tertius</strong></span> <span class='ocrx_word' id='word_1_25' title='bbox 858 717 920 759; x_wconf 86' lang='lat' dir='ltr'><strong>diem</strong></span> <span class='ocrx_word' id='word_1_26' title='bbox 939 715 1064 766; x_wconf 75' lang='lat' dir='ltr'><strong>obiret-at,</strong></span> <span class='ocrx_word' id='word_1_27' title='bbox 1086 721 1212 772; x_wconf 80' lang='lat' dir='ltr'><strong>autequam</strong></span> <span class='ocrx_word' id='word_1_28' title='bbox 1232 716 1323 759; x_wconf 67' lang='lat' dir='ltr'><strong>Caesar·</strong></span> 
     </span>
    </p>
   </div>
   <div class='ocr_carea' id='block_1_4' title="bbox 346 797 1040 873">
    <p class='ocr_par' dir='ltr' id='par_1_4' title="bbox 346 797 1040 873">
     <span class='ocr_line' id='line_1_5' title="bbox 346 797 1040 873; baseline -0.019 -14"><span class='ocrx_word' id='word_1_29' title='bbox 346 817 406 859; x_wconf 83' lang='lat' dir='ltr'><strong>hane</strong></span> <span class='ocrx_word' id='word_1_30' title='bbox 425 818 509 873; x_wconf 77' lang='lat' dir='ltr'><strong>ageret</strong></span> <span class='ocrx_word' id='word_1_31' title='bbox 527 822 638 856; x_wconf 86' lang='lat' dir='ltr'><strong>causam:</strong></span> <span class='ocrx_word' id='word_1_32' title='bbox 660 807 762 852; x_wconf 73' lang='lat' dir='ltr'><strong>decessit</strong></span> <span class='ocrx_word' id='word_1_33' title='bbox 780 805 842 849; x_wconf 88' lang='lat' dir='ltr'><strong>enim</strong></span> <span class='ocrx_word' id='word_1_34' title='bbox 863 818 886 847; x_wconf 88' lang='lat' dir='ltr'><strong>a.</strong></span> <span class='ocrx_word' id='word_1_35' title='bbox 908 797 956 847; x_wconf 81' lang='lat'><strong>68⁰</strong></span> <span class='ocrx_word' id='word_1_36' title='bbox 978 799 1040 854; x_wconf 78' lang='lat' dir='ltr'><strong>tlt).</strong></span> 
     </span>
    </p>
   </div>
   <div class='ocr_carea' id='block_1_5' title="bbox 311 892 1322 1043">
    <p class='ocr_par' dir='ltr' id='par_1_5' title="bbox 311 892 1322 1043">
     <span class='ocr_line' id='line_1_6' title="bbox 311 892 1322 960; baseline -0.012 -12"><span class='ocrx_word' id='word_1_37' title='bbox 311 905 386 948; x_wconf 80' lang='lat' dir='ltr'><strong>etiam</strong></span> <span class='ocrx_word' id='word_1_38' title='bbox 403 916 467 960; x_wconf 80' lang='lat' dir='ltr'><strong>pros</strong></span> <span class='ocrx_word' id='word_1_39' title='bbox 484 893 646 958; x_wconf 82' lang='lat' dir='ltr'><strong>propinquis]</strong></span> <span class='ocrx_word' id='word_1_40' title='bbox 684 896 845 939; x_wconf 77' lang='lat' dir='ltr'><strong>coniecturam</strong></span> <span class='ocrx_word' id='word_1_41' title='bbox 866 892 944 945; x_wconf 84' lang='lat' dir='ltr'><strong>barro,</strong></span> <span class='ocrx_word' id='word_1_42' title='bbox 966 904 1036 947; x_wconf 83' lang='lat' dir='ltr'><strong>quam</strong></span> <span class='ocrx_word' id='word_1_43' title='bbox 1055 894 1078 935; x_wconf 88' lang='lat' dir='ltr'><strong>in</strong></span> <span class='ocrx_word' id='word_1_44' title='bbox 1098 892 1155 935; x_wconf 86' lang='lat' dir='ltr'><strong>edit.</strong></span> <span class='ocrx_word' id='word_1_45' title='bbox 1176 905 1213 945; x_wconf 87' lang='lat' dir='ltr'><strong>pr.</strong></span> <span class='ocrx_word' id='word_1_46' title='bbox 1235 906 1322 947; x_wconf 88' lang='lat' dir='ltr'><strong>propo·</strong></span> 
     </span>
     <span class='ocr_line' id='line_1_7' title="bbox 344 980 1321 1043; baseline -0.012 -8"><span class='ocrx_word' id='word_1_47' title='bbox 344 1004 449 1042; x_wconf 85' lang='lat' dir='ltr'><strong>sueram,</strong></span> <span class='ocrx_word' id='word_1_48' title='bbox 465 989 625 1043; x_wconf 84' lang='lat' dir='ltr'><strong>recipiendam</strong></span> <span class='ocrx_word' id='word_1_49' title='bbox 645 986 711 1041; x_wconf 81' lang='lat' dir='ltr'><strong>duxi,</strong></span> <span class='ocrx_word' id='word_1_50' title='bbox 733 995 830 1038; x_wconf 84' lang='lat' dir='ltr'><strong>eamque</strong></span> <span class='ocrx_word' id='word_1_51' title='bbox 849 980 990 1035; x_wconf 69' lang='lat' dir='ltr'><strong>approbavit</strong></span> <span class='ocrx_word' id='word_1_52' title='bbox 1008 985 1032 1023; x_wconf 85' lang='lat' dir='ltr'><strong>et</strong></span> <span class='ocrx_word' id='word_1_53' title='bbox 1045 981 1187 1024; x_wconf 85' lang='lat' dir='ltr'><strong>Duebnerus</strong></span> <span class='ocrx_word' id='word_1_54' title='bbox 1200 985 1224 1024; x_wconf 88' lang='lat' dir='ltr'><strong>st</strong></span> <span class='ocrx_word' id='word_1_55' title='bbox 1236 981 1321 1023; x_wconf 78' lang='lat' dir='ltr'><strong>Bautn-</strong></span> 
     </span>
    </p>
   </div>
   <div class='ocr_carea' id='block_1_6' title="bbox 346 1065 1322 1222">
    <p class='ocr_par' dir='ltr' id='par_1_6' title="bbox 346 1065 1322 1222">
     <span class='ocr_line' id='line_1_8' title="bbox 347 1065 1321 1132; baseline -0.01 -10"><span class='ocrx_word' id='word_1_56' title='bbox 347 1080 424 1123; x_wconf 74' lang='lat' dir='ltr'><strong>sterit.</strong></span> <span class='ocrx_word' id='word_1_57' title='bbox 444 1078 519 1120; x_wconf 84' lang='lat' dir='ltr'><strong>etiam</strong></span> <span class='ocrx_word' id='word_1_58' title='bbox 539 1089 555 1118; x_wconf 81' lang='lat' dir='ltr'><strong>a</strong></span> <span class='ocrx_word' id='word_1_59' title='bbox 571 1073 721 1132; x_wconf 70' lang='lat' dir='ltr'><strong><em>propinquis</em></strong></span> <span class='ocrx_word' id='word_1_60' title='bbox 740 1072 810 1128; x_wconf 80' lang='lat' dir='ltr'><strong>vulgo</strong></span> <span class='ocrx_word' id='word_1_61' title='bbox 829 1073 951 1122; x_wconf 84' lang='lat' dir='ltr'><strong>corrupte.</strong></span> <span class='ocrx_word' id='word_1_62' title='bbox 978 1065 1074 1127; x_wconf 78' lang='lat' dir='ltr'><strong>Quibus</strong></span> <span class='ocrx_word' id='word_1_63' title='bbox 1092 1072 1149 1111; x_wconf 78' lang='lat' dir='ltr'><strong>unte</strong></span> <span class='ocrx_word' id='word_1_64' title='bbox 1164 1068 1321 1127; x_wconf 83' lang='lat' dir='ltr'><strong>propinquos</strong></span> 
     </span>
     <span class='ocr_line' id='line_1_9' title="bbox 346 1155 1322 1222; baseline -0.012 -11"><span class='ocrx_word' id='word_1_65' title='bbox 346 1173 447 1212; x_wconf 80' lang='lat' dir='ltr'><strong>nostros</strong></span> <span class='ocrx_word' id='word_1_66' title='bbox 465 1179 488 1211; x_wconf 79' lang='lat' dir='ltr'><strong>o,</strong></span> <span class='ocrx_word' id='word_1_67' title='bbox 503 1160 530 1222; x_wconf 89' lang='lat' dir='ltr'><strong>s.</strong></span> <span class='ocrx_word' id='word_1_68' title='bbox 557 1163 618 1208; x_wconf 77' lang='lat' dir='ltr'><strong>inat.</strong></span> <span class='ocrx_word' id='word_1_69' title='bbox 644 1161 791 1205; x_wconf 78' lang='lat' dir='ltr'><strong>Gronovius.</strong></span> <span class='ocrx_word' id='word_1_70' title='bbox 823 1157 917 1200; x_wconf 87' lang='lat' dir='ltr'><strong>Gellius</strong></span> <span class='ocrx_word' id='word_1_71' title='bbox 936 1156 980 1199; x_wconf 88' lang='lat' dir='ltr'><strong>hoe</strong></span> <span class='ocrx_word' id='word_1_72' title='bbox 1009 1158 1062 1198; x_wconf 86' lang='lat' dir='ltr'><strong>loco</strong></span> <span class='ocrx_word' id='word_1_73' title='bbox 1082 1155 1194 1200; x_wconf 79' lang='lat' dir='ltr'><strong>Caesaris</strong></span> <span class='ocrx_word' id='word_1_74' title='bbox 1218 1156 1322 1212; x_wconf 84' lang='lat' dir='ltr'><strong>probare</strong></span> 
     </span>
    </p>
   </div>
   <div class='ocr_carea' id='block_1_7' title="bbox 346 1243 1386 1309">
    <p class='ocr_par' dir='ltr' id='par_1_7' title="bbox 346 1243 1386 1309">
     <span class='ocr_line' id='line_1_10' title="bbox 346 1243 1386 1309; baseline -0.013 -10"><span class='ocrx_word' id='word_1_75' title='bbox 346 1257 435 1306; x_wconf 87' lang='lat' dir='ltr'><strong>studet,</strong></span> <span class='ocrx_word' id='word_1_76' title='bbox 462 1253 524 1306; x_wconf 76' lang='lat' dir='ltr'><strong>‘apud</strong></span> <span class='ocrx_word' id='word_1_77' title='bbox 554 1262 666 1294; x_wconf 85' lang='lat' dir='ltr'><strong>romanos</strong></span> <span class='ocrx_word' id='word_1_78' title='bbox 695 1261 762 1291; x_wconf 85' lang='lat' dir='ltr'><strong>more</strong></span> <span class='ocrx_word' id='word_1_79' title='bbox 791 1248 909 1288; x_wconf 79' lang='lat' dir='ltr'><strong>strator-mn</strong></span> <span class='ocrx_word' id='word_1_80' title='bbox 938 1244 1071 1287; x_wconf 88' lang='lat' dir='ltr'><strong>institutum</strong></span> <span class='ocrx_word' id='word_1_81' title='bbox 1100 1243 1189 1294; x_wconf 79' lang='lat' dir='ltr'><strong>fuisse,</strong></span> <span class='ocrx_word' id='word_1_82' title='bbox 1219 1246 1322 1298; x_wconf 90' lang='lat' dir='ltr'><strong>primum</strong></span> <span class='ocrx_word' id='word_1_83' title='bbox 1381 1295 1386 1309; x_wconf 30' lang='grc' dir='ltr'>ὗ</span> 
     </span>
    </p>
   </div>
   <div class='ocr_carea' id='block_1_8' title="bbox 344 1335 905 1396">
    <p class='ocr_par' dir='ltr' id='par_1_8' title="bbox 344 1335 905 1396">
     <span class='ocr_line' id='line_1_11' title="bbox 344 1335 905 1396; baseline -0.025 -9"><span class='ocrx_word' id='word_1_84' title='bbox 344 1343 435 1394; x_wconf 84' lang='lat' dir='ltr'><strong>clienti,</strong></span> <span class='ocrx_word' id='word_1_85' title='bbox 456 1340 541 1384; x_wconf 87' lang='lat' dir='ltr'><strong>deiude</strong></span> <span class='ocrx_word' id='word_1_86' title='bbox 561 1341 663 1396; x_wconf 80' lang='lat' dir='ltr'><strong>cognato</strong></span> <span class='ocrx_word' id='word_1_87' title='bbox 683 1349 752 1390; x_wconf 88' lang='lat' dir='ltr'><strong>opem</strong></span> <span class='ocrx_word' id='word_1_88' title='bbox 772 1335 905 1379; x_wconf 80' lang='lat' dir='ltr'><strong>terendam,</strong></span> 
     </span>
    </p>
   </div>
   <div class='ocr_carea' id='block_1_9' title="bbox 189 1451 1323 1728">
    <p class='ocr_par' dir='ltr' id='par_1_9' title="bbox 189 1451 1323 1728">
     <span class='ocr_line' id='line_1_12' title="bbox 339 1451 1322 1535; baseline -0.01 -13"><span class='ocrx_word' id='word_1_89' title='bbox 339 1458 438 1523; x_wconf 89' lang='lat' dir='ltr'><strong>Iulius</strong></span> <span class='ocrx_word' id='word_1_90' title='bbox 469 1456 656 1522; x_wconf 87' lang='lat' dir='ltr'><strong>Rufinianus</strong></span> <span class='ocrx_word' id='word_1_91' title='bbox 683 1457 721 1517; x_wconf 87' lang='lat' dir='ltr'><strong>de</strong></span> <span class='ocrx_word' id='word_1_92' title='bbox 756 1451 889 1535; x_wconf 83' lang='lat' dir='ltr'><strong>Figuris</strong></span> <span class='ocrx_word' id='word_1_93' title='bbox 917 1474 951 1533; x_wconf 89' lang='lat' dir='ltr'><strong>p.</strong></span> <span class='ocrx_word' id='word_1_94' title='bbox 977 1451 1051 1512; x_wconf 77' lang='lat'><strong>201.</strong></span> <span class='ocrx_word' id='word_1_95' title='bbox 1103 1453 1322 1532; x_wconf 67' lang='lat' dir='ltr'><strong>Caesarpro</strong></span> 
     </span>
     <span class='ocr_line' id='line_1_13' title="bbox 189 1553 1323 1647; baseline -0.013 -18"><span class='ocrx_word' id='word_1_96' title='bbox 189 1601 246 1644; x_wconf 58' lang='lat' dir='ltr'><strong>s·</strong></span> <span class='ocrx_word' id='word_1_97' title='bbox 275 1561 452 1647; x_wconf 77' lang='lat' dir='ltr'><strong>Bithynis:</strong></span> <span class='ocrx_word' id='word_1_98' title='bbox 486 1559 580 1642; x_wconf 84' lang='lat' dir='ltr'><em>Quid</em></span> <span class='ocrx_word' id='word_1_99' title='bbox 609 1557 721 1640; x_wconf 69' lang='lat' dir='ltr'><strong>ergo?</strong></span> <span class='ocrx_word' id='word_1_100' title='bbox 754 1557 985 1640; x_wconf 79' lang='lat' dir='ltr'><strong>Syagraphae</strong></span> <span class='ocrx_word' id='word_1_101' title='bbox 1023 1573 1092 1616; x_wconf 86' lang='lat' dir='ltr'><strong>non</strong></span> <span class='ocrx_word' id='word_1_102' title='bbox 1125 1565 1227 1627; x_wconf 83' lang='lat' dir='ltr'><strong>sunt,</strong></span> <span class='ocrx_word' id='word_1_103' title='bbox 1263 1553 1323 1616; x_wconf 86' lang='lat' dir='ltr'><strong>sed</strong></span> 
     </span>
     <span class='ocr_line' id='line_1_14' title="bbox 275 1664 555 1728; baseline -0.007 -3"><span class='ocrx_word' id='word_1_104' title='bbox 275 1686 332 1728; x_wconf 86' lang='lat' dir='ltr'><strong>res</strong></span> <span class='ocrx_word' id='word_1_105' title='bbox 354 1664 470 1726; x_wconf 82' lang='lat' dir='ltr'><strong>atiena</strong></span> <span class='ocrx_word' id='word_1_106' title='bbox 491 1673 555 1724; x_wconf 85' lang='lat' dir='ltr'><strong>est.</strong></span> 
     </span>
    </p>
   </div>
   <div class='ocr_carea' id='block_1_10' title="bbox 484 1823 1112 1897">
    <p class='ocr_par' dir='ltr' id='par_1_10' title="bbox 484 1823 1112 1897">
     <span class='ocr_line' id='line_1_15' title="bbox 484 1823 1112 1897; baseline -0.006 -15"><span class='ocrx_word' id='word_1_107' title='bbox 484 1825 529 1882; x_wconf 78' lang='lat' dir='ltr'><strong>lt.</strong></span> <span class='ocrx_word' id='word_1_108' title='bbox 571 1825 670 1882; x_wconf 89' lang='lat' dir='ltr'><strong>Oratio</strong></span> <span class='ocrx_word' id='word_1_109' title='bbox 691 1841 743 1896; x_wconf 87' lang='lat' dir='ltr'><strong>pro</strong></span> <span class='ocrx_word' id='word_1_110' title='bbox 762 1825 838 1897; x_wconf 86' lang='lat' dir='ltr'><strong>Nysa</strong></span> <span class='ocrx_word' id='word_1_111' title='bbox 859 1825 918 1879; x_wconf 82' lang='lat' dir='ltr'><strong>filia</strong></span> <span class='ocrx_word' id='word_1_112' title='bbox 938 1823 1112 1880; x_wconf 83' lang='lat' dir='ltr'><strong>Nicomedis.</strong></span> 
     </span>
    </p>
   </div>
   <div class='ocr_carea' id='block_1_11' title="bbox 249 1933 1375 3330">
    <p class='ocr_par' dir='ltr' id='par_1_11' title="bbox 273 1933 1322 2431">
     <span class='ocr_line' id='line_1_16' title="bbox 342 1933 1321 2022; baseline -0.006 -20"><span class='ocrx_word' id='word_1_113' title='bbox 342 1941 574 2022; x_wconf 77' lang='lat' dir='ltr'><strong>Argumentum</strong></span> <span class='ocrx_word' id='word_1_114' title='bbox 590 1937 756 2001; x_wconf 85' lang='lat' dir='ltr'><strong>incertum.</strong></span> <span class='ocrx_word' id='word_1_115' title='bbox 781 1936 974 1999; x_wconf 83' lang='lat' dir='ltr'><strong>Nicomedes</strong></span> <span class='ocrx_word' id='word_1_116' title='bbox 997 1934 1109 1999; x_wconf 88' lang='lat' dir='ltr'><strong>tertius</strong></span> <span class='ocrx_word' id='word_1_117' title='bbox 1134 1933 1215 1998; x_wconf 90' lang='lat' dir='ltr'><strong>diem</strong></span> <span class='ocrx_word' id='word_1_118' title='bbox 1232 1934 1321 1998; x_wconf 89' lang='lat' dir='ltr'><strong>obie-</strong></span> 
     </span>
     <span class='ocr_line' id='line_1_17' title="bbox 273 2039 1320 2121; baseline -0.007 -16"><span class='ocrx_word' id='word_1_119' title='bbox 273 2053 373 2110; x_wconf 86' lang='lat' dir='ltr'><strong>rata.</strong></span> <span class='ocrx_word' id='word_1_120' title='bbox 398 2041 460 2103; x_wconf 88' lang='lat'><strong>680</strong></span> <span class='ocrx_word' id='word_1_121' title='bbox 480 2043 561 2120; x_wconf 75' lang='lat'><strong>(74).</strong></span> <span class='ocrx_word' id='word_1_122' title='bbox 592 2040 721 2104; x_wconf 90' lang='lat' dir='ltr'><strong>Cliuton</strong></span> <span class='ocrx_word' id='word_1_123' title='bbox 747 2039 836 2102; x_wconf 89' lang='lat' dir='ltr'><strong>Fasti</strong></span> <span class='ocrx_word' id='word_1_124' title='bbox 862 2051 884 2105; x_wconf 88' lang='lat' dir='ltr'><strong>t.</strong></span> <span class='ocrx_word' id='word_1_125' title='bbox 911 2040 941 2103; x_wconf 87' lang='lat'><strong>3.</strong></span> <span class='ocrx_word' id='word_1_126' title='bbox 965 2061 999 2121; x_wconf 93' lang='lat' dir='ltr'><strong>p.</strong></span> <span class='ocrx_word' id='word_1_127' title='bbox 1027 2039 1100 2100; x_wconf 74' lang='lat'><strong>420.</strong></span> <span class='ocrx_word' id='word_1_128' title='bbox 1135 2039 1177 2100; x_wconf 90' lang='lat' dir='ltr'><strong>Et</strong></span> <span class='ocrx_word' id='word_1_129' title='bbox 1201 2039 1320 2118; x_wconf 85' lang='lat' dir='ltr'><strong>Nysam</strong></span> 
     </span>
     <span class='ocr_line' id='line_1_18' title="bbox 273 2139 1322 2228; baseline -0.003 -21"><span class='ocrx_word' id='word_1_130' title='bbox 273 2145 371 2207; x_wconf 87' lang='lat' dir='ltr'><strong>filiam</strong></span> <span class='ocrx_word' id='word_1_131' title='bbox 388 2142 532 2228; x_wconf 85' lang='lat' dir='ltr'><strong>reliquit,</strong></span> <span class='ocrx_word' id='word_1_132' title='bbox 559 2143 714 2222; x_wconf 88' lang='lat' dir='ltr'><strong>(Orellius</strong></span> <span class='ocrx_word' id='word_1_133' title='bbox 738 2145 776 2204; x_wconf 92' lang='lat' dir='ltr'><strong>ad</strong></span> <span class='ocrx_word' id='word_1_134' title='bbox 799 2139 915 2204; x_wconf 85' lang='lat' dir='ltr'><strong>Salusti</strong></span> <span class='ocrx_word' id='word_1_135' title='bbox 943 2141 1036 2204; x_wconf 90' lang='lat' dir='ltr'><strong>Orat.</strong></span> <span class='ocrx_word' id='word_1_136' title='bbox 1062 2151 1092 2204; x_wconf 88' lang='lat' dir='ltr'><strong>et</strong></span> <span class='ocrx_word' id='word_1_137' title='bbox 1114 2139 1322 2222; x_wconf 71' lang='lat' dir='ltr'><strong>Epistedit.</strong></span> 
     </span>
     <span class='ocr_line' id='line_1_19' title="bbox 273 2241 1320 2329; baseline -0.005 -19"><span class='ocrx_word' id='word_1_138' title='bbox 273 2269 304 2310; x_wconf 90' lang='lat' dir='ltr'><strong>a.</strong></span> <span class='ocrx_word' id='word_1_139' title='bbox 330 2247 429 2310; x_wconf 85' lang='grc'><strong>1831.</strong></span> <span class='ocrx_word' id='word_1_140' title='bbox 462 2270 496 2329; x_wconf 90' lang='lat' dir='ltr'><strong>p.</strong></span> <span class='ocrx_word' id='word_1_141' title='bbox 525 2247 591 2323; x_wconf 79' lang='lat'><strong>52.)</strong></span> <span class='ocrx_word' id='word_1_142' title='bbox 626 2266 687 2327; x_wconf 91' lang='lat' dir='ltr'><strong>pro</strong></span> <span class='ocrx_word' id='word_1_143' title='bbox 718 2267 780 2329; x_wconf 87' lang='lat' dir='ltr'><strong>qua</strong></span> <span class='ocrx_word' id='word_1_144' title='bbox 807 2265 930 2306; x_wconf 88' lang='lat' dir='ltr'><strong>causam</strong></span> <span class='ocrx_word' id='word_1_145' title='bbox 958 2241 1067 2306; x_wconf 88' lang='lat' dir='ltr'><strong>neseio</strong></span> <span class='ocrx_word' id='word_1_146' title='bbox 1094 2264 1186 2326; x_wconf 90' lang='lat' dir='ltr'><strong>quam</strong></span> <span class='ocrx_word' id='word_1_147' title='bbox 1212 2263 1320 2305; x_wconf 88' lang='lat' dir='ltr'><strong>susee-</strong></span> 
     </span>
     <span class='ocr_line' id='line_1_20' title="bbox 274 2348 522 2431; baseline 0 -19"><span class='ocrx_word' id='word_1_148' title='bbox 274 2359 366 2431; x_wconf 88' lang='lat' dir='ltr'><strong>perat</strong></span> <span class='ocrx_word' id='word_1_149' title='bbox 390 2348 522 2412; x_wconf 89' lang='lat' dir='ltr'><strong>Caesar.</strong></span> 
     </span>
    </p>

    <p class='ocr_par' dir='ltr' id='par_1_12' title="bbox 273 2447 1321 2635">
     <span class='ocr_line' id='line_1_21' title="bbox 338 2447 1321 2532; baseline -0.002 -19"><span class='ocrx_word' id='word_1_150' title='bbox 338 2452 426 2513; x_wconf 90' lang='lat' dir='ltr'><strong>Suet.</strong></span> <span class='ocrx_word' id='word_1_151' title='bbox 452 2449 548 2515; x_wconf 87' lang='lat' dir='ltr'><strong>Caes.</strong></span> <span class='ocrx_word' id='word_1_152' title='bbox 573 2452 626 2514; x_wconf 76' lang='grc'><strong>19.</strong></span> <span class='ocrx_word' id='word_1_153' title='bbox 672 2448 793 2514; x_wconf 85' lang='lat' dir='ltr'><strong>Cicero</strong></span> <span class='ocrx_word' id='word_1_154' title='bbox 819 2469 886 2511; x_wconf 86' lang='lat' dir='ltr'><strong>non</strong></span> <span class='ocrx_word' id='word_1_155' title='bbox 911 2461 1110 2524; x_wconf 82' lang='lat' dir='ltr'><strong>eontentus,</strong></span> <span class='ocrx_word' id='word_1_156' title='bbox 1131 2447 1167 2510; x_wconf 88' lang='lat' dir='ltr'><strong>in</strong></span> <span class='ocrx_word' id='word_1_157' title='bbox 1183 2448 1321 2532; x_wconf 81' lang='lat' dir='ltr'><strong>quibus-</strong></span> 
     </span>
     <span class='ocr_line' id='line_1_22' title="bbox 273 2551 1319 2635; baseline -0.002 -21"><span class='ocrx_word' id='word_1_158' title='bbox 273 2554 354 2615; x_wconf 86' lang='lat' dir='ltr'><strong>dam</strong></span> <span class='ocrx_word' id='word_1_159' title='bbox 371 2553 522 2635; x_wconf 85' lang='lat' dir='ltr'><strong>epistolis</strong></span> <span class='ocrx_word' id='word_1_160' title='bbox 544 2552 741 2634; x_wconf 81' lang='lat' dir='ltr'><strong>scripsisse,</strong></span> <span class='ocrx_word' id='word_1_161' title='bbox 759 2572 782 2611; x_wconf 86' lang='grc' dir='ltr'><em>α</em></span> <span class='ocrx_word' id='word_1_162' title='bbox 802 2551 1007 2613; x_wconf 80' lang='lat' dir='ltr'><strong>satellitibus</strong></span> <span class='ocrx_word' id='word_1_163' title='bbox 1031 2573 1109 2614; x_wconf 83' lang='lat' dir='ltr'><strong>enm</strong></span> <span class='ocrx_word' id='word_1_164' title='bbox 1126 2552 1162 2615; x_wconf 90' lang='lat' dir='ltr'><strong>in</strong></span> <span class='ocrx_word' id='word_1_165' title='bbox 1183 2551 1319 2614; x_wconf 82' lang='lat' dir='ltr'><strong>eubicu-</strong></span> 
     </span>
    </p>

    <p class='ocr_par' dir='ltr' id='par_1_13' title="bbox 249 2654 1375 3330">
     <span class='ocr_line' id='line_1_23' title="bbox 249 2654 1320 2738; baseline -0.002 -21"><span class='ocrx_word' id='word_1_166' title='bbox 249 2675 253 2686; x_wconf 91' lang='lat'>·</span> <span class='ocrx_word' id='word_1_167' title='bbox 273 2657 345 2718; x_wconf 80' lang='lat' dir='ltr'><strong>lum</strong></span> <span class='ocrx_word' id='word_1_168' title='bbox 372 2655 509 2738; x_wconf 84' lang='lat' dir='ltr'><strong>reginm</strong></span> <span class='ocrx_word' id='word_1_169' title='bbox 530 2654 706 2729; x_wconf 81' lang='lat' dir='ltr'><strong>eductum,</strong></span> <span class='ocrx_word' id='word_1_170' title='bbox 730 2654 765 2713; x_wconf 89' lang='lat' dir='ltr'><strong>in</strong></span> <span class='ocrx_word' id='word_1_171' title='bbox 788 2674 895 2716; x_wconf 82' lang='lat' dir='ltr'><strong>aureo</strong></span> <span class='ocrx_word' id='word_1_172' title='bbox 921 2657 1008 2716; x_wconf 86' lang='lat' dir='ltr'><strong>teoto</strong></span> <span class='ocrx_word' id='word_1_173' title='bbox 1030 2666 1121 2716; x_wconf 87' lang='lat' dir='ltr'><strong>veste</strong></span> <span class='ocrx_word' id='word_1_174' title='bbox 1140 2674 1320 2736; x_wconf 79' lang='lat' dir='ltr'><strong>purpurea</strong></span> 
     </span>
     <span class='ocr_line' id='line_1_24' title="bbox 276 2755 1320 2848; baseline 0 -30"><span class='ocrx_word' id='word_1_175' title='bbox 276 2757 484 2831; x_wconf 82' lang='lat' dir='ltr'><strong>decubuisse,</strong></span> <span class='ocrx_word' id='word_1_176' title='bbox 490 2755 696 2848; x_wconf 83' lang='lat' dir='ltr'><strong>floremque</strong></span> <span class='ocrx_word' id='word_1_177' title='bbox 716 2756 842 2817; x_wconf 83' lang='lat' dir='ltr'><strong>aetatis</strong></span> <span class='ocrx_word' id='word_1_178' title='bbox 865 2777 888 2816; x_wconf 89' lang='lat' dir='ltr'><strong>a</strong></span> <span class='ocrx_word' id='word_1_179' title='bbox 915 2759 1046 2820; x_wconf 82' lang='lat' dir='ltr'><strong>Venere</strong></span> <span class='ocrx_word' id='word_1_180' title='bbox 1063 2757 1133 2819; x_wconf 87' lang='lat' dir='ltr'><strong>orti</strong></span> <span class='ocrx_word' id='word_1_181' title='bbox 1146 2757 1182 2817; x_wconf 88' lang='lat' dir='ltr'><strong>in</strong></span> <span class='ocrx_word' id='word_1_182' title='bbox 1199 2757 1320 2840; x_wconf 80' lang='lat' dir='ltr'><strong>Bithy·</strong></span> 
     </span>
     <span class='ocr_line' id='line_1_25' title="bbox 274 2855 1320 2941; baseline -0.002 -22"><span class='ocrx_word' id='word_1_183' title='bbox 274 2859 335 2921; x_wconf 87' lang='lat' dir='ltr'><strong>nia</strong></span> <span class='ocrx_word' id='word_1_184' title='bbox 358 2859 645 2931; x_wconf 81' lang='lat' dir='ltr'><strong>contaminatum,</strong></span> <span class='ocrx_word' id='word_1_185' title='bbox 670 2858 843 2941; x_wconf 79' lang='lat' dir='ltr'><strong>quondam</strong></span> <span class='ocrx_word' id='word_1_186' title='bbox 865 2858 969 2920; x_wconf 86' lang='lat' dir='ltr'><strong>etiam</strong></span> <span class='ocrx_word' id='word_1_187' title='bbox 995 2859 1029 2920; x_wconf 88' lang='lat' dir='ltr'><strong>in</strong></span> <span class='ocrx_word' id='word_1_188' title='bbox 1052 2870 1174 2920; x_wconf 81' lang='lat' dir='ltr'><strong>senatu</strong></span> <span class='ocrx_word' id='word_1_189' title='bbox 1195 2855 1320 2940; x_wconf 82' lang='lat' dir='ltr'><strong>defen-</strong></span> 
     </span>
     <span class='ocr_line' id='line_1_26' title="bbox 274 2958 1318 3044; baseline 0 -23"><span class='ocrx_word' id='word_1_190' title='bbox 274 2959 369 3022; x_wconf 85' lang='lat' dir='ltr'><strong>denti</strong></span> <span class='ocrx_word' id='word_1_191' title='bbox 394 2962 517 3044; x_wconf 77' lang='lat' dir='ltr'><strong>Nysae</strong></span> <span class='ocrx_word' id='word_1_192' title='bbox 540 2981 692 3035; x_wconf 81' lang='lat' dir='ltr'><strong>causam,</strong></span> <span class='ocrx_word' id='word_1_193' title='bbox 715 2961 816 3038; x_wconf 77' lang='lat' dir='ltr'><strong>filiae</strong></span> <span class='ocrx_word' id='word_1_194' title='bbox 842 2959 1061 3035; x_wconf 85' lang='lat' dir='ltr'><strong>Nicomedis,</strong></span> <span class='ocrx_word' id='word_1_195' title='bbox 1085 2958 1318 3042; x_wconf 81' lang='lat' dir='ltr'><strong>beneficiaque</strong></span> 
     </span>
     <span class='ocr_line' id='line_1_27' title="bbox 273 3053 1375 3147; baseline -0.001 -24"><span class='ocrx_word' id='word_1_196' title='bbox 273 3060 368 3144; x_wconf 87' lang='lat' dir='ltr'><strong>regis</strong></span> <span class='ocrx_word' id='word_1_197' title='bbox 396 3061 432 3121; x_wconf 89' lang='lat' dir='ltr'><strong>in</strong></span> <span class='ocrx_word' id='word_1_198' title='bbox 463 3083 499 3122; x_wconf 85' lang='lat' dir='ltr'><strong>se</strong></span> <span class='ocrx_word' id='word_1_199' title='bbox 526 3063 825 3140; x_wconf 82' lang='lat' dir='ltr'><strong>eonrmemoranti,</strong></span> <span class='ocrx_word' id='word_1_200' title='bbox 852 3066 1017 3138; x_wconf 85' lang='lat' dir='ltr'><strong>Remove,</strong></span> <span class='ocrx_word' id='word_1_201' title='bbox 1045 3061 1176 3147; x_wconf 85' lang='lat' dir='ltr'><strong>inqnit,</strong></span> <span class='ocrx_word' id='word_1_202' title='bbox 1200 3062 1315 3135; x_wconf 82' lang='lat' dir='ltr'><strong>istaec,</strong></span> <span class='ocrx_word' id='word_1_203' title='bbox 1373 3053 1375 3056; x_wconf 39' lang='lat'>¹</span> 
     </span>
     <span class='ocr_line' id='line_1_28' title="bbox 273 3163 1321 3250; baseline 0.001 -26"><span class='ocrx_word' id='word_1_204' title='bbox 273 3183 337 3225; x_wconf 90' lang='lat' dir='ltr'><strong>oro</strong></span> <span class='ocrx_word' id='word_1_205' title='bbox 361 3173 414 3237; x_wconf 85' lang='lat' dir='ltr'><strong>te,</strong></span> <span class='ocrx_word' id='word_1_206' title='bbox 436 3164 574 3246; x_wconf 79' lang='lat' dir='ltr'><strong>quando</strong></span> <span class='ocrx_word' id='word_1_207' title='bbox 594 3179 714 3229; x_wconf 81' lang='lat' dir='ltr'><strong>notram</strong></span> <span class='ocrx_word' id='word_1_208' title='bbox 740 3180 808 3240; x_wconf 85' lang='lat' dir='ltr'><strong>est,</strong></span> <span class='ocrx_word' id='word_1_209' title='bbox 836 3178 869 3227; x_wconf 88' lang='lat' dir='ltr'><strong>et</strong></span> <span class='ocrx_word' id='word_1_210' title='bbox 896 3167 980 3250; x_wconf 82' lang='lat' dir='ltr'><strong>quid</strong></span> <span class='ocrx_word' id='word_1_211' title='bbox 1004 3166 1060 3228; x_wconf 88' lang='lat' dir='ltr'><strong>ille</strong></span> <span class='ocrx_word' id='word_1_212' title='bbox 1086 3166 1165 3239; x_wconf 87' lang='lat' dir='ltr'><strong>tibi,</strong></span> <span class='ocrx_word' id='word_1_213' title='bbox 1188 3163 1321 3248; x_wconf 80' lang='lat' dir='ltr'><strong>etquid</strong></span> 
     </span>
     <span class='ocr_line' id='line_1_29' title="bbox 272 3262 586 3330; baseline 0.01 -5"><span class='ocrx_word' id='word_1_214' title='bbox 272 3262 415 3325; x_wconf 72' lang='lat' dir='ltr'><strong>itiitere</strong></span> <span class='ocrx_word' id='word_1_215' title='bbox 437 3264 586 3330; x_wconf 82' lang='lat' dir='ltr'><strong>dederis.</strong></span> 
     </span>
    </p>
   </div>
   <div class='ocr_carea' id='block_1_12' title="bbox 591 3434 1000 3504">
    <p class='ocr_par' dir='ltr' id='par_1_14' title="bbox 591 3434 1000 3504">
     <span class='ocr_line' id='line_1_30' title="bbox 591 3434 1000 3504; baseline -0.002 -15"><span class='ocrx_word' id='word_1_216' title='bbox 591 3435 636 3491; x_wconf 85' lang='lat'><strong>15.</strong></span> <span class='ocrx_word' id='word_1_217' title='bbox 677 3434 776 3491; x_wconf 78' lang='lat' dir='ltr'><strong>Oratio</strong></span> <span class='ocrx_word' id='word_1_218' title='bbox 796 3450 848 3504; x_wconf 88' lang='lat' dir='ltr'><strong>pro</strong></span> <span class='ocrx_word' id='word_1_219' title='bbox 869 3435 1000 3490; x_wconf 84' lang='lat' dir='ltr'><strong>Sextilio.</strong></span> 
     </span>
    </p>
   </div>
   <div class='ocr_carea' id='block_1_13' title="bbox 272 3542 1317 4017">
    <p class='ocr_par' dir='ltr' id='par_1_15' title="bbox 272 3542 1317 4017">
     <span class='ocr_line' id='line_1_31' title="bbox 335 3542 1317 3627; baseline 0.002 -21"><span class='ocrx_word' id='word_1_220' title='bbox 335 3546 426 3608; x_wconf 90' lang='lat' dir='ltr'><strong>Haeo</strong></span> <span class='ocrx_word' id='word_1_221' title='bbox 442 3547 547 3609; x_wconf 88' lang='lat' dir='ltr'><strong>oratio</strong></span> <span class='ocrx_word' id='word_1_222' title='bbox 564 3567 678 3609; x_wconf 88' lang='lat' dir='ltr'><strong>errore</strong></span> <span class='ocrx_word' id='word_1_223' title='bbox 703 3545 742 3607; x_wconf 87' lang='lat' dir='ltr'><strong>C.</strong></span> <span class='ocrx_word' id='word_1_224' title='bbox 766 3543 899 3608; x_wconf 83' lang='lat' dir='ltr'><strong>Caesari</strong></span> <span class='ocrx_word' id='word_1_225' title='bbox 926 3544 1024 3627; x_wconf 87' lang='lat' dir='ltr'><strong>vulgo</strong></span> <span class='ocrx_word' id='word_1_226' title='bbox 1041 3542 1213 3606; x_wconf 81' lang='lat' dir='ltr'><strong>tribuitur:</strong></span> <span class='ocrx_word' id='word_1_227' title='bbox 1233 3543 1317 3608; x_wconf 91' lang='lat' dir='ltr'><strong>Cae·</strong></span> 
     </span>
     <span class='ocr_line' id='line_1_32' title="bbox 272 3645 1316 3731; baseline 0.003 -23"><span class='ocrx_word' id='word_1_228' title='bbox 272 3645 336 3708; x_wconf 87' lang='lat' dir='ltr'><strong>sari</strong></span> <span class='ocrx_word' id='word_1_229' title='bbox 352 3647 600 3711; x_wconf 86' lang='lat' dir='ltr'><strong>Strabonienim</strong></span> <span class='ocrx_word' id='word_1_230' title='bbox 629 3645 850 3708; x_wconf 87' lang='lat' dir='ltr'><strong>vindicandam</strong></span> <span class='ocrx_word' id='word_1_231' title='bbox 876 3667 944 3709; x_wconf 88' lang='lat' dir='ltr'><strong>esse</strong></span> <span class='ocrx_word' id='word_1_232' title='bbox 968 3668 1064 3728; x_wconf 88' lang='lat' dir='ltr'><strong>supra</strong></span> <span class='ocrx_word' id='word_1_233' title='bbox 1087 3645 1224 3708; x_wconf 85' lang='lat' dir='ltr'><strong>diximus</strong></span> <span class='ocrx_word' id='word_1_234' title='bbox 1239 3668 1316 3731; x_wconf 86' lang='lat' dir='ltr'><strong>pag.</strong></span> 
     </span>
     <span class='ocr_line' id='line_1_33' title="bbox 273 3745 1317 3814; baseline 0.003 -5"><span class='ocrx_word' id='word_1_235' title='bbox 273 3748 346 3813; x_wconf 79' lang='grc'><strong>335.</strong></span> <span class='ocrx_word' id='word_1_236' title='bbox 368 3748 520 3812; x_wconf 85' lang='lat' dir='ltr'><strong>Similiter</strong></span> <span class='ocrx_word' id='word_1_237' title='bbox 541 3745 625 3808; x_wconf 90' lang='lat' dir='ltr'><strong>Iulio</strong></span> <span class='ocrx_word' id='word_1_238' title='bbox 647 3745 780 3810; x_wconf 82' lang='lat' dir='ltr'><strong>Caesari</strong></span> <span class='ocrx_word' id='word_1_239' title='bbox 808 3747 913 3814; x_wconf 87' lang='lat' dir='ltr'><strong>oratio</strong></span> <span class='ocrx_word' id='word_1_240' title='bbox 929 3748 961 3812; x_wconf 90' lang='lat' dir='ltr'><strong>iu</strong></span> <span class='ocrx_word' id='word_1_241' title='bbox 984 3747 1136 3811; x_wconf 85' lang='lat' dir='ltr'><strong>Helvium</strong></span> <span class='ocrx_word' id='word_1_242' title='bbox 1153 3748 1317 3812; x_wconf 86' lang='lat' dir='ltr'><strong>Manciam</strong></span> 
     </span>
     <span class='ocr_line' id='line_1_34' title="bbox 272 3845 1316 3936; baseline 0.001 -24"><span class='ocrx_word' id='word_1_243' title='bbox 272 3850 425 3913; x_wconf 74' lang='lat' dir='ltr'><strong>tribuitur</strong></span> <span class='ocrx_word' id='word_1_244' title='bbox 447 3849 480 3910; x_wconf 90' lang='lat' dir='ltr'><strong>in</strong></span> <span class='ocrx_word' id='word_1_245' title='bbox 507 3845 634 3910; x_wconf 85' lang='lat' dir='ltr'><strong>Lexioo</strong></span> <span class='ocrx_word' id='word_1_246' title='bbox 669 3848 903 3928; x_wconf 83' lang='lat' dir='ltr'><strong>Quintiliaueo,</strong></span> <span class='ocrx_word' id='word_1_247' title='bbox 937 3874 1016 3936; x_wconf 90' lang='lat' dir='ltr'><strong>quae</strong></span> <span class='ocrx_word' id='word_1_248' title='bbox 1051 3851 1200 3916; x_wconf 88' lang='lat' dir='ltr'><strong>Caesaris</strong></span> <span class='ocrx_word' id='word_1_249' title='bbox 1227 3851 1316 3914; x_wconf 86' lang='lat' dir='ltr'><strong>Stra-</strong></span> 
     </span>
     <span class='ocr_line' id='line_1_35' title="bbox 272 3950 446 4017; baseline -0.006 -3"><span class='ocrx_word' id='word_1_250' title='bbox 272 3950 364 4017; x_wconf 87' lang='lat' dir='ltr'><strong>bonis</strong></span> <span class='ocrx_word' id='word_1_251' title='bbox 387 3962 446 4014; x_wconf 89' lang='lat' dir='ltr'><strong>est.</strong></span> 
     </span>
    </p>
   </div>
   <div class='ocr_carea' id='block_1_14' title="bbox 515 4089 1060 4165">
    <p class='ocr_par' dir='ltr' id='par_1_16' title="bbox 515 4089 1060 4165">
     <span class='ocr_line' id='line_1_36' title="bbox 515 4089 1060 4165; baseline 0.009 -18"><span class='ocrx_word' id='word_1_252' title='bbox 515 4089 646 4148; x_wconf 79' lang='lat' dir='ltr'><strong>Lxxxt.</strong></span> <span class='ocrx_word' id='word_1_253' title='bbox 686 4092 727 4152; x_wconf 81' lang='lat' dir='ltr'><strong>tl.</strong></span> <span class='ocrx_word' id='word_1_254' title='bbox 751 4093 915 4165; x_wconf 67' lang='lat' dir='ltr'><strong>Calpas-ntus</strong></span> <span class='ocrx_word' id='word_1_255' title='bbox 934 4096 1060 4153; x_wconf 76' lang='lat' dir='ltr'><strong>Bibulus.</strong></span> 
     </span>
    </p>
   </div>
   <div class='ocr_carea' id='block_1_15' title="bbox 270 4200 1315 4387">
    <p class='ocr_par' dir='ltr' id='par_1_17' title="bbox 270 4200 1315 4387">
     <span class='ocr_line' id='line_1_37' title="bbox 333 4200 1315 4292; baseline 0.005 -31"><span class='ocrx_word' id='word_1_256' title='bbox 333 4200 488 4285; x_wconf 88' lang='lat' dir='ltr'><strong>Aequalis</strong></span> <span class='ocrx_word' id='word_1_257' title='bbox 503 4201 578 4266; x_wconf 92' lang='lat' dir='ltr'><strong>Iulii</strong></span> <span class='ocrx_word' id='word_1_258' title='bbox 594 4203 762 4269; x_wconf 87' lang='lat' dir='ltr'><strong>Caesaris:</strong></span> <span class='ocrx_word' id='word_1_259' title='bbox 792 4207 994 4292; x_wconf 86' lang='lat' dir='ltr'><strong>magistratus</strong></span> <span class='ocrx_word' id='word_1_260' title='bbox 1019 4207 1100 4271; x_wconf 89' lang='lat' dir='ltr'><strong>enim</strong></span> <span class='ocrx_word' id='word_1_261' title='bbox 1122 4228 1203 4291; x_wconf 87' lang='lat' dir='ltr'><strong>pene</strong></span> <span class='ocrx_word' id='word_1_262' title='bbox 1219 4225 1315 4267; x_wconf 86' lang='lat' dir='ltr'><strong>eune·</strong></span> 
     </span>
     <span class='ocr_line' id='line_1_38' title="bbox 270 4303 1314 4387; baseline 0.013 -31"><span class='ocrx_word' id='word_1_263' title='bbox 270 4306 321 4360; x_wconf 90' lang='lat' dir='ltr'><strong>tos</strong></span> <span class='ocrx_word' id='word_1_264' title='bbox 343 4303 455 4366; x_wconf 87' lang='lat' dir='ltr'><strong>eodem</strong></span> <span class='ocrx_word' id='word_1_265' title='bbox 486 4325 568 4371; x_wconf 88' lang='lat' dir='ltr'><strong>anuo</strong></span> <span class='ocrx_word' id='word_1_266' title='bbox 601 4308 752 4374; x_wconf 88' lang='lat' dir='ltr'><strong>obtinuit.</strong></span> <span class='ocrx_word' id='word_1_267' title='bbox 789 4311 913 4376; x_wconf 87' lang='lat' dir='ltr'><strong>Aedilis</strong></span> <span class='ocrx_word' id='word_1_268' title='bbox 940 4310 1060 4374; x_wconf 88' lang='lat' dir='ltr'><strong>curulis</strong></span> <span class='ocrx_word' id='word_1_269' title='bbox 1087 4331 1116 4372; x_wconf 89' lang='lat' dir='ltr'><strong>a.</strong></span> <span class='ocrx_word' id='word_1_270' title='bbox 1148 4309 1209 4372; x_wconf 81' lang='lat'><strong>689</strong></span> <span class='ocrx_word' id='word_1_271' title='bbox 1233 4307 1314 4387; x_wconf 82' lang='lat'><strong>(65).</strong></span> 
     </span>
    </p>
   </div>
   <div class='ocr_carea' id='block_1_16' title="bbox 0 0 1496 4842">
    <p class='ocr_par' dir='ltr' id='par_1_18' title="bbox 0 0 1496 4842">
     <span class='ocr_line' id='line_1_39' title="bbox 0 0 1496 4842; baseline 0 1"><span class='ocrx_word' id='word_1_272' title='bbox 0 0 1496 4842; x_wconf 95' lang='lat' dir='ltr'><strong> </strong></span> 
     </span>
    </p>
   </div>
  </div>
 </body>
</html>
