2992 4844
236 347 298 412 stt

306 505 495 587 Quintilian.
522 509 589 584 XI,
614 509 650 584 3,
672 507 725 574 35.
775 503 957 570 Laudatur
980 502 1015 565 in
1038 505 1162 568 Catulo
1176 503 1293 567 suctus

240 611 427 694 appellatio
448 612 657 675 litterarum.

441 823 470 882 1.
511 825 651 882 Laudatlo
672 824 800 881 funebris
821 807 960 895 Popillius
979 822 1090 878 matris.

303 955 376 1020 Cic.
413 958 450 1018 de
484 957 576 1026 Orat,
605 957 642 1031 3,
676 959 734 1033 11,
768 957 820 1017 11.
875 959 916 1020 In
940 977 980 1018 eo
1001 953 1139 1038 quidem
1165 973 1290 1034 genere

242 1058 485 1139 (laudationum)
502 1061 574 1121 scio
591 1071 624 1120 et
639 1081 691 1120 me
707 1071 739 1120 et
752 1079 881 1130 omnes,
907 1057 965 1140 qui
977 1054 1169 1143 affirerunt,
1184 1056 1289 1117 delec-

239 1174 331 1225 tatos
347 1183 417 1224 esse
432 1165 657 1234 uehementer,
674 1184 751 1223 cum
775 1161 837 1222 abs
855 1173 899 1232 te,
918 1163 1048 1232 Catule,
1065 1169 1117 1220 est
1132 1158 1289 1240 Popillia,

239 1277 350 1326 mater·
381 1277 505 1338 vestra,
530 1265 685 1339 laudata,
707 1265 763 1324 eui
780 1263 935 1345 primum
959 1263 1096 1323 mulieri
1121 1263 1209 1322 hunc
1229 1263 1289 1324 ho·

240 1388 359 1431 norem
380 1367 415 1428 in
436 1379 558 1430 nostra
579 1367 715 1429 ciuitate
738 1366 905 1428 tributum
927 1377 1027 1447 puto.

274 1514 316 1557 cui
331 1515 444 1570 primurn
463 1510 575 1570 mulieri]
612 1526 636 1555 v.
659 1514 769 1556 Kreuzer
786 1510 1031 1566 Rutunntqmtiun
1055 1524 1078 1564 p.
1106 1505 1176 1562 iil„
1202 1510 1239 1552 ubi
1261 1511 1288 1552 de

311 1602 485 1644 laudationibus
504 1601 632 1644 mulierum
660 1601 753 1643 locutus
771 1605 816 1642 est.
854 1597 950 1642 Ellendt
971 1600 999 1641 ed
1029 1599 1051 1644 h.
1069 1599 1086 1645 l.
1119 1597 1214 1640 scribit:
1236 1611 1288 1640 ma·

313 1686 592 1732 tronieeumlronorern
611 1687 730 1731 tributum
750 1701 805 1730 essa
826 1692 884 1743 poet
902 1687 1033 1730 tumultum
1053 1685 1180 1730 Gallicum
1203 1683 1290 1728 Livius

314 1782 406 1820 narrat
427 1778 444 1820 1.
471 1775 494 1829 5,
520 1770 562 1823 50.
599 1774 683 1835 (luere
708 1787 776 1817 more
799 1773 842 1818 diu
864 1775 1010 1818 intermisso
1022 1771 1124 1832 suctum
1142 1787 1198 1817 esee
1219 1778 1288 1828 puto,

313 1869 339 1908 ut
359 1865 455 1907 nullius
476 1870 534 1907 ante
552 1863 676 1921 Popilium
694 1863 810 1906 mulier-ie
829 1876 876 1920 pro
894 1865 1013 1908 concione
1033 1861 1151 1908 laudatae
1169 1862 1290 1906 meritorio

309 1953 407 2010 scripta
432 1957 542 1998 extaret.

441 2146 528 2205 XLV.
572 2146 606 2216 Q.
629 2147 762 2206 Caecilius
780 2148 904 2208 Metellus
923 2148 1096 2206 Numidicus.

303 2277 467 2340 Drumann
502 2281 602 2342 Roms
637 2279 832 2342 Gesehiehte
865 2281 907 2340 T.
949 2281 978 2344 2.
1010 2300 1044 2359 p.
1077 2280 1133 2351 37,
1165 2277 1288 2351 scribit,

241 2380 408 2444 Metellum
439 2393 620 2460 praetorem
654 2382 751 2446 fuisse
784 2403 810 2446 a.
841 2383 902 2444 6th
930 2382 1036 2461 (tlt),
1068 2403 1150 2443 anuo
1178 2379 1290 2442 deiude

242 2482 386 2567 sequenti
407 2483 546 2546 Siciliam
571 2485 771 2565 provinciam
797 2484 988 2559 obtinuisse,
1013 2495 1043 2546 et
1063 2506 1092 2546 a.
1116 2483 1176 2546 511
1199 2484 1290 2563 (110)

241 2606 423 2660 reversum,
454 2590 699 2668 repetundarum
731 2589 923 2668 postulatum
948 2599 979 2649 et
1002 2588 1179 2649 absolutum
1208 2607 1286 2649 esse.

241 2686 362 2750 Consul
389 2687 450 2750 suit
472 2709 501 2752 a.
527 2689 587 2750 515
611 2691 699 2769 (109)
734 2701 765 2753 et
795 2691 879 2752 bello
904 2701 1016 2754 eontra
1041 2691 1231 2772 Iugurtham
1258 2687 1289 2750 in

240 2788 389 2851 Numidia
417 2803 507 2873 gesto
541 2812 719 2873 cognomen
744 2792 906 2854 Numidici
940 2792 1063 2855 meruit.
1104 2790 1231 2854 Censor
1258 2811 1288 2851 a.

241 2891 302 2954 652
329 2893 432 2972 (103).
478 2895 595 2956 Postea
620 2916 648 2958 a.
671 2896 732 2956 551
757 2895 844 2978 (100)
874 2917 933 2977 per
960 2895 1100 2957 Marium
1128 2893 1287 2955 consulem

239 2992 271 3055 in
294 2994 425 3056 exilium
450 2994 600 3073 elicitur,
623 3000 704 3059 unde
728 3020 755 3064 a.
780 3000 839 3060 055
860 2999 926 3076 (99)
950 2995 1139 3059 restituitur.

305 3095 424 3160 Cicero
450 3099 551 3162 Bruto
584 3122 613 3162 c.
650 3100 704 3163 35.
753 3105 797 3184 Q.
825 3103 989 3164 Metellus
1026 3099 1233 3164 Numidicus
1257 3110 1291 3160 et

243 3198 318 3260 eius
333 3201 467 3282 collega
491 3204 546 3263 M.
575 3203 714 3265 Silanus
741 3205 895 3265 dicebant
920 3204 960 3264 ale
982 3226 1018 3264 re
1031 3203 1179 3283 publiea,
1199 3201 1291 3284 quod

241 3313 330 3363 esset
357 3302 424 3364 illis
449 3303 534 3365 uiris
553 3316 585 3366 et
610 3308 786 3368 consulari
810 3306 976 3388 dignitati
996 3305 1094 3366 satis.

305 3405 506 3468 Drumaunus
539 3408 643 3469 locum
687 3411 727 3469 de
761 3409 904 3472 Oratore
934 3411 971 3482 1,
1004 3409 1055 3471 19.
1082 3410 1142 3468 huc
1175 3405 1287 3480 refert,

243 3527 336 3590 quem
350 3511 494 3571 Metello
509 3509 736 3573 Macedonico
756 3511 865 3594 potius
889 3511 1110 3574 vindicandum
1132 3507 1287 3571 arbitror.

241 3611 287 3671 V.
311 3632 344 3691 p.
371 3609 444 3673 159.

307 3712 451 3774 Velleius
465 3713 495 3790 9,
522 3715 553 3777 9.
598 3717 729 3781 Eodem
754 3729 868 3778 tractu
891 3729 1085 3800 temporum
1113 3715 1290 3776 nituerunt

240 3825 397 3878 oratores
419 3817 534 3897 Scipio
557 3819 789 3894 Aemilianus,
816 3821 1038 3904 Laeliusque,
1065 3823 1140 3882 Ser.
1166 3817 1287 3891 Galba,

241 3918 310 3980 duo
342 3920 505 3994 Gracchi,
547 3924 585 3984 C.
623 3922 790 3997 Fannius,
831 3923 942 3986 Cardo
979 3922 1155 4002 Papirius.
1217 3921 1290 3984 Neo

242 4021 515 4103 praetereundus
544 4025 751 4086 Metellus
790 4026 1052 4088 Numidicus
1075 4037 1108 4085 et
1138 4027 1290 4086 Scaurus

243 4133 276 4183 et
292 4133 372 4184 ante
390 4143 507 4185 omnes
530 4127 572 4186 L.
594 4128 743 4189 Crassus
765 4139 798 4189 et
820 4132 876 4192 M.
900 4128 1087 4192 Antonius.
1132 4129 1290 4208 Quorum

242 4224 349 4285 aetati
385 4225 599 4308 ingeniisque
620 4249 813 4292 successere
846 4235 884 4295 C.
925 4234 1054 4295 Caesar
1081 4228 1224 4300 Strabo,
1249 4229 1288 4290 P.

244 4325 426 4404 Sulpicius.
