2966 4842
1146 351 1206 417 titt

223 514 350 580 Plinius
371 514 459 578 Hist.
484 515 559 576 Nat.
585 516 728 584 Praefat.
751 513 809 576 lib.
837 514 941 587 1,.11.
971 513 1044 577 Nec
1060 513 1209 576 Plancus

163 619 318 700 illepide,
342 641 419 679 cum
451 617 623 680 diceretur
645 617 789 682 Asinius
819 617 930 680 Pollio
963 614 1139 679 orationes
1172 613 1208 673 in

124 723 130 738 ‘
157 743 237 784 eum
257 739 404 802 parare,
429 739 516 801 quoe
538 721 580 782 ab
602 721 678 802 ipso
712 731 773 781 aut
800 719 916 781 liberis
946 728 1027 799 post
1065 727 1208 778 mortem

159 824 279 887 Planci
299 821 491 898 ederentur,
517 843 558 884 ne
581 822 787 904 respondere
807 833 945 906 posset:
960 824 1044 884 Cum
1062 817 1208 880 mortuis

159 925 298 989 nonnisi
319 927 434 986 laruas
456 925 593 986 luctari.
617 929 694 1007 Quo
716 925 808 987 dicto
830 925 879 986 sic
894 922 1100 1006 repercussit
1117 920 1206 995 illas,

158 1039 198 1090 ut
219 1027 316 1110 apud
334 1025 492 1092 eruditos
513 1027 599 1094 nihil
620 1025 853 1109 impudentius
876 1025 1059 1090 iudicetur.

352 1167 399 1224 10.
428 1165 581 1223 Orationes
602 1171 702 1239 eontra
724 1167 878 1224 maledieta
899 1165 1028 1222 Antonii.

227 1278 344 1344 Oratio
368 1277 452 1341 dicta
476 1279 601 1341 videtur
623 1299 652 1340 a.
680 1279 738 1340 722
761 1278 842 1356 (st).
889 1276 954 1340 Dio
978 1275 1069 1339 Cass.
1099 1277 1152 1352 50,
1176 1274 1208 1337 l.

161 1380 297 1446 Constat
320 1381 404 1443 inter
426 1392 584 1456 auctores,
610 1380 755 1443 Asinium
774 1379 952 1443 Pollionem
976 1379 1050 1441 inde
1072 1379 1112 1440 ab
1128 1399 1210 1440 anno

163 1486 223 1547 715
247 1484 325 1562 (39),
350 1504 415 1567 quo
440 1505 521 1546 anno
543 1481 696 1564 triumphi
720 1485 875 1545 honorem
900 1481 1031 1555 meruit,
1066 1502 1083 1542 a
1116 1502 1212 1562 repu-

165 1585 249 1650 blica
278 1587 395 1668 procul
427 1585 565 1660 vixisse,
595 1599 627 1646 et
648 1586 842 1660 Antonium,
864 1607 957 1668 quem
990 1585 1093 1646 adhue
1127 1582 1214 1644 ediu-

161 1702 265 1764 verat,
289 1710 353 1752 unu
386 1688 519 1770 emplius
548 1700 689 1751 secutum
727 1709 807 1750 esse.
861 1688 1040 1766 (Drumaun
1067 1695 1093 1747 t.
1123 1689 1151 1750 1.
1179 1707 1210 1765 p.

166 1794 233 1871 10).
258 1793 328 1872 Qua
352 1795 390 1854 de
418 1815 453 1854 re
481 1805 626 1876 questum
653 1789 826 1854 Antonium
857 1789 989 1870 opinor,
1019 1801 1050 1852 et
1084 1788 1212 1872 quidem

162 1894 273 1958 iisdem
296 1895 450 1976 epistolis,
473 1893 634 1978 inquibus
655 1893 687 1956 in
702 1893 914 1957 Octavianum
931 1903 1106 1975 quoquest
1123 1893 1214 1954 Mes·

162 1999 258 2061 saleni
282 1999 396 2060 acerbe
421 1996 569 2058 invectus
589 2007 649 2058 est.
673 2003 719 2071 (v.
735 1997 880 2078 peimi.)
910 1995 1032 2059 Contra
1060 1997 1115 2056 hes
1145 1994 1213 2075 epi-

162 2101 263 2165 stolas
296 2119 360 2161 non
383 2097 510 2160 Asinius
544 2099 667 2175 solum,
691 2102 747 2162 sed
772 2099 913 2162 Messala
941 2118 1070 2180 quoque
1093 2101 1140 2173 (v.
1176 2119 1212 2178 p.

163 2204 255 2278 sto.)
278 2199 393 2268 librum
414 2199 555 2282 scripsit.

229 2302 395 2374 Charisius
420 2325 453 2384 p.
473 2306 526 2370 14.
560 2305 704 2371 (latinus
730 2303 904 2370 masculino
935 2325 1053 2386 genere
1084 2300 1213 2378 dicitur,

164 2417 196 2471 et
222 2406 297 2473 hine
318 2405 510 2478 deminutive
540 2409 675 2477 cotillas
697 2409 752 2482 ht,
778 2419 811 2472 ut
834 2408 974 2474 Asinius
996 2419 1120 2475 contra
1140 2425 1213 2471 ma·
1237 2452 1276 2484 ,,
1363 2489 1364 2494 ¹

165 2508 292 2580 tedicta
314 2510 476 2574 Antonii:
500 2511 720 2596 Volitontque
743 2512 825 2574 urbe
847 2523 922 2575 totu
941 2508 1061 2576 catilli.

199 2650 226 2690 0·
241 2635 376 2686 nautum
392 2635 504 2695 Autenti]
539 2638 601 2682 Cum
619 2640 643 2688 in
670 2653 718 2684 ms-
738 2639 840 2696 quedam
863 2639 960 2687 Densus
985 2639 1105 2694 tegeretur
1125 2641 1217 2687 contr«

233 2724 371 2770 maledictu
388 2724 501 2780 Laberii,
524 2727 628 2770 Bondam
649 2729 671 2771 in
692 2729 764 2772 variis
784 2726 926 2775 lectionibus
945 2739 967 2780 p.
989 2722 1020 2770 20
1040 2726 1074 2770 sic
1094 2727 1216 2787 corrigen-

234 2816 288 2857 dum
309 2813 413 2868 putebat,
435 2819 517 2868 posteu
537 2828 594 2858 vcro
614 2817 635 2859 in
656 2817 769 2860 addendis
789 2830 812 2870 p.
832 2811 890 2859 373.
911 2811 1002 2858 Contra
1016 2811 1152 2856 rnnledictu
1162 2811 1215 2855 Lo·

236 2903 304 2948 histri
322 2917 405 2946 venum
424 2915 478 2946 ssss
497 2903 608 2948 eredidit.
647 2905 691 2948 Sed
717 2904 775 2962 nihil
806 2906 943 2946 mutandum
970 2902 1089 2944 arbitror.
1109 2899 1216 2945 Alterum

235 2991 304 3038 huius
324 2993 441 3035 orationis
459 2991 621 3048 fragmentum
641 3005 711 3046 supra
733 2993 853 3050 tetigimus
873 3005 895 3044 p.
918 2987 977 3033 tis.

466 3091 516 3169 11.
538 3091 692 3151 Orationes
711 3094 742 3148 iu
763 3092 920 3148 Valerium.

232 3203 410 3279 Incertum,
435 3215 539 3265 utrum
566 3203 695 3267 Asinius
719 3204 828 3268 Pollio
861 3217 990 3278 oratos,
1024 3225 1062 3264 an
1088 3203 1218 3266 Asinius

166 3305 296 3390 quidam
323 3305 547 3388 grammaticus
573 3307 612 3369 sit
640 3307 878 3394 intelligendus:
904 3331 962 3370 nec
984 3319 1125 3381 constat,
1149 3297 1219 3391 quis

167 3407 267 3471 luerit
288 3407 453 3472 Valerius.

211 3509 378 3574 Charisius
401 3533 436 3592 p.
462 3513 515 3572 51.
561 3516 632 3577 Hos
654 3515 828 3595 pugillares
854 3529 884 3577 et
911 3514 1083 3576 masculino
1103 3535 1220 3596 genere

167 3621 201 3671 et
225 3633 350 3692 semper
378 3612 544 3692 pluraliter
577 3615 683 3690 dicas,
711 3618 797 3676 sieut
820 3617 961 3678 Asinius
981 3618 1015 3678 in
1042 3617 1220 3680 Valerium
1242 3655 1276 3672 -,

170 3711 227 3772 tib.
254 3714 291 3771 1:
315 3713 386 3793 quia
412 3709 554 3792 pugillus
577 3726 634 3791 est,
663 3716 717 3799 qui
743 3719 849 3796 plures
876 3719 1006 3780 tabellas
1030 3719 1171 3780 continet
1189 3715 1219 3776 in

170 3811 284 3874 seriem
308 3825 405 3877 sutas.
431 3823 567 3877 attamen
590 3819 669 3879 haec
691 3817 1015 3901 pugillaria'saepius
1037 3817 1222 3880 neutraliter

169 3913 259 3988 dicit,
288 3913 362 3976 item
386 3913 533 3979 Catullus
550 3916 581 3979 in
607 3921 894 4000 hendecasyllabis.

205 4021 312 4067 Asinius
332 4025 358 4068 in
379 4021 509 4068 Valerium
529 4022 614 4086 uui]
636 4029 660 4072 in
682 4031 787 4074 editione
806 4031 886 4084 priore
906 4043 951 4072 non
967 4028 1074 4070 Asinium
1088 4031 1219 4078 oratorem,

241 4113 282 4156 ssd
302 4127 356 4158 eum
376 4099 571 4172 gramintitieum,
591 4127 661 4170 quein
681 4117 805 4161 Charisius
825 4131 849 4170 p.
871 4110 911 4162 47.
933 4117 970 4162 ed.
991 4113 1101 4156 Lindem-
1114 4119 1137 4156 et
1156 4101 1223 4158 Prin·

242 4201 324 4245 cianus
343 4201 374 4246 T.
397 4197 421 4251 1,
442 4211 465 4251 p.
476 4192 524 4239 188
545 4203 677 4256 nominant,
698 4205 743 4246 hoc
763 4206 815 4247 loeo
832 4203 1012 4258 intelligendum
1029 4199 1142 4244 diximus.
1165 4203 1225 4250 Sunt

241 4295 321 4334 eutem
341 4293 388 4334 duo
407 4286 568 4346 grentimenti,
591 4292 673 4336 eodem
692 4291 787 4333 nomine
807 4293 917 4343 utentes,
945 4301 1046 4347 quorum
1071 4291 1134 4334 atter
1153 4289 1227 4334 Potn-
