2992 4844
1194 376 1254 438 stu

207 546 331 608 tertius
347 543 402 604 ille
412 541 519 604 Curio
530 536 748 610 tribunicius,
767 536 825 618 qui
839 535 926 596 bello
940 535 1030 596 civili
1048 537 1256 618 Pompeiano

208 649 243 742 in
266 643 398 735 Africa
418 643 535 725 periit.

210 843 237 901 1.
279 839 380 896 Oratio
393 838 424 894 in
438 837 475 906 Q.
491 835 649 893 Caecilium
662 833 811 890 Metellum
824 832 982 903 Nepotem,
997 833 1138 892 Belounoi
1154 838 1253 896 fitium.

275 989 321 1050 Ea
347 1008 439 1049 causa
463 997 530 1046 acta
555 982 658 1046 fertur
687 1003 715 1047 a.
738 981 798 1044 657
823 950 903 1060 (9-7).
938 982 1074 1066 Pighius
1098 987 1140 1048 T.
1165 987 1196 1050 3.
1220 1012 1254 1072 p.

211 1093 284 1154 189.
309 1092 353 1172 Q.
379 1086 539 1152 Caecilius
562 1084 716 1147 Metellus
738 1085 868 1165 Nepos,
894 1083 1055 1149 Balearici
1077 1088 1177 1165 filius,
1201 1089 1255 1175 qui

210 1214 293 1256 anno
317 1193 378 1254 bbb
401 1190 468 1268 (98)
497 1187 610 1252 consul
632 1187 753 1260 suerat,
785 1207 801 1248 a
828 1183 972 1249 Curione
1001 1201 1091 1270 patre
1116 1193 1256 1272 postula-

210 1309 259 1358 tus
283 1306 342 1357 est.
374 1290 472 1359 Conl.
495 1302 579 1353 orat.
605 1288 690 1351 Aelii
713 1311 744 1370 p.
767 1287 840 1350 336.

274 1413 435 1478 Asconius
457 1411 489 1474 in
507 1408 732 1474 Cornelianam
756 1430 790 1489 p.
818 1407 871 1470 63.
916 1411 1008 1473 Illud
1020 1413 1172 1492 primum
1194 1441 1257 1480 eor·-

209 1517 408 1600 plicandum
438 1526 510 1585 est,
544 1512 585 1573 de
614 1535 681 1594 quo
711 1512 853 1574 Metello
882 1513 944 1574 boc·
967 1512 1062 1576 dicit.
1107 1520 1258 1582 ficerunt

211 1619 302 1681 enim
333 1630 413 1679 tunc
449 1618 568 1698 plures
604 1612 725 1694 Quinti
759 1612 912 1686 Metelli,
953 1637 1000 1675 ex
1032 1617 1156 1697 quibus
1188 1621 1258 1685 duo

212 1701 419 1793 consulares,
444 1718 528 1781 Pius
550 1728 584 1779 et
606 1715 772 1790 Creticus,
800 1714 841 1776 de
864 1716 987 1798 quibus
1012 1733 1158 1800 apparet
1179 1744 1257 1785 eum

213 1843 282 1885 non
305 1822 430 1894 dicere,
457 1819 526 1880 duo
553 1829 669 1879 autem
694 1816 937 1892 adolescentes,
958 1821 1079 1901 Nepos
1098 1833 1131 1884 et
1148 1827 1255 1902 Celer,

213 1948 259 1987 ex
271 1925 393 2008 quibus
405 1942 494 1984 nunc
506 1923 677 2002 Nepotem
693 1918 887 2002 significat.
911 1920 999 1984 Eius
1009 1922 1099 1985 enim
1110 1939 1256 2006 patrem,

213 2031 256 2109 Q.
280 2027 461 2089 Metellum
484 2026 666 2105 Nepotem,
691 2021 863 2084 Balearici
878 2021 1014 2099 filium,
1040 2029 1260 2093 Macedonici

214 2141 390 2210 nepotem,
413 2127 475 2210 qui
498 2126 619 2188 consul
639 2121 725 2214 fuit
753 2145 831 2185 cum
860 2128 904 2187 Τ.
932 2126 1061 2201 Didia,
1086 2131 1192 2193 Curio
1214 2131 1256 2204 is,

213 2230 254 2292 de
285 2253 353 2314 quo
375 2228 546 2312 loquitur,
577 2225 769 2298 accusavit,
800 2225 896 2308 isque
922 2230 1082 2294 Metellus
1109 2232 1259 2296 moriens

211 2333 311 2413 petiit
331 2333 373 2394 ab
401 2334 463 2393 boc
484 2329 571 2406 filio
594 2350 658 2391 suo
684 2329 846 2398 Metelle,
871 2339 909 2389 ut
931 2329 1133 2406 Curionem,
1159 2355 1258 2406 accu-

216 2445 366 2496 satorem
388 2454 508 2505 suum,
533 2441 730 2501 accttsaret,
763 2440 795 2491 et
825 2428 861 2490 id
872 2426 1063 2518 facturum
1085 2456 1159 2496 esse
1183 2437 1258 2499 iure

217 2535 366 2598 iurando
387 2535 516 2617 adegit.

280 2654 459 2737 Appuleius
484 2659 522 2718 de
549 2651 713 2735 Apologia
738 2674 772 2733 p.
798 2651 859 2714 538
882 2655 934 2716 ed.
951 2653 1096 2724 Oudend.
1140 2659 1260 2744 Neque

216 2771 330 2821 autem
361 2759 496 2840 gloriae
526 2778 632 2819 caroso
664 2777 717 2819 me
750 2766 907 2829 accusat,
941 2768 978 2818 ut
1006 2761 1061 2822 M.
1087 2761 1261 2827 Antonius

217 2865 279 2928 Gn.
302 2861 510 2934 Carbonem,
536 2862 573 2923 0.
598 2858 709 2923 Iulius
732 2862 776 2921 Τ.
799 2859 1001 2934 Albucium,
1024 2863 1063 2923 P.
1088 2864 1260 2944 Sulpicius

217 2967 255 3028 C.
279 2964 497 3036 Norbanum,
522 2965 563 3023 L.
589 2961 712 3038 Fusius
735 2963 837 3023 Man.
862 2961 1067 3043 Aquillium,
1092 2967 1130 3028 G.
1154 2966 1261 3030 Curio

216 3069 258 3147 Q.
283 3067 480 3137 Metellum,
506 3063 630 3145 quippe
658 3063 693 3125 bi
723 3084 841 3126 omnes
870 3063 1097 3127 eruditissimi
1123 3066 1261 3134 iuuenes

217 3168 331 3229 laudis
342 3165 464 3248 gratia
474 3165 629 3247 primum
644 3166 706 3227 hoc
722 3166 953 3228 rudimentum
957 3165 1126 3252 forensis
1138 3191 1263 3251 operae

216 3270 394 3342 subibant,
418 3279 456 3329 ut
479 3267 595 3350 aliquo
626 3265 756 3348 insigni
781 3268 911 3333 iudicio
936 3269 1063 3334 ciuibus
1088 3272 1160 3336 suis
1184 3294 1263 3338 nos·

216 3384 387 3434 cerentur.
444 3377 451 3388 “

312 3547 342 3604 2.
384 3546 483 3603 Oratio
504 3551 603 3603 contra
625 3545 657 3602 C.
683 3547 786 3603 lulium
808 3529 962 3606 Caesarem
987 3551 1167 3609 Strabonem.

283 3681 330 3740 Ea
347 3689 395 3741 est
417 3677 499 3740 dicta
523 3700 552 3740 a.
578 3678 639 3740 ott
662 3676 743 3755 (90).
769 3677 871 3742 Curio
895 3679 1042 3744 tribunus
1065 3683 1168 3764 plebis
1184 3696 1262 3760 eret,

220 3780 340 3844 Caesar
371 3779 482 3844 aedilis
508 3779 639 3842 curulis.
675 3778 747 3843 Cic.
773 3782 868 3843 Brut.
893 3803 923 3842 c.
945 3782 997 3846 89.
1034 3782 1133 3849 Conf.
1151 3787 1265 3850 oratio

223 3884 383 3945 Caesaris
410 3882 590 3946 Strabonis
614 3903 649 3962 p.
673 3882 746 3944 339.

284 4001 404 4066 Cicero
435 4004 537 4064 Bruto
568 4022 598 4062 c.
629 4002 681 4062 60.
732 4002 877 4087 Reliqua
906 4005 975 4068 duo
1002 4015 1082 4067 sunt
1104 4025 1209 4086 agere
1231 4022 1265 4071 et

219 4106 432 4168 meminisse:
450 4105 486 4170 in
507 4114 654 4184 utroque
676 4104 860 4166 cachinnos
880 4104 1100 4167 irridentium
1115 4127 1264 4170 commo·

219 4207 315 4270 vebat
341 4205 461 4270 Curio.
507 4206 632 4266 Motus
657 4215 732 4264 erat
758 4204 805 4278 is,
835 4226 934 4287 quem
958 4216 990 4266 et
1018 4207 1057 4268 0.
1088 4207 1198 4272 lulius
1228 4209 1264 4276 in

216 4320 424 4390 perpetuum
451 4304 601 4375 notavit,
626 4324 703 4364 cum
728 4327 775 4366 esc
800 4327 840 4366 eo
866 4305 901 4366 in
921 4318 1108 4392 ¹utramque
1129 4321 1265 4394 partem
