2984 4842
1164 365 1245 448 su'

175 535 316 622 Sigania
332 547 385 598 aut
399 535 439 598 ab
461 533 525 599 alio
549 535 620 600 viro
643 539 740 600 docto
764 535 847 600 illius
869 537 984 613 seculi,
1008 549 1041 600 ut
1068 539 1221 603 lectorum

175 637 340 720 deciperet
355 636 487 713 animos,
501 638 679 721 composita
694 660 762 702 esse
777 638 904 704 scribit.
921 642 1013 725 (pag.
1026 641 1100 704 321.
1114 641 1223 722 331.);

174 763 234 804 aec
250 740 342 803 aliter
357 737 476 802 iudicat
492 739 644 824 thtling
668 743 711 804 G.
735 745 767 804 d.
784 748 868 806 rbus.
886 743 1026 806 StaatsV.
1042 765 1076 825 p.
1092 743 1154 807 348
1169 766 1219 830 sq.

497 897 543 955 lt.
584 898 685 956 Oratio
704 916 756 971 pro
777 901 903 957 Valerio.

239 1031 286 1092 Ea
305 1050 396 1090 causa
420 1040 467 1091 est
489 1040 557 1092 ecta
582 1051 612 1092 a.
638 1032 699 1094 694
721 1033 803 1111 (60).
828 1032 1008 1106 Incertum,
1033 1042 1136 1095 utrum
1153 1031 1222 1093 Va·

174 1131 273 1195 lerius
296 1131 431 1194 Flaccus
460 1152 498 1192 au
522 1132 672 1195 Valerius
700 1133 851 1196 Messalla
883 1155 921 1196 au
943 1133 1022 1196 elius
1045 1133 1084 1197 sit
1106 1131 1222 1197 iutelli-

175 1237 309 1316 gendus.

240 1334 314 1400 Cic.
339 1339 376 1398 ad
399 1335 541 1399 Atticum
566 1337 602 1411 2,
627 1337 658 1400 3.
703 1336 876 1412 Primum,
911 1350 950 1400 ut
978 1339 1125 1420 opinor,
1156 1333 1220 1403 st-

175 1439 320 1523 ayyeti
329 1465 362 1502 α.
408 1438 568 1503 Valerius
595 1439 772 1504 absolutus
802 1453 853 1504 est
881 1440 1069 1504 Hortensio
1098 1437 1221 1530 deffen-

173 1541 286 1603 siente.
320 1541 363 1605 Id
384 1541 551 1602 iudicium
575 1541 657 1604 Auli
671 1542 756 1619 solio
775 1543 1005 1605 condonatum
1017 1544 1219 1626 putubatur,

175 1654 208 1705 et
230 1643 430 1724 Epicratem
460 1643 639 1724 suspicor,
676 1656 714 1707 ut
743 1644 884 1720 scribis,
909 1646 1073 1706 lascivum
1082 1641 1219 1734 fuisse.

173 1746 312 1810 Etenim
346 1744 430 1808 mihi
462 1745 595 1828 caligae
628 1746 703 1808 eius
736 1758 768 1810 et
790 1745 935 1836 fasciae
967 1757 1118 1809 cretatae
1151 1765 1220 1810 non

166 1850 363 1930 ¹placebant.

209 1974 269 2022 Auli
279 1973 351 2038 filio]
388 1977 407 2024 l.
428 1990 450 2020 e.
472 1975 502 2019 L.
522 1975 623 2020 Afranio
643 1977 744 2021 consuli.
768 1989 791 2019 r.
811 1973 942 2020 Onomast.
966 1973 1034 2020 Tull.

241 2131 286 2188 18.
327 2131 428 2189 Oratio
447 2149 499 2204 pro
518 2133 551 2189 l..
573 2105 689 2188 Valerio
709 2133 812 2188 Flacco
831 2135 931 2188 contre
951 2132 985 2188 l).
1008 2131 1147 2188 Laelium.

238 2264 321 2326 Acta
351 2274 398 2325 est
427 2283 519 2340 causo
549 2283 577 2331 a.
611 2263 678 2330 695,
701 2261 783 2342 (69).
829 2263 872 2324 L.
902 2261 1054 2325 Valerius
1084 2261 1220 2324 Flaccus

174 2376 358 2447 praetura.
383 2365 441 2428 691
467 2365 554 2442 (63),
583 2363 640 2448 qui
669 2363 781 2426 deinde
803 2362 913 2426 Asiam
936 2361 1136 2443 provinciam
1160 2365 1219 2426 ob-

174 2467 331 2541 tinuerat,
355 2487 371 2528 a
391 2466 435 2529 D.
460 2465 575 2529 Laelio
597 2467 843 2547 repetundarum
866 2475 1029 2527 accusatus
1052 2475 1111 2526 est.
1150 2466 1219 2529 Pro

172 2590 214 2632 eo
238 2582 410 2633 oraverunt
432 2579 463 2630 et
486 2567 681 2632 Hortensius
708 2579 739 2630 et
763 2565 896 2640 Cicero,
919 2565 1029 2651 quiin
1053 2564 1218 2629 consulatu

173 2692 232 2735 suo
256 2693 272 2733 a
299 2671 419 2734 Flacco
449 2669 571 2732 adiutus
599 2669 716 2732 fuerat.
762 2668 940 2731 Absolutus
971 2679 1018 2731 est
1046 2667 1218 2744 immerita,

172 2786 252 2836 teste
270 2773 447 2837 Macrobio
464 2771 623 2835 Saturnal.
641 2773 670 2846 2,
695 2775 727 2834 1.
772 2775 931 2835 Flaccum
949 2770 1219 2852 repetundarum

173 2897 273 2938 reum
288 2877 356 2939 ioci
371 2875 630 2959 opportunitate
650 2874 692 2936 de
708 2870 1004 2963 manifestissimis
1018 2873 1220 2937 criminibus

174 2979 303 3040 exemit
318 2978 451 3043 Cicero.
496 2980 533 3042 Is
556 2977 653 3039 iocus
674 2977 709 3039 in
730 2976 888 3039 oratione
910 2996 978 3038 non
1000 2987 1111 3050 extat,
1137 2975 1220 3038 mihi

171 3102 221 3142 ex
243 3080 332 3143 libro
354 3079 451 3142 suriz·
478 3079 635 3142 Bibaculi
661 3088 855 3153 natusest,
886 3088 918 3140 et
941 3077 1032 3140 inter
1052 3076 1124 3140 alia
1144 3077 1220 3141 eius

171 3183 267 3246 dicta
288 3183 491 3244 celebratur.
517 3189 520 3194 '

238 3282 313 3347 Cic.
348 3287 387 3346 ad
415 3282 558 3346 Atticum
594 3283 633 3362 2,
665 3283 719 3346 25.
775 3284 822 3345 At
859 3283 996 3345 hercule
1021 3283 1111 3345 alter
1140 3294 1220 3347 tuus

161 3385 372 3475 familiaris
383 3389 564 3460 Hortalus,
579 3405 683 3470 quam
697 3388 799 3467 plena
810 3405 928 3460 manu,
942 3405 1045 3468 quam
1058 3383 1219 3466 ingenue,

174 3510 278 3573 quam
302 3500 425 3551 ornate
454 3500 592 3551 nostras
620 3487 741 3549 laudes
772 3486 806 3549 in
835 3498 936 3550 astra
960 3485 1117 3561 sustulit,
1141 3506 1220 3548 cum

174 3590 216 3652 de
246 3591 360 3653 Flacci
386 3601 555 3671 praetura
587 3601 620 3652 et
650 3589 692 3651 de
720 3589 780 3652 illo
809 3599 962 3671 tempore
992 3588 1219 3670 Allobrogum

175 3691 314 3754 diceret.
359 3691 416 3757 Sic
435 3692 570 3765 habeto,
588 3711 648 3753 nec
664 3691 839 3753 amantius
854 3711 914 3751 nec
931 3687 1221 3766 honorificentius

174 3813 236 3854 nee
255 3793 428 3875 copiosius
448 3793 603 3876 potuisse
625 3793 705 3856 dici.
749 3791 796 3856 Ei
817 3803 849 3854 te
870 3792 934 3853 hoe
955 3791 1104 3854 scribere
1122 3811 1146 3853 a
1166 3809 1218 3852 me

174 3893 238 3958 tibi
260 3913 330 3959 esse
352 3896 504 3967 missum,
518 3897 607 3960 volo.

194 4062 241 4119 19.
282 4061 382 4120 Oratio
402 4079 455 4136 pro
474 4061 506 4119 P.
529 4059 624 4118 Sextio
642 4063 742 4116 contre
762 4059 802 4120 Μ.
823 4060 947 4117 Tullium
967 4057 1191 4115 Albinovanum.

238 4196 321 4258 Acta
337 4205 385 4258 est
401 4213 493 4255 causa
518 4213 546 4260 a.
570 4189 631 4252 698
655 4167 733 4269 (bb).
779 4193 821 4257 P.
840 4187 982 4263 Sextius,
1006 4185 1061 4269 qui
1076 4182 1221 4246 tribunus

173 4297 216 4376 pl.
247 4318 276 4358 a.
309 4297 369 4359 697
399 4293 467 4369 (67)
498 4295 535 4354 de
565 4292 762 4356 restituendo
792 4291 953 4358 Cicerone
983 4288 1062 4351 bene
1092 4283 1220 4348 meritus
