2966 4842
353 507 490 552 eornbuatos
510 507 624 550 arbitror.
664 506 714 548 llue
738 506 799 550 euim
822 505 973 550 referendum
996 515 1097 556 causeo,
1126 504 1188 560 quud
1214 504 1278 550 inter
1298 517 1346 550 res

354 601 377 642 in
396 609 483 642 aunum
504 592 552 640 tas
571 590 628 650 (12)
647 596 734 640 relatas
754 595 781 640 de
804 593 909 652 Angusto
934 591 1006 636 tradit
1026 591 1072 634 llio
1091 591 1190 636 Cassius
1218 589 1260 646 5⁶,
1293 589 1341 638 27.

352 679 459 748 μαθών
469 678 516 732 ὅτι
538 678 641 744 βιβλία
653 673 729 732 ἄττα
743 673 795 744 ὑφ’
810 671 892 749 ὕβρει
915 675 1002 728 τινῶν
1019 675 1237 748 συγγράφοιτο,
1249 676 1343 744 ζήτη-

354 787 401 822 σιν
425 765 523 820 αὐτῶν
547 766 711 833 ἐποιήσατο
731 769 780 817 καὶ
809 765 908 816 ἐκεῖνα
931 779 961 815 ιε
991 759 1027 814 τὰ
1054 763 1110 828 μὲν
1138 762 1170 814 ἐν
1194 762 1232 836 τῇ
1252 763 1340 816 πόλει

358 855 515 930 ἑυριῧέντα
542 854 618 922 πρὸς
641 853 699 905 τῶν
724 850 940 924 ἀγορανόμων,
966 847 1002 902 τὰ
1030 849 1060 902 δὲ
1089 845 1146 914 ἔξω
1175 847 1249 924 πρὸς
1279 851 1342 902 τῶν

354 942 534 1006 ἑκαστοχόὲνι
559 940 713 1015 ἀρχόντων
737 936 897 1004 κατέφλεξε
921 939 971 989 καὶ
990 937 1048 990 τῶν
1066 937 1236 990 συνθέντων
1257 935 1340 990 uris&

352 1031 477 1086 ἐκόλασε
497 1029 591 1094 τινάς.
629 1035 694 1078 lnler
719 1046 762 1077 aas
783 1031 915 1075 Labienum
943 1034 966 1073 et
984 1029 1093 1074 Cassium
1119 1031 1235 1075 Severum
1261 1031 1339 1074 tuisse

351 1126 471 1183 suspicor,
492 1125 551 1168 nude
568 1122 695 1178 probabile
715 1127 766 1174 eat,
787 1119 918 1164 Labienum
936 1131 960 1160 a.
982 1113 1031 1162 7⁶5
1053 1114 1110 1173 (121
1129 1119 1268 1171 extinctum,
1296 1125 1339 1162 at·

353 1225 397 1268 que
416 1213 526 1258 Cassium
544 1211 660 1256 Severum
684 1209 708 1253 in
728 1209 826 1254 erilium
845 1209 944 1252 missum
966 1204 1052 1264 (modo
1070 1206 1116 1248 Dio
1135 1205 1234 1250 Caesius
1254 1219 1337 1250 seruus

359 1305 494 1358 lustumque
512 1312 595 1344 rerum
614 1297 721 1341 ordinem
741 1297 773 1339 sit
791 1295 905 1348 seculus).

348 1439 469 1500 Seneca
493 1437 577 1500 Exc.
601 1433 765 1498 Contrua.
792 1438 823 1495 l.
855 1453 889 1515 p.
921 1434 994 1494 lto.
1040 1432 1210 1495 Labienus
1232 1433 1335 1493 homo

286 1541 410 1603 mentis
431 1559 534 1622 quam
549 1537 689 1620 linguae
707 1535 908 1599 amarioris.

422 1715 448 1772 1.
471 1714 567 1772 Oratio
586 1730 637 1785 pro
657 1713 757 1782 Figulo
778 1714 878 1770 contra
898 1711 1021 1768 heredes
1042 1711 1188 1769 Urbiniae.

350 1845 431 1907 Aeta
460 1855 507 1906 est
541 1864 633 1905 eausa
667 1841 777 1906 mediis
804 1843 942 1926 Augusti
968 1841 1179 1924 temporibus.
1235 1839 1336 1907 Cous.
1396 1819 1411 1854 ⁸

286 1947 478 2010 orationem
500 1946 614 2010 Asinii
637 1944 809 2022 Pollionis,
833 1945 888 2031 qui
911 1967 972 2026 pro
996 1943 1166 2008 heredibus
1180 1943 1337 2009 Urbiniae

287 2047 378 2124 dixit,
404 2069 477 2134 pag.
501 2049 574 2114 195.

604 2188 633 2245 2.
675 2185 773 2245 Oratio
793 2187 822 2244 in
843 2189 1010 2248 Pollionem.

353 2323 587 2403 Argumentum
626 2320 794 2384 incertum.
852 2320 1001 2384 Dubitari
1032 2331 1162 2402 potest,
1191 2342 1229 2382 an
1258 2322 1339 2384 haec

289 2422 394 2487 oratio
423 2427 530 2486 eadem
556 2423 656 2488 fuerit
682 2445 752 2486 cum
780 2423 959 2505 superiore.
1005 2425 1068 2486 Sed
1090 2422 1168 2486 duas
1196 2421 1339 2486 diversas

289 2545 357 2590 esse
381 2525 535 2600 arbitror,
559 2546 618 2588 uec
645 2525 737 2590 aliter
759 2526 852 2590 sentit
875 2527 1018 2590 Bondatu
1043 2525 1074 2587 iu
1101 2524 1212 2588 Variis
1239 2527 1336 2588 Lect.

313 2673 322 2692 .
369 2629 421 2690 ta.

288 2650 309 2709 p
346 2627 489 2811 30¹5OEss-
514 2733 542 2805 1>
565 2732 595 2805 5,
621 2730 653 2793 8.
698 2734 732 2796 Iu
755 2731 912 2796 oratione
925 2730 1068 2794 Labieni
1083 2729 1165 2808 (sive
1180 2727 1233 2792 illa
1251 2728 1338 2794 Cor·

295 2830 371 2898 uelii
395 2832 479 2896 Galli
502 2836 561 2909 est)
583 2832 618 2894 in
643 2833 829 2898 Pollionem
851 2855 963 2896 casnar
993 2843 1168 2897 assectator
1190 2854 1206 2895 e
1230 2832 1340 2896 Gallia

288 2938 413 2997 ductum
437 2947 496 2998 est.

322 3074 517 3138 CorneliiGulli]
532 3076 566 3137 (v.
579 3094 602 3135 p.
616 3075 689 3137 stt.)
700 3081 805 3124 bundans
819 3081 919 3127 scribit:
935 3081 1051 3126 Effectum
1071 3087 1108 3126 est
1127 3095 1168 3136 per
1183 3082 1302 3135 inimicos,
1312 3087 1338 3124 ut

356 3179 439 3210 omnes
451 3167 506 3210 libri
517 3165 616 3212 Labieni
628 3180 657 3212 ex
669 3182 690 3211 s.
705 3181 727 3216 e.
739 3169 923 3213 incenderentur
936 3181 941 3213 τ
954 3183 1012 3226 quae
1023 3171 1094 3213 eliam
1104 3183 1174 3214 causa
1188 3181 1240 3213 esse
1249 3170 1335 3224 potuit,

359 3259 382 3296 ut
404 3255 482 3297 oratio
502 3255 553 3298 eius
571 3257 594 3299 in
614 3255 767 3308 Pollionem,
788 3267 847 3311 quaa
866 3255 914 3313 igni
934 3257 1066 3311 superfuit,
1093 3259 1142 3302 veri
1170 3257 1275 3300 auctoris
1294 3271 1337 3300 no-

360 3341 422 3384 rnine
443 3343 479 3385 vel
499 3341 522 3385 in
542 3343 593 3386 eins
612 3344 692 3385 odium
711 3344 789 3386 delato
809 3344 843 3386 rel
864 3343 923 3386 alias
942 3345 973 3387 ob
992 3358 1076 3389 causas
1091 3358 1137 3389 non
1150 3345 1239 3395 addito,
1255 3349 1338 3398 postea

358 3426 472 3474 Cornelio
490 3427 562 3474 Gallo
581 3443 594 3472 a
612 3427 754 3484 quibusdam
772 3429 875 3474 adscribi
894 3436 1010 3486 eoeperit.

322 3553 348 3596 in
367 3551 515 3608 Pollionem]
551 3552 569 3595 i·
589 3565 611 3594 e.
633 3552 655 3594 in
674 3551 783 3596 Asinium
804 3553 939 3599 Pollionem
957 3561 1094 3612 oratorem;
1122 3570 1165 3601 nec
1183 3557 1253 3600 aliter
1271 3555 1337 3598 Bon·

360 3642 413 3684 dam
434 3645 459 3684 et
477 3638 619 3684 Thorbsclre
639 3654 662 3695 p.
684 3634 726 3684 lt.
746 3641 858 3692 iudicant.
884 3639 987 3690 Vossius
1006 3649 1088 3688 contra
1108 3646 1136 3688 de
1155 3643 1276 3688 historicis
1299 3644 1339 3685 la-

359 3727 414 3771 tinis
434 3740 456 3780 p.
480 3723 536 3771 119.
555 3727 583 3771 C.
598 3727 707 3773 Asinium
716 3728 820 3783 Gallum,
835 3730 943 3777 C.Asinii
963 3731 1081 3777 Pollionis
1105 3730 1181 3776 filium
1199 3731 1339 3788 intelligen-

358 3815 412 3858 dum
433 3815 562 3863 existimat.

322 3955 430 4016 Gesner]
467 3958 586 4004 Labienus
605 3960 714 4004 Asinium
733 3960 868 4005 Pollionem
893 3963 1065 4007 contumeliose
1084 3958 1183 4008 Caenus·
1208 3962 1338 4017 appellarit

362 4049 379 4092 i.
400 4062 422 4094 s.
443 4052 623 4099 assentatorem,
654 4048 783 4100 parasitum
812 4047 849 4092 vel
876 4063 985 4095 scurram
1005 4050 1118 4096 Caesaris
1138 4051 1254 4110 Augusti:
1285 4049 1337 4102 ipss

357 4137 419 4178 enim
444 4134 617 4191 Pompeianus,
647 4133 742 4177 Asinius
772 4141 851 4182 aulem
875 4136 1035 4182 Caesarianus
1062 4137 1149 4182 tuerat.
1187 4134 1339 4185 Vocabulum

357 4221 444 4276 optime
463 4222 566 4265 illustrat
580 4220 732 4265 Glossarium
746 4221 864 4269 Gallicum
884 4225 1019 4279 (Glossaira
1038 4228 1065 4271 de
1086 4227 1108 4269 la
1127 4227 1210 4283 langue
1222 4223 1337 4267 Romaine

357 4307 441 4358 peel.
463 4305 721 4363 saltauerunt
752 4309 774 4357 1.
795 4325 817 4366 p.
840 4307 899 4356 211.
938 4306 1259 4370 Paris1808)tCueunrd
1284 4309 1337 4353 flat·
