2992 4844
257 541 374 604 Livius
397 540 486 624 Epit.
512 541 567 608 lib.
595 543 648 606 70.
694 545 731 606 P.
756 543 919 621 Rutilius,
942 543 995 606 uir
1017 565 1168 610 summae
1191 546 1243 608 in-

192 645 387 718 nocentiae,
416 646 578 728 quoniam
604 648 740 729 legatus
769 648 812 727 Q.
839 645 953 709 Mucii
976 647 1195 728 proconsulis
1220 669 1243 710 a

189 748 454 830 publicanorum
495 747 634 808 iniuriis
674 747 797 809 Asiam
839 746 1065 836 affundet-at,
1112 749 1242 812 incisus

192 850 343 932 equestri
365 849 493 923 ordini,
523 869 627 930 penes
659 871 760 932 quem
783 849 912 911 iudicia
938 863 1055 926 erant,
1082 864 1241 934 repetun-

192 953 316 1014 darum
340 952 525 1013 damnatus
548 931 582 1014 in
606 951 753 1013 exilium
780 952 906 1014 niissus
932 965 992 1014 est.

256 1054 401 1141 Velleius
416 1056 445 1127 2,
473 1055 524 1116 13.
571 1057 711 1117 Drusus
734 1055 870 1116 senatui
886 1055 1041 1137 priscum
1057 1057 1239 1121 restituere

191 1156 348 1238 cupiebat
364 1157 467 1219 decus
493 1170 525 1219 ct
550 1156 680 1218 iudicia
700 1158 743 1218 ab
766 1157 936 1241 equitibus
957 1158 1011 1224 ad,
1025 1180 1103 1220 cum
1122 1170 1237 1222 trans·

179 1256 291 1349 ferre
307 1258 482 1322 ordinem:
508 1259 633 1342 quippe
660 1281 735 1320 eam
761 1271 966 1341 potestatem
989 1261 1082 1322 nacti
1109 1262 1239 1344 equites

191 1361 404 1426 Gracchanis
426 1362 579 1443 legibus,
604 1383 681 1422 cum
705 1361 739 1422 in
767 1365 893 1424 multos
908 1362 1122 1424 clarissimos
1137 1376 1240 1446 atque

190 1463 488 1526 innocentissimos
520 1464 612 1526 viros
643 1463 863 1537 saeuissent,”
880 1475 954 1525 tum
986 1467 1024 1526 P.
1058 1466 1238 1540 Rutilium,

189 1564 302 1627 virum
327 1585 393 1625 ncn
421 1565 526 1626 seculi
549 1565 621 1637 sui,
651 1565 712 1626 sed
739 1565 851 1628 omnis
873 1566 948 1628 aeui
971 1566 1159 1648 optimum,
1187 1569 1239 1630 in-

190 1677 407 1749 terrogatum
423 1669 499 1749 lege
525 1668 807 1748 repetundarum,
837 1669 993 1731 maximo
1015 1690 1093 1730 cum
1108 1670 1240 1752 gemitu

189 1769 338 1831 ciuitatis
365 1769 625 1830 damnaverant.

256 1869 375 1935 Cicero
395 1873 496 1934 Bruto
513 1893 542 1934 c.
569 1873 620 1933 30.
667 1873 819 1936 Rutilius
842 1870 1143 1935 innocentissimus
1164 1896 1241 1936 cum

189 1974 224 2035 in
261 1973 428 2036 iudicium
467 1985 607 2037 vocatus
644 1987 732 2036 esset
768 1975 852 2057 (quo
881 1973 1010 2037 iudicio
1040 1979 1239 2037 convulsam

185 2076 325 2160 penitus
352 2077 478 2139 scimus
511 2099 584 2138 esse
617 2099 688 2139 rem
713 2077 920 2158 publicam),
950 2099 1028 2138 eum
1061 2091 1173 2142 essent
1199 2100 1240 2141 eo

188 2190 342 2260 tempore
365 2179 636 2262 eloquentissimi
659 2179 725 2240 viri
754 2183 792 2241 L.
820 2183 968 2243 Crassus
993 2191 1027 2241 et
1048 2183 1103 2243 M.
1130 2183 1240 2243 Anto-

188 2281 266 2343 nius
302 2284 521 2360 consulares,
562 2304 682 2344 eorum
723 2281 884 2343 adhibere
920 2293 1080 2344 neutrum
1119 2284 1238 2345 voluit.

191 2383 296 2446 Dixit
312 2383 384 2465 ipse
396 2406 465 2466 pro
480 2405 566 2458 sese,
597 2396 630 2444 et
659 2403 772 2464 pauca
794 2386 831 2446 C.
856 2387 968 2457 Cotto,
995 2385 1086 2466 quod
1106 2388 1240 2447 sororis

190 2485 388 2562 eratfilius.
434 2462 503 2550 [sect
525 2489 567 2568 Q
593 2485 736 2549 Mucius
768 2488 942 2547 enucleate
969 2487 1025 2547 ille
1050 2485 1187 2568 quidem
1202 2497 1235 2548 et

185 2587 315 2669 polite,
348 2601 387 2651 ut
421 2589 567 2663 solebat,
612 2607 826 2670 nequaquam
854 2601 969 2649 autem
998 2607 1040 2649 eu
1071 2588 1103 2649 ci
1138 2599 1241 2671 atquc

188 2691 299 2772 copia,
318 2713 420 2774 quam
445 2713 555 2773 genus
581 2691 667 2753 illud
690 2690 810 2752 iudicii
835 2701 869 2752 et
891 2691 1098 2773 magnitudo
1112 2711 1238 2752 causae

185 2795 398 2874 postulabat.

222 2935 249 2983 C.
270 2935 349 2996 Cotta]
387 2939 415 2984 C.
437 2940 551 2984 Aurelius
571 2939 651 2999 Culta,
671 2941 698 2984 de
719 2954 766 2996 quo
785 2939 846 2983 infru
866 2939 982 2985 disemus.

228 3025 258 3086 Q.
278 3025 391 3086 Mucius]
438 3029 467 3084 Q.
493 3028 586 3071 Mucius
619 3029 732 3072 Scaevola
762 3027 868 3081 pontifex
897 3028 1026 3080 maximus,
1057 3040 1102 3070 nou
1123 3027 1236 3071 Scaevola

257 3129 339 3172 augur.
362 3118 418 3160 vu.
438 3113 567 3159 Onomast.
589 3114 744 3158 Tullianum.
771 3129 794 3169 p.
817 3110 875 3159 407.

251 3232 324 3297 Cic.
356 3257 389 3315 p.
424 3232 563 3297 Fonteio
592 3255 622 3296 c.
656 3235 707 3296 13.
761 3238 800 3297 Ρ.
832 3234 986 3300 Rutilius
1010 3235 1101 3318 ipse,
1137 3237 1239 3298 homo

186 3335 424 3400 sanctissimus
457 3349 490 3398 et
522 3338 874 3419 temperantissimus,
905 3340 1016 3400 multa
1045 3337 1177 3400 audiuit
1203 3337 1238 3398 in

186 3460 252 3500 sua
276 3459 401 3510 causa,
424 3460 511 3521 quae
537 3440 584 3500 ad
609 3440 838 3520 suspicionem
860 3452 1075 3522 stuprorum,
1099 3441 1145 3501 ad
1164 3439 1239 3502 libi·

187 3539 302 3602 dinem
329 3540 556 3621 pertinerent.
610 3540 710 3605 Cous.
747 3541 819 3605 Cic.
850 3545 888 3605 de
923 3543 1017 3606 orat.
1054 3546 1089 3616 1,
1122 3543 1175 3604 53.
1203 3564 1236 3623 p.

187 3643 310 3705 Scauro
340 3644 368 3716 1,
398 3644 429 3704 2.
476 3643 609 3724 Quintil.
636 3644 701 3720 XI,
732 3649 761 3719 1,
796 3645 846 3705 12.
893 3644 1030 3707 Orosius
1054 3646 1091 3718 b,
1118 3647 1170 3707 17.

250 3744 370 3806 Florus
397 3746 426 3818 3,
457 3749 507 3807 17.
560 3745 755 3811 Iudiciaria
777 3747 851 3827 lege
882 3746 1029 3808 Gracchi
1052 3746 1238 3808 diviserant

183 3849 352 3928 populum
370 3869 565 3921 romanam,
589 3859 621 3910 et
650 3848 820 3929 bicipitem
850 3870 896 3910 ex
922 3846 1169 3936 unofecerant
1189 3846 1236 3908 ci·

186 3945 337 4012 vitatem.
380 3950 524 4032 Equites
549 3950 685 4011 romani
707 3962 806 4012 tanta
823 3962 995 4031 potestate
1022 3948 1181 4020 subnixi,
1200 3959 1238 4009 ut

185 4049 245 4134 qui
256 4049 350 4140 fata
363 4051 608 4142 fortunasque
643 4053 842 4133 principum
872 4053 1033 4112 haberent
1058 4049 1093 4108 in
1118 4069 1234 4123 manu,

187 4153 385 4236 interceptis
412 4153 635 4234 vectigalibus
668 4155 917 4234 peculabuntur
950 4172 1014 4210 suo
1045 4150 1120 4210 iure
1149 4173 1238 4213 rem·

183 4255 370 4336 publicam.
416 4259 564 4318 Senatus
589 4255 700 4317 exitio
724 4255 870 4325 Metelli,
898 4251 1118 4314 damnatione
1139 4254 1238 4316 Ruti·

187 4355 226 4418 lii
253 4356 451 4419 debilitatus
475 4377 573 4420 omne
599 4358 701 4420 decus
728 4355 918 4419 maiestatis
939 4352 1120 4417 amiserat.
