2958 4840
248 299 311 366 634

243 467 391 540 parata,
425 475 515 520 nunc
541 475 647 538 apere
669 454 823 538 largiore
849 466 952 522 aucta
976 453 1156 538 processit.
1201 452 1294 521 Hitic

244 569 488 643 argumentum
507 569 559 620 est
579 556 763 637 repudiata
779 579 943 634 censura,
963 579 1066 642 quam
1085 568 1165 620 tunc
1181 557 1293 622 totius

243 673 383 726 senatus
392 658 546 750 fugavit
567 659 770 724 atsctoritus.
816 662 910 726 Nolo
932 659 1087 734 mireris,
1123 660 1292 744 gravissi·

244 785 337 828 mum
370 764 526 827 ordinem
556 761 796 846 magisterium
825 762 1010 846 respuisse.
1062 764 1103 828 In
1132 762 1292 826 oratione

242 878 364 932 nostru
399 886 467 930 non
505 868 592 930 leves
628 883 753 926 causas
788 865 934 928 evitatae
970 864 1071 928 tercius
1106 865 1291 947 potestatis

243 968 405 1031 invenies.

306 1071 515 1151 Symmachus
542 1068 646 1151 Epist.
678 1069 699 1130 l.
726 1072 759 1144 lt,
783 1069 833 1134 29.
877 1073 1102 1144 Commoneo,
1135 1089 1177 1132 ne
1207 1090 1288 1131 ora-

243 1173 347 1238 tionis
375 1174 477 1236 titulo
507 1183 656 1236 mutetur
685 1171 726 1234 de
757 1194 809 1234 me
837 1171 1051 1234 existimatio
1073 1183 1147 1234 tua.
1192 1174 1288 1236 Nam

243 1275 427 1358 repudiata
455 1296 603 1338 censura
630 1287 755 1357 gravat
784 1295 847 1338 nos
872 1273 1045 1356 principio
1073 1275 1149 1338 sala
1177 1296 1286 1357 argu-

241 1378 346 1442 menti
367 1378 587 1460 inspectione.
632 1377 699 1442 Sed
727 1377 785 1440 ubi
806 1377 899 1440 dicta
926 1377 1074 1459 legeris,
1103 1398 1181 1438 cum
1209 1397 1287 1440 een-

242 1482 351 1544 tentia
386 1501 462 1542 mea
495 1481 530 1542 in
560 1479 714 1563 gratiam
746 1479 940 1542 reuerteris.
998 1482 1098 1543 Hanc
1131 1490 1284 1562 partem,

239 1603 327 1666 quae
361 1593 562 1664 tempestate
591 1583 719 1646 reiecta
749 1593 819 1656 est,
864 1581 971 1646 totius
1003 1581 1137 1646 ordinis
1172 1580 1288 1644 nostri

239 1685 398 1748 antetulit
425 1685 633 1760 auctoritas,
664 1705 705 1748 ne
738 1685 801 1748 sub
831 1683 985 1766 specioso
1014 1683 1151 1748 nomine
1170 1680 1286 1770 fores

239 1787 471 1868 impudentiae
496 1787 628 1850 ambire
649 1786 761 1850 solitis
778 1787 1027 1867 panderentur.
1072 1788 1192 1850 Plures
1216 1785 1285 1847 uti·

239 1887 347 1950 litatis
376 1899 409 1949 et
429 1887 617 1950 honestatis
638 1888 847 1950 assertiones
874 1888 910 1950 in
932 1887 1009 1974 ipso
1035 1907 1179 1970 corpore
1201 1907 1283 1950 orn-

240 1989 345 2054 tionis
360 1990 519 2055 invenies.

274 2109 368 2152 reiecto
386 2105 434 2166 ut]
471 2113 586 2151 resecata
605 2115 642 2153 est
661 2109 714 2153 sod.
735 2107 815 2152 Paris.
836 2113 894 2152 teste
912 2107 1051 2153 Dnsbnsro.

301 2227 510 2306 Symmachus
546 2228 569 2290 Ι.
602 2230 638 2300 5.
681 2229 712 2294 9.
771 2232 871 2294 Duas
904 2227 1141 2292 oratiunculas
1173 2247 1285 2312 nuper

239 2329 351 2392 editas
373 2351 396 2391 a
417 2330 513 2392 nobis
535 2331 625 2394 misi.
669 2327 803 2395 Earum
826 2351 896 2392 uno
917 2330 963 2392 od
990 2330 1141 2392 urbanos
1164 2326 1283 2410 fasces

240 2435 463 2494 resultantem
493 2433 602 2496 tenuit
633 2432 873 2506 candidatum,
907 2433 1009 2494 atteri
1037 2443 1284 2514 argumentum

239 2534 332 2598 dedit
346 2533 417 2596 iam
440 2535 577 2618 pridem
592 2535 728 2598 decreto
745 2546 886 2600 senatus
904 2534 1099 2616 improbata
1123 2554 1283 2596 censura.

237 2636 306 2706 Sed
327 2636 494 2700 iudicium
516 2659 645 2712 meum,
669 2659 747 2700 cum
768 2659 823 2700 res
841 2648 918 2698 acta
935 2649 1005 2712 est,
1028 2636 1181 2701 habitunt
1196 2658 1283 2720 prce

235 2739 365 2822 pagani
400 2761 501 2820 apere
528 2740 699 2822 largiore:
737 2760 796 2802 nec
825 2739 908 2802 mihi
941 2738 1024 2802 vitio
1058 2751 1172 2802 vertas
1205 2738 1282 2820 pri·

238 2862 316 2906 scae
338 2841 530 2904 severitatis
552 2844 742 2924 repulsam:
774 2862 854 2904 nom
877 2840 1063 2925 quaedam,
1092 2841 1177 2906 solis
1204 2861 1281 2922 spe·

235 2942 328 3006 ciosa
342 2943 553 3020 nominibus,
579 2966 645 3006 usu
659 2956 692 3006 et
705 2943 921 3026 experiundo
935 2945 1125 3026 plurimum
1144 2955 1279 3007 nocent.

234 3045 399 3112 Rationes
419 3046 606 3108 sententiae
623 3068 717 3110 meae
736 3049 843 3110 lector
859 3046 1022 3110 inuenies.
1056 3048 1144 3111 Volo
1164 3057 1281 3108 tamen

234 3147 281 3208 od
301 3147 545 3229 inspectionem
567 3149 737 3212 dictorum
759 3148 856 3231 parti
873 3148 1008 3234 utrique
1026 3169 1157 3232 aequus
1184 3169 1279 3210 acce·

235 3248 311 3312 das.
348 3249 550 3322 merebitur,
580 3263 618 3312 ut
640 3272 762 3334 spero,
793 3251 963 3314 orationis
985 3251 1152 3326 assertio,
1181 3261 1219 3314 ut
1240 3262 1281 3312 tu

229 3349 354 3423 etiam,
369 3351 547 3414 vetustatis
560 3364 751 3434 patronus,
768 3353 969 3417 auctoritati
989 3353 1119 3419 ordinis
1138 3373 1279 3417 manum

231 3451 410 3537 porrigas.

268 3569 329 3628 una]
367 3571 445 3616 oratio
464 3583 508 3626 pro
526 3568 576 3616 filio
594 3571 700 3624 Polybii.

517 3671 561 3728 13.
604 3670 703 3728 Oratio
724 3688 777 3744 pro
796 3673 907 3745 Polybii
927 3674 996 3732 fitis.

295 3774 419 3838 Orator
457 3771 488 3836 in
525 3775 585 3837 hac
622 3773 769 3840 aratione
806 3773 979 3854 Polybium
1016 3778 1057 3840 sd
1094 3787 1275 3856 praeturam

234 3874 479 3942 conmendavit.
504 3939 506 3945 ,

294 3979 501 4058 Symnmchus
524 3976 631 4058 Epist.
657 3978 675 4042 l.
700 3981 736 4054 lt,
767 3981 820 4042 te.
867 3979 956 4044 Misi
977 3981 1024 4042 ad
1045 3981 1276 4044 eruditionem

231 4095 328 4144 tuam
357 4081 444 4143 duos
480 4081 717 4144 oratiuntutas
748 4095 906 4155 nostras,
945 4105 1093 4166 quarum
1130 4071 1279 4149 unaad

232 4183 367 4267 Polybii
381 4181 503 4256 filium
524 4183 700 4264 pertinens
720 4207 768 4256 ex
791 4185 917 4248 recenti
939 4185 1079 4268 negotio
1101 4198 1183 4247 nata
1209 4198 1275 4248 est.

295 4285 402 4363 Atque
425 4281 448 4346 l.
469 4284 504 4356 5,
532 4285 563 4346 9.
609 4287 709 4349 Duos
731 4287 966 4358 oratiunculas
989 4309 1098 4370 nuper
1118 4289 1230 4354 editas
1252 4311 1277 4353 a
