2992 4844
1151 368 1210 428 att

250 561 276 621 1.
319 561 419 618 Oratio
445 557 474 614 lu
492 557 536 616 u.
563 559 718 614 Aemitium
742 557 880 614 Scaurum
902 557 964 627 tege
988 557 1119 614 Servitia.

228 697 276 757 Ea
308 714 400 755 causa
434 688 516 752 dicta
546 701 593 752 est
615 710 643 756 a.
668 688 728 750 663
752 689 828 766 (91).
853 687 938 751 Vide
966 702 1055 754 orat.
1086 693 1210 758 Scauri

164 823 198 880 p.
217 799 290 860 257.
315 795 366 857 De
385 793 457 872 lege
481 789 617 854 Servilia
646 793 890 872 repetundarum
908 813 938 853 v.
965 793 1064 854 Index
1085 795 1209 880 Legum

165 898 340 966 Tullianus.

230 999 302 1064 Cic.
327 1023 361 1080 p.
386 997 508 1059 Scauro
534 1001 569 1071 1,
602 997 633 1057 2.
689 1001 841 1060 Scaurus
871 1019 950 1058 reus
973 997 1165 1089 estfactus
1188 1025 1211 1064 a

165 1109 208 1190 Q.
225 1101 370 1167 Seruilio
393 1099 562 1181 Caepione
584 1101 659 1182 lege
682 1098 838 1172 Seruilia,
863 1121 940 1160 cum
962 1101 1092 1165 iudicia
1106 1125 1210 1186 penes

165 1215 353 1292 equestrem
371 1202 528 1265 ordinem
543 1213 654 1264 essent
676 1214 708 1263 et
728 1203 766 1264 P.
784 1202 915 1266 Rutilio
933 1203 1097 1268 damnato
1112 1228 1212 1270 nemo

166 1320 237 1371 tam
260 1307 422 1369 innocens
446 1303 630 1374 uideretur,
655 1313 692 1363 ut
715 1324 783 1365 non
806 1303 942 1367 timeret
964 1306 1035 1369 illa.

234 1405 392 1471 Asconius
408 1405 440 1468 iu
458 1404 661 1468 Scauriaoam
685 1427 718 1485 p.
745 1407 797 1467 21.
842 1410 885 1488 Q.
905 1409 1069 1472 Seruilius
1085 1413 1212 1494 Caepio

169 1518 340 1577 Scaurum
362 1510 404 1572 ob
435 1507 618 1591 legationis
647 1507 820 1570 Asiaticae
842 1508 1006 1573 inuidiam
1033 1522 1066 1574 et
1094 1514 1214 1576 aduer-

170 1635 229 1676 sus
252 1615 345 1694 leges
367 1622 549 1693 captarum
573 1609 800 1690 pecuniarum
827 1633 924 1672 reum
933 1609 1033 1700 fecit
1055 1628 1213 1696 repetun-

170 1716 297 1778 darum
320 1717 405 1796 lege,
430 1733 532 1796 quam
556 1711 635 1773 tulit
658 1712 823 1774 Servilius
844 1715 1002 1777 Glaucia.

276 1873 305 1930 2.
347 1869 448 1928 Oratio
472 1886 525 1941 pro
547 1886 579 1928 sa
601 1874 700 1927 contra
722 1868 763 1925 M.
789 1869 944 1926 Aemilium
966 1871 1115 1930 Scaurum.

236 1988 282 2048 Ea
306 1997 353 2047 est
377 1982 482 2044 habita
506 2003 535 2044 a.
562 1983 621 2044 663
645 1978 723 2063 (91).
751 1979 834 2084 Yide
857 1994 948 2044 orat.
968 1986 1092 2048 Scauri
1115 1987 1158 2048 N.
1181 1989 1214 2050 8.

197 2134 206 2154 .
228 2087 301 2152 258.

149 2111 194 2276 ,Ρ
236 2187 396 2254 Ascanius
418 2187 451 2250 in
474 2186 678 2250 Scaurianam
703 2207 736 2267 p.
762 2187 813 2249 21.
837 2190 881 2270 Q.
904 2190 1070 2254 Seruilius
1089 2193 1217 2274 Caepio

173 2297 343 2358 Scaurum
358 2293 401 2354 ob
418 2289 602 2372 legationis
625 2289 801 2352 Asiaticae
824 2289 989 2354 inuidiam
1004 2305 1037 2355 et
1050 2293 1217 2358 aduersus

175 2398 269 2478 leges
283 2405 462 2476 captarum
475 2390 702 2474 pecuniarum
724 2413 822 2452 reum
831 2389 931 2480 fecit
950 2396 1219 2474 repetundarum

175 2499 270 2579 iege,
305 2518 407 2579 qrtam
437 2494 516 2559 tulit
550 2494 715 2557 Seruilius
746 2493 904 2556 Glaucia.
938 2497 1090 2558 Scaurus
1122 2507 1220 2558 tanta

167 2596 253 2689 suit
267 2598 476 2660 continentia
496 2595 604 2658 animi
626 2607 659 2657 et
681 2595 930 2677 magnitudine,
958 2607 996 2658 ut
1016 2597 1220 2678 Caepionem

179 2711 301 2770 contra
322 2721 421 2761 reum
450 2697 628 2770 detulerit,
660 2708 697 2760 at
726 2696 879 2760 breuiore
912 2698 966 2760 die
987 2699 1221 2782 inquisitionis

178 2813 319 2882 accepta
342 2801 516 2888 effecerit,
551 2812 589 2863 ut
618 2800 673 2862 ille
700 2800 801 2880 prior
829 2821 970 2862 causam
992 2801 1137 2878 diceret,
1164 2805 1219 2868 M.

178 2925 312 2987 quoque
328 2907 485 2967 Drusum
507 2902 684 2966 tribunum
704 2905 752 2984 pl.
776 2904 976 2966 cohortatus
998 2904 1055 2978 sit,
1081 2917 1119 2966 ut
1132 2905 1222 2967 iudi·

178 3007 233 3068 cia
254 3017 494 3069 commutaret.

286 3145 314 3203 3.
355 3144 454 3200 Oratio
476 3144 506 3198 in
529 3143 568 3201 Μ.
592 3143 747 3201 Aemilium
771 3143 910 3200 Scaurum
931 3146 994 3216 lege
1019 3146 1116 3202 Varia.

248 3278 294 3338 Ea
318 3274 423 3338 oratio
448 3273 528 3336 dieta
553 3286 599 3336 est
624 3296 653 3336 a.
678 3275 740 3336 661
769 3276 848 3352 (90).
874 3277 916 3358 Q.
941 3275 1056 3341 Varius
1078 3275 1224 3342 tribunus

182 3378 229 3460 pl.
254 3400 283 3440 a.
308 3375 370 3438 661
393 3377 462 3457 (90)
484 3377 586 3459 legem
611 3376 698 3450 tulit,
723 3389 756 3438 ut
778 3391 985 3460 quaereretur
1008 3382 1046 3443 de
1068 3378 1119 3456 iis,
1144 3401 1225 3465 quo-

185 3503 254 3559 rum
287 3500 349 3560 ope
378 3477 556 3543 consiliove
585 3478 665 3543 socii
699 3490 810 3541 contra
839 3481 992 3560 populum
1027 3502 1111 3545 rom.
1141 3505 1226 3546 arma

185 3581 385 3653 suasissent,
408 3602 467 3643 nec
498 3582 595 3644 multo
623 3592 697 3661 post
726 3578 815 3642 multi
843 3580 1013 3660 optimates
1036 3604 1070 3644 ea
1102 3584 1173 3667 lege
1195 3586 1227 3648 in

185 3682 336 3747 iudicium
371 3685 586 3757 vocabantur,
621 3703 701 3767 quos
729 3683 812 3742 inter
840 3681 990 3744 Scaurus.
1021 3683 1101 3746 Cum
1127 3700 1228 3750 autem

188 3783 377 3846 auctoritate
401 3785 469 3847 eius
492 3794 679 3858 commotus,
706 3781 826 3844 Varius
849 3795 1015 3846 accusator
1038 3789 1078 3848 ab
1100 3809 1228 3850 accusa·

187 3881 274 3946 tione
298 3885 477 3958 destitisset,
502 3887 545 3967 Q.
571 3884 706 3966 Caepio,
731 3895 821 3946 vetus
842 3881 986 3946 inimicus
1009 3887 1131 3961 Scauri,
1156 3908 1228 3948 cau-

188 4007 254 4049 sam
287 3987 428 4070 recepit,
467 3987 647 4070 iterumque
680 4008 750 4048 cum
789 3988 897 4046 cadem
935 3986 1006 4066 lege
1036 4007 1124 4048 reum
1146 3986 1229 4050 fecit

188 4087 279 4172 quasi
303 4089 414 4153 socios
442 4099 473 4151 et
501 4088 619 4148 latinos
647 4090 686 4146 ad
717 4087 833 4148 bellum
855 4084 1028 4148 incitasset.
1054 4087 1172 4150 Cicero
1195 4111 1230 4169 p.

189 4193 312 4255 Scauro
343 4214 374 4253 c.
407 4194 446 4265 1,
470 4191 502 4250 3.
527 4185 687 4250 Asconius
719 4186 751 4247 iu
781 4184 984 4248 Scauriauam
1012 4208 1047 4267 p.
1071 4188 1124 4249 22.
1149 4187 1233 4254 Vide

188 4293 376 4356 Orationes
398 4289 523 4356 Scauri
545 4310 577 4350 a.
604 4287 653 4352 10.
683 4308 717 4367 p.
742 4288 817 4349 261.

242 4397 318 4437 ustie
329 4395 451 4436 animm.
462 4395 542 4446 rag...
558 4389 616 4432 aa.
1015 4398 1053 4459 Ἡ
