2958 4840
1202 362 1261 426 557

210 505 384 598 tionibus,
413 523 496 606 quia
516 521 636 582 laxior
658 529 708 578 est
739 521 903 592 materia,
934 519 1047 582 minus
1074 520 1262 582 earundem

209 638 400 690 annotatur
421 621 574 685 iteratio.
622 623 663 685 ln
692 617 918 690 scholasticis,
951 616 982 677 si
1008 617 1130 678 eudem
1165 629 1257 688 sunt,

215 749 302 811 quae
325 726 498 798 dicuntur,
523 724 605 805 quia
623 740 740 802 pauca
761 731 851 793 sunt,
877 730 1054 781 notantur.
1099 759 1128 772 -
1151 720 1262 782 Habet

211 833 273 892 hoc
298 833 492 892 Montanus
514 825 647 886 uitium.
671 821 857 885 sententias
880 840 963 882 suos
981 821 1163 900 repetendo
1184 843 1259 884 cor-

209 931 349 1013 rumpit.
374 930 456 990 dum
479 948 546 989 non
570 936 622 987 est
643 934 832 996 contentus,
851 942 958 983 tinam
973 943 1045 982 rem
1061 922 1255 984 aemeliano

207 1033 336 1105 dicere,
372 1029 511 1118 efficit,
547 1048 588 1090 ne
621 1025 869 1088 benedixerit.
907 1026 954 1087 Et
975 1033 1119 1104 propter
1139 1025 1202 1085 hoc
1223 1037 1256 1086 et

206 1135 287 1205 alia,
312 1131 433 1214 quibus
457 1140 577 1190 orator
598 1139 710 1207 potest
731 1138 852 1208 poetae
874 1125 999 1187 similis
1021 1122 1140 1198 videri,
1172 1127 1257 1186 sole·

208 1237 265 1295 bat
288 1235 440 1294 Scaurus
464 1233 672 1291 Montanum
695 1228 811 1290 inter
832 1239 1033 1289 oratores
1055 1225 1257 1290 Ovidium

212 1354 347 1394 vocure.
372 1351 451 1389 nam
474 1340 506 1389 et
528 1328 672 1391 Ouidius
695 1325 824 1403 nescit,
838 1329 928 1410 quod
950 1329 1030 1390 bene
1053 1328 1171 1401 cessit,
1203 1350 1255 1390 re-

206 1435 370 1515 linquere.
394 1428 528 1512 (Eadem
553 1429 702 1510 leguntur
731 1429 763 1490 in
787 1432 869 1494 Exc.
895 1428 1057 1492 Controv.
1089 1429 1111 1491 l.
1143 1430 1172 1494 9.
1202 1431 1257 1492 dc·

208 1538 298 1597 clam.
324 1535 355 1594 5.
379 1554 411 1612 p.
438 1530 527 1608 508.)

241 1675 364 1736 Scaurus]
385 1677 521 1720 Mamercus
531 1674 647 1717 Aemilius
656 1675 769 1728 Scaurus,
789 1676 817 1718 de
837 1687 883 1730 quo
893 1675 962 1728 paulo
975 1681 1028 1730 post
1043 1677 1147 1720 dicemus
1158 1690 1181 1732 p.
1194 1672 1253 1723 558.

309 1797 336 1852 l.
378 1795 479 1852 Oratio
498 1810 551 1865 pro
572 1791 654 1848 Galla
674 1791 801 1848 Numisia
822 1794 897 1870 apud
921 1795 1124 1852 centumviros.

271 1930 390 1991 Seneca
415 1926 577 1990 Controv.
606 1922 629 1983 l.
662 1927 693 1982 lt.
724 1944 757 2002 p.
789 1925 862 1984 335.
918 1927 1084 2000 Memini,
1109 1930 1252 1991 Monta.

207 2053 290 2093 num
316 2030 499 2094 Votienum
520 2047 598 2107 pro
621 2027 749 2087 Galla
771 2026 973 2088 Numisia
993 2029 1089 2108 apud
1103 2041 1253 2092 centum-

205 2134 299 2193 viros
321 2129 519 2191 tirocinium
539 2147 680 2206 ponere.
725 2129 784 2188 Ex
807 2127 910 2185 uncia
931 2129 1025 2191 heres
1047 2139 1122 2188 erat
1140 2130 1254 2210 patris

205 2232 261 2293 sui
273 2233 386 2293 Galla.
403 2229 625 2291 obiiciebatur
641 2226 691 2288 illi
714 2226 929 2302 veneficium.
953 2228 1045 2290 dixit
1060 2250 1133 2290 rem
1148 2231 1255 2292 diser·

210 2333 380 2395 tissimum
402 2342 435 2392 et
457 2329 651 2391 omnibus
681 2329 840 2390 seculis
871 2329 1146 2404 duraturam,
1172 2333 1255 2414 quia

203 2433 317 2495 nescio
339 2453 385 2492 an
401 2431 586 2514 quidquam
609 2429 729 2490 melius
752 2429 835 2508 inco
848 2451 973 2512 genere
986 2452 1171 2492 causarum
1183 2433 1252 2494 dic·

204 2545 288 2594 tum.
344 2532 486 2594 Unciam
516 2552 577 2591 nec
600 2529 705 2606 filiae
727 2530 842 2592 deberi
874 2552 934 2592 nec
966 2531 1151 2608 veneficae.
1183 2555 1252 2596 non
1335 2547 1336 2551 ’

189 2633 275 2723 fuit
298 2645 487 2707 contentus,
512 2631 668 2694 adiecit:
695 2636 736 2698 ln
755 2633 914 2713 paternis
935 2634 1060 2695 tabulis
1075 2633 1180 2710 filiae
1201 2637 1250 2698 lo·

202 2756 262 2797 cus
282 2746 343 2796 aut
366 2756 449 2796 suus
472 2734 612 2794 debetur
634 2745 694 2794 aut
717 2737 843 2796 nullus.
887 2735 1089 2798 Etiamnum
1110 2737 1251 2798 adiicit:

200 2835 379 2918 Relinquis
402 2834 544 2897 nocenti
566 2836 728 2908 nimium,
753 2837 924 2898 innocenti
943 2857 1079 2916 parum.
1121 2840 1177 2900 Ne
1202 2838 1251 2900 sic
1355 2841 1357 2844 ’

199 2937 335 3018 quidem
369 2937 498 3000 satiare
528 2959 563 2999 se
589 2938 722 3019 potuit;
748 2937 891 2999 adiecit:
922 2940 1004 3002 Non
1028 2948 1144 3018 potest
1164 2937 1251 3016 stlia

200 3049 271 3098 tam
293 3050 440 3120 anguste
460 3039 617 3118 paternis
638 3039 763 3100 tabulis
784 3039 982 3112 adhaerere,
1006 3059 1093 3122 quas
1114 3051 1176 3100 aut
1198 3052 1249 3102 to-

199 3151 253 3200 tas
273 3139 451 3219 possidere
473 3140 581 3211 debet,
606 3151 666 3200 aut
679 3151 771 3202 totas
784 3139 941 3220 perdere,
960 3151 993 3201 et
1009 3142 1114 3220 plura
1128 3143 1248 3216 multa,

198 3261 289 3321 quae
313 3241 480 3303 memoria
502 3261 570 3302 non
593 3252 721 3320 repeto.
752 3243 812 3304 Ex
834 3240 877 3301 iis
900 3241 1068 3323 quaedam
1091 3243 1133 3302 in
1155 3263 1249 3304 ora·

197 3341 356 3403 tionem
378 3343 530 3414 contulit,
547 3353 579 3402 et
600 3341 671 3401 alia
691 3343 924 3424 pluraquam
945 3342 1096 3418 dixerat,
1109 3343 1247 3406 adiecit.

199 3443 300 3504 Nihil
321 3463 388 3506 non
411 3466 457 3504 eor
479 3444 528 3505 eis
564 3443 687 3505 bellum
708 3454 775 3514 est,
800 3444 831 3504 si
852 3446 964 3506 solum
987 3444 1051 3507 sit:
1073 3444 1159 3507 nihil
1179 3464 1248 3507 non

200 3563 325 3604 rursus
346 3565 393 3604 ea
415 3543 465 3604 eis
486 3543 588 3604 alteri
611 3543 736 3604 obstat.
831 3532 834 3538 ’

440 3677 468 3730 2.
491 3676 590 3730 Oratio
608 3691 661 3744 pro
680 3691 712 3730 se
732 3681 831 3731 contra
851 3677 1006 3732 Vinicium.

261 3774 439 3836 Accusavit
460 3774 600 3838 Vinicius
623 3776 812 3837 Montanum
837 3775 1009 3839 Votienum
1040 3782 1123 3860 apud
1147 3779 1245 3842 Tibe·

195 3872 276 3934 rium
301 3874 483 3949 Caesarem,
508 3897 525 3936 a
548 3875 675 3952 colonia
697 3878 903 3941 Narbonensi
924 3890 1066 3960 rogatus,
1108 3919 1109 3922 κ
1208 3961 1209 3964 ¹

259 3974 515 4043 SenecaC0nt.l.
527 3976 558 4036 3.
569 3998 602 4057 p.
616 3978 687 4042 tet.
706 3978 873 4052 Vinicius,
895 3979 1110 4042 exactissimi
1124 3980 1177 4041 vir
1192 3981 1245 4042 in-

193 4076 298 4158 genii,
314 4077 373 4159 qui
382 4076 560 4138 necdicere
570 4078 941 4171 resineptasnecferre
949 4091 1099 4162 poterat,
1114 4083 1244 4144 solebat

194 4179 282 4239 lianc
297 4177 501 4240 sententiam
510 4177 650 4241 Seniani
660 4180 827 4255 deridere,
844 4181 1089 4245 etsimilemilli
1103 4180 1243 4268 referre

193 4278 229 4339 in
259 4277 460 4342 oratione
488 4278 649 4341 dictam
678 4283 881 4345 Montani
912 4283 1104 4348 Votieni.
1130 4287 1239 4361 ,Aere
