2992 4844
1170 341 1231 406 313

214 503 258 549 Cn.
281 498 393 560 Vsterio]
431 503 556 559 legendum
576 503 683 548 videtur:
704 497 730 546 C.
751 497 821 546 Getta
839 513 886 560 pro
904 499 949 548 Cn.
966 499 1078 548 Veturio.
1097 501 1228 550 Pouchis·

249 591 307 648 tegit
325 602 348 642 p.
373 583 430 633 195.
453 582 480 632 C.
500 583 569 630 Cotta
592 601 640 644 pro
663 584 707 632 Gn.
730 587 839 640 Vsterio,
865 590 961 636 Ellendt
979 596 1059 638 nutem
1078 605 1103 648 p.
1126 591 1228 638 xcvtt.

248 692 293 720 non
314 676 374 720 hunc
394 673 490 718 Cottam
509 676 601 720 Veterii
621 680 750 730 patronum
769 677 844 722 fuisse
864 678 963 732 scribit,
984 681 1026 724 sed
1045 681 1073 724 de
1093 681 1227 726 Messalino

247 766 328 818 Cotta,
350 763 448 807 Corvini
467 760 526 814 lilio,
548 763 699 822 cogitandum
717 769 791 820 putat.
813 764 865 810 Non
885 768 1013 812 assentior.

242 899 367 964 Nonius
383 921 417 981 p.
445 900 516 962 119.
563 900 762 964 Plebitotem
779 900 1028 986 ignobilitatem.
1053 907 1140 968 Cato
1159 925 1227 987 pro
1260 949 1304 976 χ

180 1003 346 1068 Veturio:
365 1013 511 1084 propter
531 1004 732 1066 tenuitatem
757 1015 860 1088 atque
878 1007 1087 1088 plebitntem.

213 1164 272 1210 Coto
288 1178 337 1222 pro
356 1163 468 1224 Veturio]
506 1167 630 1224 legendum
655 1181 708 1212 esse
732 1165 801 1212 Cotto
816 1180 864 1224 pro
887 1165 1004 1222 Veturio,
1030 1169 1224 1222 supradiximus

247 1267 301 1312 ρας.
323 1247 353 1297 66
374 1257 398 1298 el
419 1249 475 1296 112.

375 1428 404 1484 9.
437 1426 546 1515 Ὀταῑίο
568 1428 604 1483 de
626 1427 739 1497 legibus
762 1429 822 1484 suis
841 1427 1025 1498 arrogandis.

242 1559 430 1620 Duebnerus
459 1556 491 1619 in
523 1556 663 1620 editione
696 1579 751 1620 sua
781 1561 1048 1641 Fragmentorum
1080 1581 1223 1624 meorum

176 1684 209 1742 p.
235 1659 296 1720 280
318 1659 450 1722 scribit:
476 1659 585 1724 Addit
613 1663 779 1744 Eggerus
810 1661 880 1725 Cic.
907 1663 972 1726 Or.
1000 1683 1038 1744 p.
1063 1662 1222 1726 Cornelio

162 1761 314 1851 fragm.
344 1763 375 1824 8.
408 1765 586 1826 Possum
618 1763 780 1837 dicere,
817 1764 1026 1826 hominem
1060 1784 1224 1826 summa

172 1865 427 1946 prudentia,
451 1869 488 1932 0.
515 1868 695 1939 Cottam,
726 1865 775 1927 de
802 1865 890 1928 suis
913 1865 1221 1948 legibusabro·

174 1967 328 2049 gaudis
358 1967 496 2048 ipsum
534 1967 589 2028 acl
619 1978 812 2032 senatum
841 1969 1065 2034 retulisse.
1098 1967 1222 2051 Quodsi

175 2091 215 2130 ex
248 2069 296 2130 his
335 2068 442 2132 verbis
485 2067 596 2152 colligi
631 2081 739 2150 potest
779 2071 880 2154 (quod
913 2069 1054 2150 dubito),
1091 2069 1219 2134 Cottam

176 2169 353 2234 orationem
384 2193 420 2233 ea
450 2175 489 2234 de
518 2194 552 2233 re
582 2171 754 2235 memoriae
784 2175 962 2246 mandasse,
996 2171 1104 2234 nescio
1127 2194 1166 2234 an
1188 2172 1220 2234 in

176 2273 338 2336 consulatu
372 2295 401 2336 a.
434 2275 494 2338 679
524 2275 593 2354 (75)
625 2296 660 2335 ea
695 2273 735 2336 sit
767 2273 864 2336 dieta.
898 2273 961 2336 Sed
989 2297 1070 2359 quae
1102 2272 1222 2336 luerint

175 2375 274 2458 leges,
291 2377 329 2438 de
350 2375 465 2461 quibus
487 2374 682 2460 abrogandis
706 2379 745 2437 ad
768 2388 908 2438 senatum
932 2374 1101 2450 retulisset,
1118 2375 1222 2438 ineer-

175 2489 239 2538 tnm
263 2489 329 2554 est,
353 2490 446 2564 atque
480 2481 559 2543 adso
590 2477 751 2540 Asconius
780 2498 910 2561 quoque
939 2475 971 2538 in
1001 2498 1035 2538 ea
1060 2499 1095 2539 re
1119 2475 1221 2540 hacsi·

174 2578 271 2653 tavit,
303 2591 336 2641 ut
363 2601 404 2642 ex
432 2579 471 2642 iis
499 2590 649 2662 apparet,
681 2601 762 2664 quae
792 2581 832 2641 ad
863 2577 1088 2642 Cornelianum
1119 2601 1155 2660 p.
1180 2579 1219 2641 66

173 2679 349 2746 adnotavit.
378 2681 476 2746 Conf.
502 2683 667 2746 Drumann
693 2691 717 2743 t.
745 2681 777 2744 3.
805 2704 837 2764 p.
864 2679 918 2744 86.

466 2877 567 2933 LVlll.
609 2877 640 2933 P.
666 2873 804 2948 Sulpicius
823 2875 922 2946 llusus.

237 3027 338 3088 Natus
361 3046 392 3088 a.
416 3026 477 3087 630
505 3027 614 3103 (121),
648 3028 761 3088 eodem
790 3047 874 3090 anno
907 3045 972 3110 quo
1004 3023 1114 3102 Cotta.
1139 3025 1219 3090 Nam

173 3128 204 3190 in
228 3129 329 3192 Bruto
352 3128 406 3190 88.
431 3130 540 3190 decem
564 3126 653 3190 annis
676 3126 854 3190 Hortensio
879 3125 982 3190 maior
1005 3125 1138 3202 dicitur,
1161 3126 1217 3212 qui

172 3251 255 3294 sono
280 3230 342 3292 640
371 3229 461 3313 (114)
490 3242 579 3292 nutus
609 3240 669 3292 est.
701 3234 863 3314 Quaestor
886 3251 915 3291 a.
941 3229 999 3291 661
1024 3229 1107 3308 (93).
1142 3228 1219 3291 Tri-

172 3333 274 3394 bunus
296 3331 400 3414 plebis
423 3353 450 3396 a.
473 3323 643 3410 666”(86),
668 3355 733 3416 quo
756 3332 787 3394 in
811 3331 999 3414 magistratu
1019 3353 1082 3412 pro
1106 3330 1218 3396 Mario

173 3447 284 3496 contra
318 3433 437 3496 Sullam
470 3433 566 3498 stetit.
598 3436 722 3498 Eodem
756 3456 838 3499 anno
873 3457 890 3496 a
925 3432 1011 3498 Sulla
1046 3433 1217 3499 occiditur.

172 3534 250 3600 Liv.
276 3536 367 3617 Epit.
401 3536 455 3598 66.
486 3539 538 3598 77.
573 3535 650 3600 Vid.
675 3540 813 3602 Abrens
841 3537 908 3602 Dt'e
937 3537 1013 3598 drsi
1045 3535 1218 3602 Volitstri·

171 3639 282 3701 bunun
300 3637 379 3702 Tib.
396 3641 585 3714 Gracchus,
603 3643 660 3704 M.
679 3640 798 3704 Liuius
821 3642 971 3714 Drusus,
989 3642 1029 3702 P.
1046 3637 1218 3721 Sulpicius

172 3737 307 3828 Rufus.
330 3741 478 3824 Leipzig
506 3741 601 3806 1836.
665 3781 668 3788 -

237 3857 358 3922 Cicero
381 3862 485 3924 Bruto
509 3861 559 3930 19.
602 3861 728 3925 Iisdem
740 3857 831 3949 fere
852 3859 1081 3940 temporibus,
1105 3870 1218 3920 aetate

170 3957 364 4050 itfferiores
392 3965 502 4044 paulo
533 3983 637 4046 quam
662 3963 791 4034 Iulius,
826 3961 887 4024 secl
913 3963 1073 4043 aequales
1093 3980 1218 4039 prope·

171 4064 312 4127 modum
322 4062 484 4153 fuerunt
513 4067 551 4130 G·
576 4066 694 4134 Cotta,
725 4065 763 4126 P.
788 4062 979 4144 Sulpicius,
1004 4065 1046 4140 Q.
1074 4059 1215 4136 Varius,

170 4170 233 4232 Gn.
258 4167 491 4248 Pomponius,
520 4169 559 4230 0·
591 4162 715 4237 Curio,
748 4169 789 4226 L.
813 4163 958 4240 Fuscus,
984 4165 1041 4226 M.
1066 4162 1216 4238 Drusus,

170 4271 209 4331 P.
237 4268 424 4342 Antistius,
449 4288 509 4330 nec
532 4269 604 4330 ullu
625 4275 737 4328 aetate
759 4264 898 4330 uberior
919 4275 1100 4326 oratorum
1122 4259 1218 4343 fetus
