2992 4844
1195 350 1255 410 sis

241 510 384 570 Sulpicius]
421 513 552 556 verisimile
574 519 625 569 est,
652 515 680 556 st
707 512 819 556 Publium
848 514 995 567 Sulpicium,
1025 527 1070 556 uon
1100 515 1127 555 ad
1147 513 1254 556 Servium

277 600 407 654 Sulpicium
421 575 546 644 referenda
561 614 613 644 esse
632 601 689 646 baec
708 600 790 660 verbe,
809 614 862 644 eum
882 601 904 644 in
918 603 1073 644 concionibus
1090 601 1118 648 P.
1137 601 1255 654 Sulpicius

278 690 348 744 longo
368 688 516 745 excelleret,
542 689 611 744 eique
635 689 679 732 boc
703 689 781 743 ipsum
807 689 955 746 eloquentiae
983 701 1057 746 genus
1078 689 1205 742 plurimum
1224 687 1253 729 ab

278 775 391 820 omnibus
411 777 571 832 scriptoribus
590 776 732 822 vindicelur.

650 931 814 988 Orationes.

274 1060 438 1145 Sulpicius
461 1063 519 1125 etsi
543 1061 771 1127 celeberrimus
798 1075 866 1127 eret
896 1074 1019 1139 orator,
1043 1065 1159 1128 nullam
1184 1089 1257 1132 ora-

210 1167 326 1228 tionem
343 1164 495 1246 scriptam
520 1165 687 1251 reliquisse
710 1165 826 1230 fertur.
852 1169 915 1230 Sed
931 1169 1082 1230 extabant
1097 1168 1258 1232 orationes

209 1269 267 1329 sub
291 1267 417 1332 nomine
447 1266 582 1350 Sulpicii
612 1270 710 1350 vulgo
740 1267 888 1345 habitae,
921 1291 1029 1332 verum
1053 1292 1080 1336 a.
1105 1269 1257 1346 Canutio,

214 1372 254 1432 de
277 1391 342 1454 quo
365 1368 449 1432 inira
474 1368 630 1444 dicemus,
655 1370 866 1453 compositae.

275 1489 396 1555 Cicero
414 1492 517 1555 Bruto
534 1513 563 1552 c.
589 1491 640 1554 56.
677 1490 821 1573 Sulpicii
843 1494 1016 1584 orationes
1032 1493 1258 1585 qrtoeferun-

212 1605 287 1670 tur,
320 1614 380 1655 eas
411 1604 491 1674 post
523 1605 669 1655 mortem
703 1594 777 1656 eius
810 1595 990 1676 scripsisse
1023 1598 1061 1658 P.
1093 1596 1261 1662 Canutius

211 1707 367 1778 putatur,
385 1696 539 1777 aequcdis
556 1718 663 1769 meus,
688 1699 790 1759 laomo
812 1708 918 1758 extra
932 1697 1087 1760 ordinem
1104 1711 1261 1760 nostrum

213 1819 287 1860 meo
303 1796 432 1860 iudicio
448 1799 709 1860 disertissimus.
734 1799 849 1880 Ipsius
866 1799 1009 1882 Sulpicii
1032 1803 1127 1861 ncilla
1148 1801 1262 1862 oratio

212 1910 275 1973 est,
301 1922 468 1984 saepeque
502 1923 548 1962 ex
581 1924 622 1961 eo
644 1900 780 1974 audivi,
814 1923 890 1962 cum
920 1924 954 1965 se
985 1902 1134 1965 scribere
1155 1923 1261 1985 neque

213 2024 395 2066 consuesse
418 2024 524 2085 neque
544 2025 648 2085 posse
670 2003 810 2066 diceuet.

248 2155 323 2193 extra
341 2147 455 2192 ordinem
473 2146 597 2206 nostrum]
635 2149 652 2192 i.
678 2163 701 2193 e.
728 2154 795 2192 extra
823 2151 933 2193 ordinem
958 2151 1116 2194 senatorium.
1146 2151 1262 2196 Stinililer

283 2252 305 2282 c.
328 2233 370 2282 48,
390 2236 567 2280 acutissimum
585 2235 671 2280 iudico
687 2237 771 2280 nostri
788 2236 888 2280 ordinis
908 2235 939 2296 Q.
958 2235 1115 2290 Sertorium,
1139 2238 1264 2296 equestris

253 2373 255 2378 ,
283 2322 310 2384 C.
330 2323 500 2383 Gergouiam.
519 2323 554 2366 De
575 2321 647 2368 offic.
670 2321 695 2382 2,
718 2321 758 2376 ¹8,
781 2319 822 2370 63.

280 2442 398 2508 Cicero
415 2445 558 2508 Oratore
575 2465 604 2504 c.
628 2442 681 2505 38.
728 2445 851 2504 Uterer
869 2444 1037 2524 exemplis
1052 2443 1260 2514 domesticis,

216 2547 283 2608 nisi
305 2567 347 2608 ea
374 2547 534 2627 legissem
565 2556 681 2606 raterer
709 2544 851 2618 alienis,
888 2546 939 2606 uel
970 2545 1107 2618 latinis,
1142 2545 1173 2606 si
1194 2546 1266 2606 ulla
1352 2542 1354 2544 ’

147 2656 151 2662 ’
217 2649 422 2730 reperirem,
455 2651 504 2710 vel
525 2647 682 2731 graecis,
714 2646 745 2708 si
774 2646 919 2708 deceret.
957 2647 1024 2711 Sed
1049 2644 1166 2710 Crassi
1185 2669 1265 2727 per·

215 2773 329 2832 pauca
354 2763 434 2814 sunt
461 2772 523 2812 nec
552 2771 594 2812 ea
621 2749 848 2822 iudiciorum,
879 2749 966 2812 nihil
996 2749 1157 2824 Antonii,
1183 2749 1288 2811 nillilx

161 2863 163 2866 ’
217 2857 355 2929 Cottae,
379 2853 467 2916 nihil
488 2852 643 2935 Sulpicii.

616 3029 642 3086 l.
684 3027 783 3085 Oratio
802 3071 808 3083 .
827 3071 832 3082 .
852 3069 859 3084 .

281 3163 330 3226 Ea
363 3160 470 3224 oratio
500 3182 529 3224 a.
565 3160 626 3224 659
657 3161 727 3239 (95)
755 3158 837 3222 dicta
864 3159 1000 3223 uidetur.
1034 3161 1264 3243 Argumentum

218 3263 389 3328 incertum.
1335 3268 1337 3272 ’

281 3364 353 3431 Cic,
378 3367 415 3427 de
438 3365 532 3428 Orat.
558 3366 592 3439 2,
618 3365 670 3426 21.
716 3367 906 3448 Sulpicium
925 3366 1079 3447 primum
1102 3366 1138 3428 in
1160 3387 1267 3428 causa

216 3470 364 3552 paruula
396 3468 690 3530 adolescentulum
728 3468 865 3542 audivi,
901 3492 979 3532 voce
1012 3480 1044 3530 et
1067 3466 1202 3559 forma
1234 3480 1267 3530 et

219 3582 316 3632 motu
338 3570 496 3652 corporis
518 3582 550 3632 et
573 3569 715 3653 reliquis
738 3571 837 3632 rebus
861 3571 952 3652 aptis
974 3571 1022 3633 ad
1042 3573 1105 3634 hoc
1128 3579 1264 3640 munus,

219 3673 376 3735 oratione
391 3683 508 3734 autem
527 3671 629 3734 celeri
651 3684 684 3734 et
706 3672 889 3744 concitata,
917 3674 1010 3756 quod
1031 3686 1105 3736 erat
1121 3672 1264 3757 ingenii,

220 3784 253 3834 et
276 3775 383 3838 verbis
406 3772 707 3861 effervescentibus
729 3786 762 3836 et
781 3777 888 3856 paulo
911 3775 1056 3837 nimium
1071 3776 1267 3838 redundan-

220 3873 329 3948 tibus,
354 3877 446 3958 quod
473 3890 549 3939 erat
571 3876 709 3939 aetatis.
750 3876 831 3941 Vidi
853 3876 971 3938 statim
993 3876 1142 3939 indolem
1163 3897 1271 3956 neque

221 3975 338 4039 dimisi
366 3990 502 4060 tempus
535 3991 568 4041 et
602 4000 681 4040 eum
717 3999 795 4041 sum
827 3981 1042 4052 cohortatus,
1076 3989 1114 4038 ut
1135 3973 1271 4059 forum

220 4079 286 4143 sibi
310 4081 431 4143 ludum
452 4093 592 4163 putaret
632 4101 705 4141 esse
738 4079 784 4140 ad
816 4079 1032 4150 discendum,
1064 4075 1272 4157 anagistrum

219 4193 354 4257 autem,
378 4205 478 4265 quem
500 4185 613 4256 vellet,
644 4180 806 4260 eligeret,
838 4202 889 4242 me
911 4179 1045 4263 quidem
1069 4177 1100 4240 si
1120 4174 1270 4252 audiret,

221 4289 262 4348 L.
278 4287 458 4348 Crassum.
492 4287 525 4350 V
524 4284 564 4348 ix
586 4301 700 4345 annius
715 4280 954 4344 intercesserat
979 4281 1021 4341 ab
1035 4284 1098 4344 hoc
1114 4297 1272 4342 sermone
