2966 4842
255 345 317 412 690

482 505 509 560 6.
533 503 633 562 orello
653 517 756 573 gruem
776 503 973 561 Alexandrino
993 503 1101 560 habito.

329 616 494 700 Augustus
517 614 713 687 Alexandria
736 637 765 678 τι.
791 616 852 678 724
874 616 941 694 (30)
964 628 1056 698 capta
1085 613 1117 678 iu
1141 615 1309 698 gymnasio

262 718 350 782 urbis
372 719 412 782 nd
433 716 521 782 cives
545 717 724 785 orationem
747 739 894 800 graecam
918 717 1009 782 dixit.
1043 715 1228 783 Verisimile
1250 729 1310 794 est,

259 821 440 904 Augustum
470 820 647 892 orationem
678 819 773 886 latine
796 819 971 895 formasse,
995 820 1181 903 Areumque
1202 819 1310 902 philo.

260 923 393 1004 sophum
417 920 450 984 in
466 943 616 1006 graecum
635 921 767 988 vertisse
782 941 975 986 sermonem.
997 922 1130 989 Suetou.
1152 921 1241 1005 Aug.
1253 923 1309 988 89.

261 1022 429 1087 Weichert
439 1045 474 1105 p.
487 1025 559 1088 123.
576 1045 617 1088 ex
629 1024 696 1088 eius
717 1023 803 1088 libro
815 1025 894 1091 haec
906 1023 1011 1090 omnia
1023 1022 1202 1089 sumsimus.

303 1126 391 1190 Plut.
416 1147 447 1198 v.
463 1125 597 1192 Antonii
620 1150 648 1191 ο.
660 1127 716 1190 80.
760 1127 897 1216 Καῖσαρ
918 1121 965 1204 εἰς
988 1120 1026 1192 τὸ
1047 1119 1229 1210 γυμνάσιον
1247 1121 1311 1202 εἰς-

263 1223 376 1294 ελθών
397 1234 453 1294 καί
478 1223 608 1312 ἀναβάς
639 1224 693 1297 ἐπὶ
720 1229 813 1315 βῆμα
834 1252 867 1296 τι
888 1231 1114 1314 πεποιημένον,
1136 1231 1312 1314 ἐκνιετιλημ-

260 1333 365 1414 μένων
385 1325 451 1398 ὑπὸ
469 1325 564 1412 δέους
578 1331 642 1397 τῶν
653 1325 843 1419 ἀνθρώπων
860 1334 915 1408 καὶ
930 1325 1208 1416 προςπιπτὸντωυ,
1228 1325 1310 1396 άνσι·

262 1432 380 1514 στῆναι
410 1429 564 1512 κελεύσας
584 1433 648 1524 ἔφη
675 1428 783 1516 πάσης
814 1427 924 1512 αἰτίας
957 1427 1014 1501 τὸν
1036 1431 1140 1517 δῆμον
1162 1426 1312 1524 ἀφιέναι,

260 1534 389 1622 πρῶτον
409 1543 469 1620 μὲν
490 1532 547 1602 διά
561 1532 619 1605 τὸν
633 1535 766 1618 κτίστην
783 1529 1017 1622 Ἀλέξανδρον,
1038 1529 1189 1618 δεύτερον
1203 1530 1237 1603 δὲ
1253 1534 1313 1616 τῆς

262 1631 388 1714 πόλεως
416 1632 602 1724 θαυμάζων
630 1636 668 1706 τὸ
696 1635 818 1716 κάλλος
848 1641 905 1705 καὶ
939 1631 978 1701 τὸ
1006 1630 1170 1722 μέγεθος,
1200 1637 1313 1725 τρίτον

261 1732 397 1827 (ΐΑρείῳ
434 1740 479 1835 τῷ
526 1739 645 1830 ἑταίρῳ
672 1735 897 1828 χαριζόμενος.
965 1737 1065 1812 conf.
1094 1739 1184 1814 Plu.
1216 1741 1311 1822 Apo·

264 1840 470 1922 phthegmata
495 1842 537 1902 T.
559 1841 593 1903 8.
617 1864 652 1923 p.
678 1841 738 1904 169
765 1843 816 1905 ed.
836 1845 930 1906 Heu.

326 1940 392 2004 Dio
414 1939 507 2005 Cass.
529 1942 550 2006 Ι.
575 1945 692 2018 51,16.
742 1944 814 2010 Τῶν
830 1939 1019 2030 Αἰγυπτίου
1033 1945 1097 2010 τῶν
1111 1969 1145 2010 τε
1153 1940 1308 2024 Ἀλεξαν-

263 2038 365 2132 ὃρὲιιν
378 2038 509 2111 πάντων
528 2044 693 2136 ἐφείσατο,
713 2037 794 2112 ίίστε
808 2042 854 2132 μὴ
873 2039 1022 2112 διολέσαι
1043 2041 1126 2112 τινά.
1142 2040 1313 2137 πρόφασιν

263 2147 298 2210 δὲ
336 2139 580 2235 προύβάλλετο,
620 2142 678 2214 τόν
711 2172 743 2213 τε
774 2143 859 2214 θεὸν
890 2144 947 2214 τὸν
978 2142 1139 2238 Σάραπιν
1171 2151 1226 2217 καὶ
1255 2143 1314 2213 τὸν

258 2241 477 2337 Ἀλέξανδρον
510 2243 567 2315 τὸν
592 2245 738 2330 οἰκιστὴν
759 2243 866 2318 αὐτῶν
887 2255 943 2316 καὶ
969 2250 1080 2341 τρίτου
1097 2245 1233 2340 ’Ἀρειον
1254 2243 1314 2316 τὸν

263 2353 410 2430 πολίτην,
429 2339 520 2441 ᾦπου
536 2353 779 2443 φιλοσοφοῦντί
791 2377 825 2419 τε
842 2357 899 2418 καὶ
920 2349 1052 2420 συνόντι
1072 2355 1104 2417 οἱ
1118 2351 1243 2442 ἐχρῆτο,
1256 2355 1313 2416 καὶ

264 2446 321 2518 τόν
332 2477 368 2540 με
382 2447 492 2536 λόγου,
504 2443 587 2520 δίοῦ
601 2450 743 2540 συνέγνω
758 2454 883 2546 σφίσιν,
898 2455 1069 2539 ἑλληνιστὶ,
1077 2445 1165 2532 ὅπως
1173 2453 1315 2521 συνῶσιν

264 2549 378 2633 αὐτοῦ,
394 2543 471 2622 εἷπε.

328 2655 469 2720 lulianus
490 2657 523 2718 iu
543 2655 682 2740 Epistol.
705 2660 744 2720 ad
765 2658 944 2721 Alexandr.
967 2659 1017 2728 61.
1032 2680 1066 2743 p.
1081 2658 1134 2720 96.
1152 2660 1204 2721 ed.
1221 2657 1315 2736 Hey-

265 2755 338 2821 leri.
383 2754 402 2824 ὁ
433 2755 611 2845 Σεβαστὸς
633 2753 838 2845 ἐπιδημήσας
855 2753 946 2846 ὑμῶν
972 2759 1011 2852 τῇ
1032 2753 1127 2825 πόλει
1151 2761 1207 2824 καὶ
1231 2753 1317 2844 πρὸς

267 2855 344 2938 τοὺς
365 2854 543 2951 ὑμετέρους
565 2860 703 2939 πολίτας
729 2863 928 2949 διαλεχθείς,
940 2850 1203 2946 ’Ἀνδρες,εἷττεν,
1220 2853 1317 2924 Ἀλε-

266 2962 429 3051 ξανὸρεῑς,
450 2959 572 3056 άιμίημι
587 2959 646 3044 τὴν
660 2958 756 3030 πόλιν
776 2961 885 3042 αἰτίας
904 2959 1012 3049 πάσης
1032 2959 1126 3029 άιὸοῑ
1143 2961 1202 3028 τοῦ
1215 2955 1317 3047 μεγά-

267 3067 326 3128 λου
348 3067 438 3131 θεοῦ
451 3061 671 3158 Σαράπιδος,
695 3062 799 3135 άυτοῦ
816 3093 849 3133 τε
871 3069 961 3134 ἕνεκα
979 3065 1038 3132 τοῦ
1055 3059 1160 3151 δήμου
1182 3067 1237 3131 καὶ
1256 3063 1319 3127 τοῦ

265 3158 433 3248 μεγέθους
464 3169 521 3247 τῆς
546 3163 679 3246 πόλεως.
706 3165 798 3234 αἰτία
824 3164 859 3234 δι’
886 3193 944 3253 μοι
968 3169 1060 3257 τρίτη
1083 3167 1141 3247 τῆς
1160 3161 1206 3242 εἰς
1229 3157 1318 3251 ὑμᾶς

269 3259 396 3341 εὐνοίας
414 3268 481 3332 ἐστὶ
499 3273 555 3332 καί
576 3263 594 3332 ὁ
618 3271 748 3358 ἑταῖρος
757 3267 902 3359 Ἄρειος.

437 3431 465 3487 6.
490 3431 630 3491 Lundalio
650 3432 779 3491 funebris
798 3433 838 3492 M.
860 3432 974 3492 Claudii
992 3435 1136 3500 Marcelli.

333 3563 383 3630 Eu
404 3573 454 3631 ess
474 3559 582 3631 habire
605 3583 634 3630 τι.
660 3563 719 3631 131
745 3563 826 3642 (23),
853 3581 919 3648 quo
942 3585 1024 3632 auno
1041 3564 1239 3641 Marcellus,
1263 3585 1318 3634 το·

269 3663 357 3732 roris
385 3662 526 3746 Augusti
556 3662 713 3734 Ousuvio
747 3664 850 3742 lilius,
889 3667 984 3732 henes
1014 3666 1166 3736 vinetum
1196 3663 1319 3742 nanis,

266 3775 503 3850 proptereaque
526 3767 565 3827 ab
588 3767 739 3850 Augusto
762 3771 949 3852 adoptetus,
974 3767 1068 3840 obiit.
1111 3767 1209 3840 Confi
1231 3767 1319 3840 Dru·

274 3887 367 3933 menn
388 3877 413 3932 t.
438 3867 469 3932 1.
487 3887 522 3948 p.
545 3865 617 3932 235.
642 3867 712 3933 243.
729 3879 755 3930 t.
772 3869 801 3936 9.
822 3890 855 3950 p.
873 3870 947 3934 402.
971 3871 1072 3953 Virg.
1088 3871 1175 3942 Aen,
1196 3871 1227 3946 6.,
1240 3870 1318 3940 ,861-

268 3969 340 4038 887.
367 3968 581 4052 Propous,
605 3967 655 4037 18.
698 3968 764 4039 Dio
787 3969 918 4044 Cassius
946 3972 1007 4047 53,
1032 3972 1083 4045 30.
1133 3969 1199 4046 Τὸν
1218 3967 1319 4060 Μάρ-

267 4073 381 4136 κελλον
418 4066 436 4136 ὁ
476 4067 672 4157 Αὔγουστος
706 4073 851 4164 δημοσία
893 4099 926 4142 τε
960 4073 1113 4164 ἔθαψεν,
1146 4068 1320 4149 ἐπαινέσας

266 4162 371 4260 άίςττερ
391 4173 535 4242 εἴθιστο.

330 4271 461 4336 Servius
484 4273 516 4336 iu
538 4274 676 4359 Virgilii
703 4277 877 4342 Aeneidem
904 4281 937 4353 1,
963 4278 1033 4345 719.
1077 4279 1170 4349 Posti
1192 4277 1318 4346 devota
