2966 4842
273 355 334 418 503

215 553 218 562 ,
273 521 383 594 putant
406 507 562 588 nonnulli,
586 513 674 596 qnod
698 527 738 574 ex
761 508 848 572 libro
871 505 1042 573 Ciceronis
1065 527 1082 572 a
1106 509 1214 574 Gellio
1242 511 1265 576 l.
1291 514 1324 576 1.

273 615 327 678 tt.
352 612 484 678 relatum
506 613 660 696 legimus:
686 613 742 678 Μ.
766 613 885 678 Cicero
917 612 953 674 in
974 612 1063 675 libro
1083 613 1143 696 qni
1176 614 1325 697 inserip-

273 729 330 780 tus
351 729 420 779 est:
444 717 497 780 De
519 717 595 780 iure
616 715 708 778 ciuili
728 716 764 778 in
786 727 898 776 artem
921 713 1110 796 redigendo
1123 717 1326 780 verbalem

269 819 408 901 posuit:
443 839 504 882 nee
539 841 621 882 uero
657 817 801 880 scientio
832 816 921 878 iuris
954 817 1144 882 maioribus
1172 818 1246 882 suis
1278 823 1325 902 Q.

273 921 394 984 Aetius
417 922 555 986 Tubero
576 919 705 1010 defuit,
730 919 888 982 doctrina
909 919 1013 982 etiam
1028 918 1222 1008 superfuit.
1248 923 1325 998 Sed,

273 1035 306 1085 ut
329 1021 429 1086 dicam
453 1025 542 1107 quod
564 1022 680 1098 sentio,
705 1022 798 1084 alium
823 1023 864 1102 Q.
885 1024 1104 1094 Tuberonem,
1127 1033 1203 1084 natu
1226 1022 1326 1086 meio·

273 1146 353 1202 rem,
377 1127 440 1186 hoe
462 1124 536 1187 loco
558 1123 796 1207 intelligendum
820 1122 982 1196 arbitr0r;
1015 1135 1138 1185 constat
1161 1123 1255 1199 enim,
1279 1126 1324 1205 Q.

276 1229 491 1302 Tuberonem,
515 1225 569 1311 qui
593 1225 760 1308 Ligarium
784 1223 957 1300 accusavit,
982 1245 1064 1288 anno
1089 1225 1150 1286 708
1165 1227 1325 1311 (lb),qu0

276 1351 369 1392 eausa
393 1339 461 1392 acta
484 1339 542 1403 est,
562 1328 708 1391 iuvenem
726 1330 827 1390 adhue
843 1325 959 1402 fuisse,
977 1339 1071 1414 atque
1087 1329 1127 1388 ab
1141 1349 1180 1390 eo
1197 1330 1322 1390 deinum

275 1445 419 1514 tempore
443 1430 572 1493 desiisse
596 1452 705 1492 causas
728 1450 845 1513 agere,
877 1442 908 1492 et
934 1429 996 1491 iuri
1025 1451 1158 1509 operam
1190 1429 1326 1506 dedisse,

278 1535 459 1617 multosque
481 1533 584 1596 libros
607 1536 646 1594 ad
668 1531 922 1614 impertinentes
938 1542 1050 1611 postea
1067 1529 1234 1615 reliquisse
1247 1543 1327 1595 teste

279 1635 476 1718 Pomponio.
492 1637 561 1698 Eos
585 1657 664 1698 vero
688 1645 762 1716 post
786 1646 917 1696 mortem
935 1628 1106 1696 Ciceronis
1129 1631 1200 1717 (qui
1216 1655 1244 1696 a.
1264 1637 1325 1696 711

280 1738 348 1814 (lli)
372 1737 498 1800 occisus
521 1740 581 1812 est)
597 1735 762 1798 coniectos
786 1733 854 1799 veri
876 1735 979 1798 simile
997 1746 1053 1804 est.
1070 1739 1177 1814 Atque
1190 1733 1327 1800 Cicero-

276 1839 326 1902 nis
349 1841 465 1912 verba,
488 1859 569 1923 qnae
600 1841 683 1918 apud
707 1837 844 1900 Gellium
876 1848 1058 1919 supersunt,
1091 1841 1326 1914 demonstrant,

277 1943 481 2004 Tuberonem
505 1951 589 2013 turn,
617 1960 688 2002 curn
713 1939 836 2004 Cicero
859 1939 976 2001 librum
999 1943 1037 2002 de
1059 1941 1128 2003 iure
1151 1940 1325 2016 scribebat,

277 2063 342 2106 non
364 2041 497 2124 amplius
521 2041 658 2116 vixisse,
685 2029 766 2105 unde
789 2040 987 2122 colligimus,
1011 2041 1106 2104 alium
1137 2063 1206 2105 esse
1229 2042 1322 2104 intel-

276 2143 437 2227 ligendum
460 2145 680 2208 Tuberonem.
721 2145 829 2208 Porro
848 2145 981 2207 Tubero
1008 2156 1119 2207 noster
1145 2165 1196 2206 res
1222 2157 1328 2228 gestas

277 2245 424 2312 Caesaris
452 2246 618 2330 scripsisse
648 2245 786 2311 videtur.
819 2248 950 2311 Sueton.
973 2244 1069 2310 Caes.
1102 2247 1155 2310 83.
1210 2247 1327 2312 Utrum

276 2361 377 2412 autern
402 2349 493 2412 etiam
512 2349 609 2411 maius
635 2349 789 2414 historiae
806 2371 887 2430 opus
903 2370 1079 2430 eggressus
1092 2347 1204 2426 fuerit,
1222 2349 1328 2412 incer·

276 2463 353 2514 tum.
370 2450 471 2516 Cous.
495 2453 678 2515 Lachmann
689 2453 738 2516 De
750 2451 834 2516 font.
852 2449 943 2513 Livii
959 2449 999 2514 P.
1024 2455 1055 2512 1.
1074 2473 1109 2533 p.
1135 2453 1187 2516 to.
1202 2451 1328 2514 lirense

278 2553 351 2617 Vit.
375 2551 497 2634 Histp.
529 2555 600 2622 321.
645 2553 694 2616 De
731 2553 814 2618 font.
845 2552 988 2617 Suetonii
1019 2575 1055 2636 p.
1090 2555 1142 2617 19.
1174 2550 1328 2617 Ceterum

277 2659 315 2718 sle
339 2656 519 2719 honoribus
542 2655 608 2719 eins
632 2655 708 2718 nibil
731 2667 929 2738 compertum
962 2667 1009 2718 est
1031 2667 1159 2738 praeter
1181 2656 1330 2721 consuls-

276 2771 358 2830 turn‚
394 2780 486 2841 quem
520 2780 550 2820 a.
576 2759 636 2822 713
658 2759 728 2838 (11)
755 2756 904 2821 obtinuit.

525 2953 552 3010 l.
574 2955 675 3011 Oratio
701 2955 839 3010 adversus
861 2954 897 3022 Q.
919 2954 1074 3024 Ligarium.

342 3087 424 3148 Aeta
447 3095 495 3147 est
518 3107 611 3148 causa
637 3108 667 3148 a.
697 3086 757 3148 708
787 3088 868 3165 (io).
915 3079 1051 3148 Tubero
1074 3087 1258 3150 adolescens
1281 3087 1327 3166 Q.

188 3196 191 3202 '
268 3186 445 3270 ¹Ligarium
474 3188 645 3254 accusarit.
695 3185 769 3249 Cic.
797 3209 831 3267 p.
854 3186 990 3270 Ligario
1013 3210 1057 3249 ca
1073 3191 1103 3262 3,
1132 3190 1164 3252 9.
1218 3191 1331 3272 Argu·

277 3301 411 3351 ruentum
442 3311 483 3352 ex
508 3288 677 3352 Ciceronis
708 3287 853 3351 oratione
887 3310 949 3368 pro
981 3288 1116 3373 Ligario
1143 3294 1329 3372 petendum.

278 3390 581 3457 centonomium
612 3389 841 3452 Gronovianus
869 3390 901 3451 in
935 3403 1019 3454 orat.
1047 3409 1109 3474 pro
1132 3391 1269 3476 Ligario
1296 3414 1329 3474 p.

278 3497 352 3556 tlt.
374 3495 539 3558 Drumann
566 3501 590 3552 t.
616 3490 647 3553 3.
673 3512 707 3570 p.
734 3491 807 3552 706.

341 3591 478 3674 Quintil.
505 3593 563 3668 10,
593 3595 630 3668 1,
654 3593 708 3655 23.
759 3595 851 3658 Illud
882 3597 1105 3658 utilissimum
1139 3615 1239 3659 nosse
1270 3617 1332 3659 eas

278 3717 410 3770 causas,
435 3715 583 3780 quarum
606 3696 780 3759 orationes
803 3697 839 3759 in
869 3719 992 3761 manus
1019 3696 1264 3772 sumserimus,
1296 3709 1331 3760 et

280 3799 413 3883 quoties
435 3798 621 3880 continget,
645 3800 804 3881 utrinque
828 3801 961 3884 habitos
984 3804 1096 3883 legere
1112 3802 1276 3873 actiones,
1292 3812 1331 3863 ut

279 3900 519 3966 Demosthenis
548 3913 650 3984 atque
678 3901 858 3963 Aeschinis
890 3902 980 3964 inter
1008 3921 1044 3965 ee
1073 3905 1270 3966 contrarios
1297 3914 1331 3965 et

278 4005 390 4069 Servii
401 4004 545 4086 Sulpicii
566 4016 669 4086 atque
684 4005 870 4079 Messalae,
896 4026 1042 4086 quorum
1066 4009 1154 4068 alter·
1174 4028 1241 4088 pro
1256 4009 1330 4070 Am·

270 4105 387 4184 fitiin,
413 4107 650 4168 contradixit
680 4108 787 4180 alter,
823 4117 855 4167 et
884 4108 1047 4194 Pollionis
1070 4120 1103 4168 et
1131 4108 1244 4171 Cassii
1272 4129 1332 4171 reo

277 4211 471 4290 Asprenate
493 4209 646 4290 aliasque
666 4208 850 4288 plurimos.
904 4209 995 4290 Quin
1026 4210 1184 4271 etiamsi
1216 4210 1331 4270 minus

271 4329 376 4386 pares
408 4310 631 4382 uidebuntur,
667 4310 803 4392 aliquae
836 4323 949 4371 tamen
982 4303 1029 4371 o'rl
1057 4313 1332 4391 cognoscendam
