2976 4844
1171 323 1231 386 133

212 481 388 544 triumuirum]
426 485 543 529 triumuir
568 486 680 532 Ursinus.
718 494 764 541 „ut
787 489 845 533 nibil
871 490 947 547 iungis
972 489 1071 532 leticum
1096 501 1166 546 quum
1191 489 1229 532 bic

228 576 370 634 ‘genitivus
393 569 458 619 est.“
486 575 585 621 lllitller.

213 717 391 778 spatiatorem}
434 721 533 774 spatiari
558 729 596 766 est
620 721 698 765 otiose
723 721 864 776 ambulare,
892 722 953 766 unde
979 719 1038 764 Ceto
1063 721 1228 778 spatiatorem

249 823 303 852 eum
325 813 409 862 voest,
441 821 511 864 quem
538 809 561 851 in
594 809 656 852 libro
687 811 715 854 de
744 823 771 854 re
797 813 859 854 rust.
885 824 907 854 e.
929 808 953 864 5,
976 807 999 856 2.
1025 809 1228 854 arnbulatorsm:

250 894 357 941 Vilticus
379 909 409 940 ns
432 896 466 940 sit
490 896 640 946 ambulator.

210 1007 404 1100 fescenninuml
440 1041 512 1084 bomn
529 1041 681 1088 fescenninus
700 1043 786 1086 dieitur
804 1043 906 1088 inscitus
926 1047 997 1100 utque
1014 1041 1143 1094 obscenus,
1164 1042 1229 1096 psci·

249 1135 287 1174 ter
309 1133 380 1186 nique
403 1142 487 1172 versus
510 1129 642 1174 fescennini
666 1131 763 1176 luscinis
785 1136 809 1176 et
830 1131 978 1176 obscenitate
1000 1129 1161 1174 abundabunt.
1192 1129 1228 1174 De

252 1232 279 1262 re
302 1218 350 1260 vid.
375 1217 465 1260 illiilier
485 1217 528 1262 Die
550 1217 669 1264 Etruslier
690 1223 708 1263 t.
732 1217 757 1264 2.
779 1232 804 1274 p.
825 1215 886 1262 284.
923 1218 971 1264 Atii
987 1215 1170 1276 fescenninum
1189 1230 1229 1260 ro·

251 1309 303 1349 tunt
323 1305 369 1348 dici
389 1307 481 1350 abiecte
503 1309 607 1360 poetam.

243 1441 436 1508 Macrobius
464 1444 750 1519 Saturnal.2,10.
796 1442 945 1507 Ceterum
979 1441 1126 1526 superius
1159 1444 1228 1526 ple·

178 1569 316 1633 rumque
338 1546 536 1610 nobilitatem
562 1548 640 1608 hacc
662 1546 823 1628 propudia
849 1547 1013 1610 celebrare
1037 1561 1229 1632 conquestus

180 1663 242 1714 est.
289 1649 343 1712 Sic
363 1648 510 1712 nimirum
535 1653 592 1715 Μ.
616 1653 703 1716 Cato
729 1661 924 1713 senatorem
949 1670 1017 1713 non
1042 1649 1229 1732 ignobilem

180 1753 371 1819 Caecilium
398 1753 625 1835 spatiatorem
655 1763 689 1816 et
705 1750 959 1843 fescenninum
988 1765 1107 1828 vocat,
1134 1775 1228 1816 eum·

182 1878 249 1942 que
285 1855 466 1919 staticulos
500 1856 583 1920 dare
615 1856 669 1920 his
703 1855 813 1920 verbis
843 1855 913 1920 ait:
949 1856 1158 1936 „Descendit
1186 1855 1228 1918 cle

180 1959 381 2039 cantherio,
419 1957 499 2022 inde
539 1959 718 2022 staticulos
756 1959 862 2034 dare,
903 1958 1107 2023 ridicularia
1131 1957 1229 2049 fun-

179 2061 302 2124 dere.“
340 2073 371 2123 ct
403 2060 479 2124 alibi
511 2059 544 2124 in
577 2064 736 2126 eundem:
777 2064 987 2136 „Praeterea
1019 2074 1136 2144 cantat
1170 2062 1229 2126 ubi

179 2163 356 2228 collibuit:
385 2163 560 2226 interdum
583 2185 729 2248 graecos
755 2185 875 2228 versus
899 2165 987 2248 agit,
1013 2165 1108 2230 iocos
1130 2165 1227 2242 dicit,

179 2289 279 2330 voces
305 2267 480 2344 demutat,
508 2269 690 2332 staticulos
718 2267 818 2329 ciat.“
857 2267 949 2330 Haec
972 2265 1072 2343 Cato,
1099 2266 1169 2344 cui,
1193 2279 1227 2330 ut

180 2369 309 2447 videtis,
336 2370 429 2433 etiarn
457 2383 585 2433 cantare
608 2392 672 2433 non
698 2368 774 2432 serii
796 2368 934 2434 hominis
958 2369 1098 2432 videtur.

245 2474 348 2535 Totus
378 2472 431 2534 bie
460 2473 550 2535 locus
575 2472 695 2556 legitur
725 2471 819 2534 etiem
845 2473 927 2552 apud
954 2470 1227 2534 saresberiensem

179 2573 231 2638 De
261 2574 366 2658 Nugis
402 2574 588 2639 Cerialibus
622 2575 651 2650 8,
685 2575 736 2636 12.
764 2596 797 2656 p.
827 2573 901 2638 592.
946 2573 1071 2638 Catoni
1096 2596 1229 2658 quoque

179 2677 291 2740 uisum
315 2691 367 2741 est
390 2678 471 2741 bene
497 2690 638 2742 eantare
660 2698 729 2740 non
754 2676 839 2740 serii
858 2676 1008 2740 hominis
1031 2697 1117 2740 esse.
1157 2679 1229 2740 Un-

179 2781 224 2842 de
262 2779 427 2844 nimirum
463 2784 651 2855 Marcum,
692 2792 887 2843 senatorem
921 2800 988 2843 non
1018 2778 1226 2863 ignobilem,

181 2882 365 2980 Caecilium
389 2884 616 2966 spatiatorem
638 2895 671 2946 et
685 2881 939 2973 fescenninum
962 2895 1061 2946 vocat
1087 2895 1151 2946 etc.
1233 2907 1236 2913 ·

216 3041 366 3106 Caecilium]
403 3043 512 3092 Coelium
535 3049 661 3106 legendum
683 3049 802 3102 suspicor.

215 3171 369 3232 senatorem]
407 3177 488 3227 putet,
521 3173 675 3218 Macrobinm
707 3174 806 3218 eundem
835 3172 956 3216 borninem
979 3171 1133 3230 intelligere,
1154 3172 1194 3228 qni
1215 3187 1229 3215 u

250 3261 324 3306 Festo
347 3263 499 3312 nominetur,
524 3263 566 3306 sed
595 3261 632 3305 bis
657 3265 741 3314 erret,
768 3273 822 3304 curn
847 3273 900 3304 eum
926 3259 1059 3304 Gsecilium
1089 3257 1178 3315 (modo
1201 3274 1229 3303 eu

252 3351 390 3405 corruptele
414 3363 443 3396 ne
462 3351 494 3394 sit
514 3353 594 3405 petitis
615 3351 683 3404 culpe
703 3345 830 3406 coeterum)
860 3361 904 3403 pro
926 3347 1029 3402 Coelio,
1053 3349 1135 3392 itidem
1159 3361 1228 3394 senu-

251 3439 340 3492 torem,
361 3449 408 3481 non
428 3438 549 3482 tribunum
567 3437 645 3498 plebis
668 3438 834 3492 appellaverit.
872 3437 1020 3492 Quemquam
1042 3436 1131 3480 tribuni
1151 3437 1229 3492 plebis

241 3533 313 3590 'tunc
337 3527 453 3581 ienrnoris
479 3531 603 3570 senatores
630 3538 722 3583 quoque
746 3529 822 3570 erent.
871 3521 982 3580 Gottiing
1002 3521 1092 3568 Gescb.
1117 3524 1140 3573 d.
1164 3527 1229 3575 rom.

253 3615 394 3662 Stantsrerf.
412 3627 435 3670 p.
457 3610 518 3660 293.
1111 3591 1115 3601 ⁸

215 3741 351 3804 staticulos
378 3738 451 3798 dare]
496 3739 626 3800 Selinusius
650 3738 674 3781 in
699 3736 772 3782 Plinii
793 3735 935 3782 Exercitstt.
960 3750 984 3792 p.
1011 3732 1061 3781 94:
1096 3735 1176 3790 „Ceto
1199 3737 1227 3780 de

252 3830 340 3874 Coelio
369 3834 481 3874 senatore
509 3803 613 3872 stulicuti
645 3839 688 3882 pro
717 3825 823 3869 ructibus
856 3826 999 3872 saltatoriis.
1037 3825 1146 3868 Steticuli
1174 3829 1229 3868 sunt

252 3910 430 3986 ὅρχήμαται
458 3918 583 3959 staticulos
609 3916 665 3958 dere
691 3920 716 3956 ut
737 3915 809 3970 Vir-g.
835 3911 888 3956 Dat
911 3919 992 3956 motus
1017 3910 1228 3967 incompositam

253 4024 285 4040 ·-
307 4005 435 4050 Turnebus
457 4005 481 4050 iu
503 4003 655 4047 Adversariis
680 3999 721 4055 ll,
746 3998 771 4046 1.
795 4015 819 4056 p.
843 3996 912 4046 538:
944 3998 1094 4052 „staticulos
1114 3998 1170 4040 dere
1193 4002 1229 4042 esi

251 4092 366 4138 choreum
385 4093 503 4150 quendum
525 4095 552 4148 'et
572 4089 724 4132 saltationem
746 4091 820 4148 dure,
841 4102 888 4132 non
910 4085 1058 4138 motorium,
1087 4083 1128 4126 secl
1153 4088 1227 4130 stutu-

252 4181 325 4241 rism,
347 4180 425 4240 quetis
448 4181 500 4224 erut
519 4177 542 4220 in
565 4176 646 4220 choris
672 4173 860 4237 venalitate-‘¹

213 4301 383 4362 ridicularia]
418 4305 435 4348 i.
456 4318 478 4350 c.
503 4313 588 4349 versus
609 4299 771 4353 fescenninos,
794 4296 900 4341 terminu
923 4293 1015 4336 iocose.
