2976 4844
242 340 302 404 138

242 521 309 564 mus
318 503 367 581 (p.
378 499 530 578 25—38),
541 497 697 562 Catonem
713 499 771 562 illo
788 497 861 580 ipso
878 519 973 574 auno,
987 521 1052 584 quo
1066 498 1121 563 Ti.
1135 501 1290 582 Sempro·

242 601 311 663 nius
331 602 442 665 consul
466 614 543 676 erat,
567 602 678 663 multas
697 623 805 664 causas
826 599 1073 686 inimicitiasque
1097 603 1288 684 suscepisse.

241 706 431 768 Duebnerus
445 714 547 767 autem
560 728 594 786 p.
608 705 667 768 187
681 705 858 768 orationem
872 717 995 767 contro
1008 705 1189 768 Tiberium
1201 729 1289 770 exu-

239 811 307 870 lem
332 811 536 890 separandam
558 831 626 872 esse
650 811 690 870 ab
712 808 811 872 altera
833 808 1000 874 aduersus
1022 808 1100 872 Tib.
1126 813 1288 892 Sempro·

241 911 338 973 nium
360 917 520 994 Longum
548 911 723 974 existimat.

304 1015 429 1076 Weber
448 1037 484 1095 p.
505 1015 545 1076 32
570 1016 650 1076 hanc
674 1013 853 1078 orationem
873 1013 1029 1078 censoriis
1052 1014 1285 1082 adnumeravit.

306 1117 429 1180 Gellius
453 1117 476 1180 l.
498 1119 527 1192 2,
555 1117 607 1179 Μ’.
651 1121 691 1182 In
714 1118 804 1180 libro
831 1130 941 1180 vetere
965 1121 1020 1181 M.
1049 1119 1203 1194 Catonis,
1229 1121 1288 1203 qui

241 1221 463 1284 inscribitur:
499 1225 630 1285 Contra
665 1221 843 1284 Tiberium
879 1223 1019 1284 exulem
1053 1219 1210 1302 scriptum
1241 1221 1287 1286 sie

241 1336 327 1386 erat:
358 1323 442 1408 quid
466 1322 497 1386 si
522 1322 757 1386 vadimonium
785 1325 896 1407 cupite
924 1325 1084 1388 obuoluto
1110 1325 1287 1389 misisses?

274 1467 454 1528 uadimonium]
491 1470 652 1514 vadimonium
672 1472 774 1525 sistere,
798 1472 815 1516 i.
839 1485 862 1516 e.
886 1471 975 1516 iudicio
996 1473 1100 1525 adesse,
1122 1485 1166 1514 vor
1188 1472 1289 1518 Gericbt

309 1558 360 1602 sicb
380 1560 476 1612 stetten,
500 1559 649 1604 erscbeinen.
679 1559 740 1602 Rein
758 1558 807 1602 Des
828 1561 891 1602 rbm.
910 1560 1064 1606 Privati-eebt
1085 1573 1109 1614 p.
1130 1555 1190 1604 467.
1216 1559 1289 1604 Hein-

310 1646 368 1691 dorf
387 1648 415 1688 att
440 1647 526 1690 Horat.
546 1647 595 1689 Set.
618 1644 641 1699 l,
662 1643 686 1701 2,
708 1641 750 1691 36.
788 1647 868 1691 Plauti
891 1647 1005 1692 Curculio
1026 1644 1050 1701 l,
1073 1644 1097 1702 3,
1123 1647 1147 1692 5.

276 1771 361 1829 cupite
381 1768 505 1828 obvoluto]
542 1773 576 1816 rei
599 1785 681 1815 rerum
706 1771 843 1826 capitalium
866 1773 890 1816 in
912 1773 1000 1817 iudicio
1023 1775 1123 1817 aderant
1145 1775 1221 1828 eapite
1243 1775 1287 1818 ob·

311 1862 401 1904 soluto.

275 1983 397 2043 stitisses]
435 1985 528 2031 Gellius
553 1987 668 2030 adnotet:
700 1991 766 2030 rscte
790 1987 832 2030 itte
854 1988 949 2044 quidem
971 1985 1081 2032 stitisses
1102 1987 1219 2043 scripsit,
1243 1991 1285 2032 sed

311 2075 367 2118 fulsi
394 2081 417 2122 et
441 2075 543 2120 audaces
567 2076 734 2120 emendatores
759 2089 772 2118 e
797 2077 888 2130 scripto
913 2089 956 2130 per
979 2074 1057 2120 libros
1081 2077 1198 2121 stetisses
1221 2079 1287 2122 feee-

310 2168 382 2219 runt,
407 2169 526 2221 tamquam
546 2163 657 2208 stitissss
680 2177 767 2207 venum
788 2171 812 2209 et
833 2165 900 2208 nibili
923 2165 1021 2210 verbum
1044 2171 1118 2209 esset.
1156 2165 1218 2222 Quin
1243 2179 1287 2220 po-

312 2255 359 2297 tins
381 2254 426 2308 ipsi
448 2265 549 2310 nequem
570 2257 593 2296 et
613 2253 680 2296 nihili
703 2257 775 2306 sunt,
803 2253 842 2309 qui
864 2254 992 2310 ignorant,
1022 2253 1134 2297 stitisses
1156 2255 1246 2298 dietum
1271 2268 1284 2296 a

311 2341 412 2396 Catone,
434 2342 546 2399 quoniam
568 2341 702 2385 sisteretur
724 2341 894 2394 vadimonium,
919 2355 966 2384 nou
984 2345 1101 2386 staretur.

302 2480 488 2547 Priscianus
511 2493 536 2544 t.
557 2483 586 2544 1.
611 2500 646 2561 p.
668 2480 742 2543 285.
778 2482 943 2561 Supellex
960 2480 1180 2562 supellectilis.
1216 2483 1286 2543 Ve-

241 2584 405 2649 tustissimi
433 2597 538 2647 tamen
566 2582 658 2646 etiam
693 2585 776 2645 baec
809 2585 1030 2664 supellectilis
1055 2583 1282 2647 nominativum

238 2689 462 2771 proferebant.
507 2692 593 2752 Coto
621 2687 806 2766 adversum
835 2687 1014 2751 Tiberium
1040 2687 1283 2768 Sempronium

239 2797 418 2872 Longum:
454 2790 492 2855 Si
523 2801 643 2872 posset
677 2789 794 2852 auctio
820 2788 912 2866 fleri
945 2789 986 2852 de
1019 2789 1155 2852 artibus
1188 2789 1278 2864 tuis,

240 2895 341 2979 quasi
366 2893 587 2975 supellectilis
613 2894 712 2956 solet.

412 3145 477 3202 'Bb
506 3144 605 3203 Oratio
626 3145 702 3218 apud
723 3160 859 3202 censores
879 3145 909 3201 in
928 3143 1091 3201 Lentulum.

303 3295 507 3378 Pupillorum
535 3316 642 3360 curam
669 3297 810 3372 babere,
840 3315 931 3359 more
956 3293 1114 3359 maiorum
1140 3309 1283 3360 sanctum

238 3411 270 3464 et
291 3399 379 3482 pium
403 3399 540 3464 officium
566 3401 756 3462 habebatur.
802 3398 884 3463 Cum
906 3397 988 3461 enim
1010 3409 1101 3462 tutor
1125 3399 1282 3482 pupillum

237 3503 435 3587 negligebat,
457 3501 735 3584 necprovidebat,
752 3522 792 3566 ne
808 3502 890 3592 male
903 3523 970 3564 rem
988 3514 1135 3585 gererem
1153 3506 1194 3566 ad
1207 3524 1281 3567 cen·

238 3627 331 3670 sores
356 3625 481 3668 censam
507 3605 635 3668 deferre
665 3603 778 3668 licuit:
813 3625 947 3668 censura
977 3603 1060 3668 enim
1091 3627 1216 3668 morum
1242 3609 1283 3668 ad

236 3711 485 3793 unumquodque
516 3707 717 3790 pertinebat,
755 3711 844 3792 qued
881 3707 1024 3771 moribus
1060 3705 1278 3790 institutisque

236 3811 393 3876 maiorum
424 3811 553 3894 impium
587 3822 618 3874 et
650 3809 868 3894 irreligiosum
897 3813 1085 3874 ducebatur.
1132 3813 1283 3875 Kreuzer

236 3917 337 3979 Rem.
363 3913 502 4001 Antiqu.
527 3936 562 3996 p.
586 3913 659 3976 llss.
705 3913 854 3976 Niebuhr
879 3912 977 3978 Hist.
992 3916 1091 3977 Rom.
1119 3915 1163 3976 T.
1189 3915 1221 3977 2.
1242 3937 1279 3995 p.

234 4019 311 4081 450.
355 4017 513 4080 Lentulus
536 4014 663 4100 quidam
690 4015 773 4095 (Cn.
804 4013 938 4078 Cornel.
966 4017 1157 4090 Lentulum,
1192 4015 1281 4080 cuius

235 4117 513 4184 meminitLivius
536 4118 558 4180 l.
585 4119 636 4194 22,
661 4119 714 4181 49..
741 4119 765 4180 l.
791 4118 844 4194 33,
872 4119 924 4180 27.
952 4116 1193 4201 intelligendum
1221 4139 1280 4197 pu·

233 4231 281 4286 tat
301 4221 506 4300 Bolhuisins)
528 4221 683 4304 pupillum
706 4217 885 4302 neglexisse
908 4219 1056 4282 videtum:
1085 4241 1156 4282 cum
1179 4217 1280 4298 igitur

235 4323 319 4388 Cato
351 4345 477 4388 suumin
510 4322 579 4386 eius
607 4319 816 4404 suscepisset,
847 4324 932 4404 apud
963 4341 1115 4386 censeres
1140 4330 1279 4406 tutorem
