2992 4844
182 537 290 608 Celer,
311 553 379 596 non
400 529 456 596 ille
476 535 612 618 quidem
628 549 761 612 orator,
789 540 850 601 sed
869 551 982 603 tamen
1003 563 1070 604 non
1091 543 1227 632 infans,

181 637 310 700 diserti
325 649 442 698 autem
469 641 511 720 Q.
536 639 678 711 Varias,
707 644 745 703 0.
769 642 899 714 Carbo,
922 647 983 706 Cn.
1008 648 1227 728 Pomponius,

181 752 214 802 et
236 739 271 801 hi
293 739 430 824 quidem
448 739 648 803 habitabant
667 742 703 802 in
721 744 857 820 rostris,
877 747 983 809 Gaias
1000 748 1103 810 etiam
1119 751 1230 814 Iulias

181 841 302 907 aedilis
341 840 472 905 canulis
517 842 668 926 quotidie
693 841 784 932 fere
824 860 1007 910 accuratas
1049 853 1228 915 conciones

182 944 337 1006 habebat.
364 945 426 1004 Sed
451 943 540 1006 unius
560 955 677 1008 tautum
701 958 787 1008 extat
809 947 1021 1032 fragmentum
1044 964 1075 1014 et
1101 953 1228 1038 quidem

183 1047 264 1120 eius,
300 1067 393 1128 quarn
429 1057 541 1108 contre
576 1045 749 1110 Curionem
777 1050 852 1111 trib.
889 1051 934 1132 pl.
961 1053 1057 1126 dixit,
1091 1076 1227 1139 quocum

184 1151 222 1210 de
249 1147 415 1228 republica
440 1151 642 1212 vehementer
672 1150 854 1214 dissidebat.
891 1154 939 1216 De
969 1154 1111 1218 Curione
1138 1171 1227 1238 petre

183 1249 265 1312 inira
292 1253 441 1312 dicemus.

248 1351 369 1415 Cicero
394 1353 497 1416 Bruto
524 1354 576 1415 60.
622 1355 766 1440 Reliqua
788 1356 858 1420 duo
884 1371 964 1420 sant
986 1381 1091 1442 agere
1111 1373 1144 1424 et
1160 1383 1227 1424 me-

183 1454 336 1516 minisse.
368 1455 403 1516 in
438 1468 584 1538 atroque
612 1458 794 1520 cachinnos
823 1459 1043 1523 irridentium
1078 1485 1228 1526 commo·

183 1557 280 1618 vebat
300 1556 420 1620 Cario.
455 1561 577 1622 Motus
605 1571 680 1620 erat
709 1561 758 1634 is,
791 1583 890 1644 quem
922 1575 954 1624 et
983 1565 1021 1626 0.
1056 1566 1167 1638 Iulias
1193 1566 1228 1628 in

179 1671 386 1741 perpetuum
411 1661 662 1732 notavit‚.eam
692 1685 738 1724 eac
765 1685 805 1725 eo
830 1664 865 1724 in
893 1677 1228 1748 utramquepartem

183 1771 256 1824 toto
294 1783 439 1844 corpore
479 1763 658 1825 vacillante
693 1766 882 1847 quaesiuit,
918 1769 994 1850 quis
1031 1772 1228 1852 loqueretur

184 1863 338 1926 elintre.

241 1965 383 2046 Quintil.
408 1969 476 2042 XI,
504 1968 541 2043 3,
568 1968 639 2030 129.
691 1969 982 2050 Reprehendenda
1009 1984 1042 2034 et
1064 1973 1124 2034 illa
1146 1970 1226 2058 sre-

184 2089 288 2150 quens
306 2082 338 2131 et
360 2070 533 2132 concitata
552 2071 585 2132 in
607 2082 787 2155 atramque
804 2085 941 2153 partem
959 2073 1106 2146 natatio,
1124 2096 1227 2157 qaam

184 2170 220 2230 in
250 2171 399 2234 Carione
425 2185 526 2253 patre
564 2173 676 2235 irrisit
707 2175 834 2246 Iulias,
868 2197 1053 2256 quaerens,
1086 2177 1163 2259 qais
1191 2177 1227 2237 in

185 2272 285 2335 lintre
306 2275 531 2356 loqueretar?

485 2443 514 2500 3.
555 2440 654 2498 Oratio
674 2442 751 2514 apud
770 2457 915 2512 censeres.

251 2573 329 2634 Eam
358 2572 471 2636 dictem
503 2571 622 2654 opinor
646 2591 671 2639 a.
701 2572 762 2634 665
789 2571 856 2651 (89)
888 2574 928 2636 P.
953 2571 1081 2636 Licinio
1106 2570 1226 2638 Crasso

186 2686 216 2737 et
247 2677 286 2743 L.
313 2675 398 2737 Iulio
430 2673 567 2737 Caesare
608 2674 709 2736 sretre
750 2674 949 2737 censoribus.
993 2676 1226 2760 Argumentum

183 2777 353 2840 incertum.

249 2880 359 2942 Varro
381 2882 419 2942 de
442 2901 478 2942 re
504 2879 620 2943 rustica
645 2885 677 2953 1,
711 2882 740 2948 7.
786 2882 914 2944 Caesar
944 2881 1112 2962 Vopiscus
1132 2881 1226 2943 aedi·
1277 2933 1283 2941 ,

184 2983 304 3057 licias,
332 3003 473 3046 causam
498 3004 577 3044 eum
610 2994 729 3066 ageret
763 2983 858 3064 apad
884 3003 1060 3056 censores,
1088 3003 1227 3064 campos

185 3087 316 3148 Roseae
333 3086 454 3148 ltaliae
470 3085 562 3147 dixit
581 3107 653 3147 esse
674 3106 806 3167 samen,
832 3085 866 3145 in
883 3105 950 3166 qao
965 3084 1083 3146 relicta
1093 3084 1228 3167 pertica
1251 3143 1254 3148 .

181 3189 351 3268 postridie
373 3209 441 3250 non
463 3199 647 3270 appareret
670 3198 813 3268 propter
835 3187 988 3250 herbam.

219 3329 368 3388 Aedilicius]
406 3331 496 3376 Ceeser
520 3333 664 3375 aedililetem
689 3337 799 3390 gesserat
825 3346 887 3376 enrro
913 3327 963 3375 664
987 3327 1057 3392 (9⁰),
1087 3338 1110 3377 et
1134 3333 1227 3376 occisus

256 3424 293 3463 est
310 3433 332 3462 e.
356 3417 404 3464 667
424 3415 496 3476 (87),
524 3419 583 3462 unde
607 3425 705 3473 apparel
728 3420 787 3463 hene
811 3434 905 3464 censum
926 3435 971 3463 non
991 3423 1038 3464 elio
1058 3435 1120 3464 eouo
1139 3422 1184 3464 uisi
1202 3434 1226 3464 a.

256 3485 303 3533 665
326 3487 403 3546 (89).
429 3501 475 3544 quo
494 3501 556 3530 auno
585 3487 601 3531 ii
629 3503 759 3542 censores,
787 3503 846 3546 quos
872 3503 944 3544 supra
963 3491 1101 3542 nominavi,
1121 3490 1226 3540 fuerunt,

256 3582 342 3622 actem.

221 3675 324 3721 campos
349 3660 456 3721 Roseae]
501 3663 587 3706 Cicero
616 3666 644 3706 ed
674 3635 775 3707 Atticum
801 3661 832 3719 l,
867 3657 908 3706 15.
940 3661 1040 3706 Reatini
1064 3676 1101 3705 mo
1129 3659 1164 3706 ad
1180 3676 1228 3706 sua

256 3749 375 3812 τέμπη
394 3749 531 3803 (luxerunt,
555 3755 581 3794 ut
598 3763 701 3808 agerem
722 3763 826 3792 caussam
848 3753 936 3792 contra
957 3749 1141 3793 interamnates
1160 3748 1228 3806 apud

256 3815 380 3880 consulem
406 3842 429 3880 et
447 3837 531 3880 decem
555 3837 667 3895 legatos,
697 3835 762 3896 quod
787 3837 860 3880 lacus
887 3835 990 3880 Velinus
1007 3851 1023 3878 a
1046 3833 1136 3879 illanio
1154 3830 1229 3877 Uario

257 3924 366 3968 emissus
385 3925 507 3970 interciso
526 3929 607 3966 rnonte
626 3925 652 3968 in
673 3923 767 3969 Narem
786 3923 884 3986 defluit,
904 3938 937 3966 ex
958 3937 1004 3982 quo
1025 3922 1120 3965 estilla
1133 3921 1228 3964 siccata

255 4016 279 4054 et
295 4009 399 4056 barnida
422 4020 506 4058 tamen
531 4008 628 4053 modice
651 4009 737 4058 Rosia.
766 4009 811 4054 Viti
847 4009 954 4053 Niebuhr
978 4010 1040 4052 liist.
1065 4006 1135 4048 Rern.
1162 4008 1179 4046 l.
1201 3999 1226 4052 3.

256 4111 280 4154 p.
301 4097 361 4144 ist.

249 4216 374 4281 Plinius
399 4219 486 4281 Hist.
511 4217 588 4278 Nat.
614 4215 670 4288 17,
696 4215 727 4277 1.
782 4217 911 4280 Caesar
937 4209 1124 4292 Vopiscus,
1150 4225 1228 4270 cam

183 4339 327 4382 eausam
349 4320 444 4401 apad
468 4335 627 4381 censores
646 4328 787 4398 ageret,
815 4333 955 4394 campos
978 4315 1111 4376 Roseae
1137 4309 1229 4373 dixit
