2984 4842
1167 365 1226 427 sss

88 525 89 528 ’
181 511 235 574 Μ.
259 509 432 574 Aerm‘licm
453 510 605 573 Scaurum
631 533 658 577 a.
688 513 753 574 700
771 515 839 593 (54)
861 517 1106 596 repetundarum
1129 537 1225 580 aecu-

180 612 275 676 savit.
304 615 387 676 Eum
415 613 555 678 defendit
583 613 702 679 Cicero
726 614 842 701 aliique
865 616 1010 698 patroni,
1034 639 1116 702 quos
1139 621 1221 683 inter

181 714 337 783 Calidius.

243 815 405 881 Asconius
431 816 463 879 in
490 817 691 881 Scaurianam
713 841 746 901 p.
770 820 824 883 20.
856 819 1101 910 Defenderam
1116 827 1221 887 Scau·

179 941 255 981 rum
288 941 354 982 sex
383 921 536 1002 patroni.
590 925 742 984 Fuerunt
771 934 887 984 cutem
918 924 973 998 lai,
1010 927 1048 987 Ρ.
1080 925 1219 989 Clodius

178 1023 340 1098 Pulcher,
371 1027 426 1086 M.
454 1025 656 1099 Marcellus,
685 1027 740 1087 M.
767 1024 982 1101 Calidius,
1005 1029 1062 1089 M.
1088 1027 1223 1101 Cicer0,

179 1127 234 1188 M.
256 1127 415 1189 Messala
435 1125 568 1206 Niger,
593 1129 636 1206 Q.
661 1129 881 1189 Hortensius.

360 1301 389 1358 l.
429 1298 528 1357 Oratio
548 1317 601 1372 pro
621 1318 653 1358 se
673 1302 811 1359 adversus
830 1302 939 1360 Gallice
959 1305 1042 1360 duos.

244 1431 327 1494 Acta
349 1441 395 1493 est
418 1453 510 1493 causa
534 1455 563 1494 a.
590 1433 649 1495 703
672 1435 753 1512 (51).
778 1435 913 1498 Petebat
938 1433 1080 1498 Calidius
1104 1455 1220 1497 consu·

176 1533 273 1594 latum
303 1555 332 1594 a.
368 1535 428 1596 703
460 1537 547 1613 (el),
572 1538 628 1597 sed
656 1535 814 1615 repulsam
845 1535 930 1612 tulit,
965 1548 1058 1621 atque
1086 1535 1220 1599 ambitus

176 1657 250 1698 reus
274 1646 320 1697 est
340 1633 443 1697 factus
467 1657 483 1697 a
507 1635 620 1698 Galliis
643 1640 781 1700 duobus.

240 1735 373 1800 Coelius
404 1740 442 1798 ad
473 1736 665 1802 Ciceronem
697 1740 719 1800 l.
755 1739 792 1814 8,
827 1740 863 1815 d,
894 1744 924 1802 1.
977 1740 1117 1806 Invideo
1142 1739 1215 1814 tibi,

174 1851 247 1902 tum
268 1841 376 1900 maella
398 1841 561 1921 quotidie,
590 1863 676 1923 quae
700 1841 841 1917 mirere,
867 1834 955 1904 istuc
970 1839 1215 1932 perferuntur.

174 1941 329 2006 Primum
349 1941 451 2016 illud,
476 1943 671 2004 absolutum
694 1947 901 2018 Messalam,
928 1945 1048 2006 deinde
1073 1943 1217 2006 eundem

174 2044 456 2116 condemnatum;
478 2031 516 2107 C.
544 2048 751 2106 Marcellum
777 2050 950 2108 consulem
972 2045 1131 2131 factum,
1159 2050 1214 2109 M.

175 2145 346 2210 Calidium
368 2146 411 2207 ab
433 2149 571 2236 repulsa
591 2150 808 2226 postulatum
830 2169 852 2208 a
877 2147 1000 2210 Galliis
1026 2147 1167 2210 duobus.

238 2246 370 2310 Coelius
399 2245 553 2310 Ciceroni
580 2246 600 2314 l.
633 2248 671 2324 8,
699 2251 731 2312 9.
776 2249 929 2312 Calidius
951 2249 985 2310 in
1012 2248 1216 2330 defensione

173 2370 237 2412 sua
247 2349 333 2440 fuit
354 2349 616 2424 disertissimus,
640 2351 676 2411 in
701 2351 919 2412 accusatione
939 2350 1212 2438 satisfrigidus.

208 2496 235 2538 in
253 2493 424 2554 accusatione]
461 2509 484 2538 v.
504 2508 576 2550 supra
592 2491 689 2538 Calidii
706 2494 788 2538 oratio
814 2499 902 2537 contra
921 2493 949 2554 Q.
971 2491 1082 2538 Callicula
1107 2508 1130 2549 p.
1152 2491 1212 2540 436.

552 2649 628 2708 XCl.
667 2650 700 2705 L.
721 2649 836 2707 Novius.

236 2764 398 2828 Tribunus
421 2762 524 2846 plebis
551 2783 580 2825 a.
606 2763 666 2826 696
691 2762 921 2844 (58)‚0011ega
946 2762 986 2825 P.
1015 2759 1137 2825 Clodii.

545 2939 651 2996 Concio
671 2939 833 2996 tribunicia.

235 3057 333 3119 Extat
347 3054 559 3137 fragmentum
577 3049 741 3113 concionis
764 3073 793 3112 a.
818 3050 879 3113 696
903 3051 972 3128 (58)
990 3048 1115 3127 habitae
1131 3055 1215 3131 apud

171 3159 347 3222 Ascanium
377 3157 409 3218 in
440 3153 651 3219 Milonianam
678 3174 713 3234 p.
746 3154 798 3214 lt.
851 3153 973 3215 Pisone
1005 3163 1038 3214 et
1067 3153 1218 3218 Gabinio

135 3289 139 3299 ·
169 3283 258 3325 coss.
281 3265 383 3343 pulso
406 3260 568 3324 Cicerone
595 3256 630 3318 in
656 3255 813 3328 exilium,
841 3277 918 3318 cum
939 3258 998 3320 111
1017 3256 1102 3320 Idus
1129 3260 1216 3320 sex-

167 3366 245 3428 tiles
276 3363 458 3445 Pompeius
486 3362 523 3422 in
554 3372 711 3424 senatum
747 3357 854 3430 uenit,
891 3357 1018 3418 dicitur
1045 3378 1144 3426 servo
1171 3361 1211 3421 P.

169 3468 281 3532 Clodii
303 3468 376 3528 sica
404 3464 591 3538 excidisse,
619 3483 726 3545 eaque
754 3460 802 3521 ad
828 3459 1012 3522 Gabinium
1040 3463 1215 3524 consulem

169 3571 285 3631 delata
306 3569 436 3629 dictum
458 3577 527 3638 est,
556 3587 654 3627 seruo
678 3565 885 3643 imperatum
905 3582 928 3622 a
951 3564 989 3624 P.
1018 3562 1149 3636 Clodia,
1175 3575 1214 3626 ut

168 3669 347 3748 Pompeius
363 3666 588 3730 occideretur.
616 3664 797 3745 Pompeius
822 3663 942 3726 statim
956 3663 1097 3724 domum
1113 3665 1215 3728 rediit

168 3781 202 3832 et
219 3789 255 3829 se
273 3768 366 3830 domi
381 3765 503 3830 tenuit.
547 3767 714 3830 Obsessae
736 3776 787 3826 est
805 3765 911 3826 etiam
928 3785 951 3824 a
965 3766 1086 3828 liberto
1102 3766 1214 3828 Clodii

169 3868 357 3943 Damione,
383 3881 421 3930 ut
446 3889 493 3926 ecc
520 3869 616 3930 ,Actis
640 3869 714 3930 eius
736 3867 820 3928 anni
843 3866 1006 3946 cognovi,
1031 3866 1067 3928 in
1091 3866 1213 3945 quibus

170 3973 241 4038 XV
256 3971 340 4034 Kal.
364 3966 572 4050 Septembris
598 3973 639 4032 L.
667 3968 801 4032 Novius
827 3968 987 4030 tribunus
1009 3969 1057 4046 pl.
1080 3967 1212 4044 collega

170 4071 298 4146 Clodii,
343 4091 422 4134 eum
465 4069 593 4130 Damio
628 4071 793 4133 adversus
829 4070 984 4135 Flavium
1016 4078 1213 4149 praetorem

169 4177 358 4256 appellaret
373 4171 542 4242 tribunos,
559 4182 591 4231 et
616 4173 745 4234 tribuni
771 4174 811 4234 de
828 4163 1055 4252 appellatione
1071 4188 1214 4249 cognos-

169 4289 303 4353 cerent,
331 4277 383 4341 ita
408 4271 612 4337 sententiam
639 4273 750 4333 dixit:
785 4278 830 4338 Εἰ
865 4274 927 4332 hoc
949 4269 1149 4348 anrparitore
1172 4273 1212 4333 P.
