<?xml version="1.0" encoding="UTF-8"?>
<!DOCTYPE html PUBLIC "-//W3C//DTD XHTML 1.0 Transitional//EN"
    "http://www.w3.org/TR/xhtml1/DTD/xhtml1-transitional.dtd">
<html xmlns="http://www.w3.org/1999/xhtml" xml:lang="en" lang="en">
 <head>
  <title>
</title>
<meta http-equiv="Content-Type" content="text/html;charset=utf-8" />
  <meta name='ocr-system' content='tesseract 3.04.00' />
  <meta name='ocr-capabilities' content='ocr_page ocr_carea ocr_par ocr_line ocrx_word'/>
</head>
<body>
  <div class='ocr_page' id='page_1' title='image "./oratorumromanor02meyegoog_0309.png"; bbox 0 0 2992 4844; ppageno 0'>
   <div class='ocr_carea' id='block_1_1' title="bbox 95 546 1195 1549">
    <p class='ocr_par' dir='ltr' id='par_1_1' title="bbox 139 546 1195 1134">
     <span class='ocr_line' id='line_1_1' title="bbox 140 546 1195 639; baseline 0.005 -29"><span class='ocrx_word' id='word_1_1' title='bbox 140 569 252 630; x_wconf 86' lang='lat' dir='ltr'><strong><em>prope</em></strong></span> <span class='ocrx_word' id='word_1_2' title='bbox 270 546 507 639; x_wconf 74' lang='lat' dir='ltr'><strong><em>fin&#39;tunisquo</em></strong></span> <span class='ocrx_word' id='word_1_3' title='bbox 538 549 736 622; x_wconf 80' lang='lat' dir='ltr'><strong><em>‹lecer·nere,·</em></strong></span> <span class='ocrx_word' id='word_1_4' title='bbox 769 549 854 610; x_wconf 81' lang='lat' dir='ltr'><strong><em>nibil</em></strong></span> <span class='ocrx_word' id='word_1_5' title='bbox 889 549 973 612; x_wconf 80' lang='lat' dir='ltr'><strong><em>milri</em></strong></span> <span class='ocrx_word' id='word_1_6' title='bbox 999 552 1046 611; x_wconf 90' lang='lat' dir='ltr'><strong><em>ad</em></strong></span> <span class='ocrx_word' id='word_1_7' title='bbox 1073 553 1195 614; x_wconf 79' lang='lat' dir='ltr'><strong><em>existi·</em></strong></span> 
     </span>
     <span class='ocr_line' id='line_1_2' title="bbox 143 650 1193 730; baseline 0.006 -18"><span class='ocrx_word' id='word_1_8' title='bbox 143 650 332 712; x_wconf 82' lang='lat' dir='ltr'><strong><em>mationem</em></strong></span> <span class='ocrx_word' id='word_1_9' title='bbox 354 651 504 730; x_wconf 88' lang='lat' dir='ltr'><strong><em>turpius,</em></strong></span> <span class='ocrx_word' id='word_1_10' title='bbox 530 650 616 712; x_wconf 85' lang='lat' dir='ltr'><strong><em>nibil</em></strong></span> <span class='ocrx_word' id='word_1_11' title='bbox 637 651 684 711; x_wconf 93' lang='lat' dir='ltr'><strong><em>ad</em></strong></span> <span class='ocrx_word' id='word_1_12' title='bbox 699 651 853 712; x_wconf 87' lang='lat' dir='ltr'><strong><em>dolorem</em></strong></span> <span class='ocrx_word' id='word_1_13' title='bbox 867 653 1025 714; x_wconf 74' lang='lat' dir='ltr'><strong><em>acerbius</em></strong></span> <span class='ocrx_word' id='word_1_14' title='bbox 1039 654 1193 718; x_wconf 83' lang='lat' dir='ltr'><strong><em>accidere</em></strong></span> 
     </span>
     <span class='ocr_line' id='line_1_3' title="bbox 139 752 1193 835; baseline 0.004 -21"><span class='ocrx_word' id='word_1_15' title='bbox 139 773 255 834; x_wconf 86' lang='lat' dir='ltr'><strong><em>posse,</em></strong></span> <span class='ocrx_word' id='word_1_16' title='bbox 281 773 385 835; x_wconf 85' lang='lat' dir='ltr'><strong><em>quam</em></strong></span> <span class='ocrx_word' id='word_1_17' title='bbox 407 752 439 813; x_wconf 89' lang='lat' dir='ltr'><strong><em>si</em></strong></span> <span class='ocrx_word' id='word_1_18' title='bbox 461 752 509 822; x_wconf 87' lang='lat' dir='ltr'><strong><em>is,</em></strong></span> <span class='ocrx_word' id='word_1_19' title='bbox 542 752 600 834; x_wconf 85' lang='lat' dir='ltr'><strong><em>qui</em></strong></span> <span class='ocrx_word' id='word_1_20' title='bbox 622 774 723 833; x_wconf 91' lang='lat' dir='ltr'><strong><em>saepe</em></strong></span> <span class='ocrx_word' id='word_1_21' title='bbox 744 753 966 815; x_wconf 75' lang='lat' dir='ltr'><strong><em>alienissimis</em></strong></span> <span class='ocrx_word' id='word_1_22' title='bbox 993 776 1016 816; x_wconf 93' lang='lat' dir='ltr'><strong><em>a</em></strong></span> <span class='ocrx_word' id='word_1_23' title='bbox 1039 777 1108 826; x_wconf 93' lang='lat' dir='ltr'><strong><em>me,</em></strong></span> <span class='ocrx_word' id='word_1_24' title='bbox 1133 758 1193 818; x_wconf 90' lang='lat' dir='ltr'><strong><em>sed</em></strong></span> 
     </span>
     <span class='ocr_line' id='line_1_4' title="bbox 142 845 1194 945; baseline 0.005 -30"><span class='ocrx_word' id='word_1_25' title='bbox 142 855 228 916; x_wconf 87' lang='lat' dir='ltr'><strong><em>meis</em></strong></span> <span class='ocrx_word' id='word_1_26' title='bbox 250 845 366 915; x_wconf 86' lang='lat' dir='ltr'><strong><em>tamen</em></strong></span> <span class='ocrx_word' id='word_1_27' title='bbox 396 854 526 916; x_wconf 86' lang='lat' dir='ltr'><strong><em>civibus</em></strong></span> <span class='ocrx_word' id='word_1_28' title='bbox 556 855 660 916; x_wconf 85' lang='lat' dir='ltr'><strong><em>saluti</em></strong></span> <span class='ocrx_word' id='word_1_29' title='bbox 681 854 903 917; x_wconf 81' lang='lat' dir='ltr'><strong><em>existimarer</em></strong></span> <span class='ocrx_word' id='word_1_30' title='bbox 913 854 1058 945; x_wconf 83' lang='lat' dir='ltr'><strong><em>fuisse,</em></strong></span> <span class='ocrx_word' id='word_1_31' title='bbox 1081 858 1194 921; x_wconf 89' lang='lat' dir='ltr'><strong><em>sodali</em></strong></span> 
     </span>
     <span class='ocr_line' id='line_1_5' title="bbox 141 954 1190 1045; baseline 0.003 -27"><span class='ocrx_word' id='word_1_32' title='bbox 141 977 219 1018; x_wconf 86' lang='lat' dir='ltr'><strong><em>meo</em></strong></span> <span class='ocrx_word' id='word_1_33' title='bbox 240 957 416 1017; x_wconf 73' lang='lat' dir='ltr'><strong><em>auxilium</em></strong></span> <span class='ocrx_word' id='word_1_34' title='bbox 428 954 537 1045; x_wconf 90' lang='lat' dir='ltr'><strong><em>ferre</em></strong></span> <span class='ocrx_word' id='word_1_35' title='bbox 567 977 635 1019; x_wconf 90' lang='lat' dir='ltr'><strong><em>non</em></strong></span> <span class='ocrx_word' id='word_1_36' title='bbox 665 957 868 1038; x_wconf 86' lang='lat' dir='ltr'><strong><em>potuissem.</em></strong></span> <span class='ocrx_word' id='word_1_37' title='bbox 914 959 1072 1021; x_wconf 82' lang='lat' dir='ltr'><strong><em>Petebam</em></strong></span> <span class='ocrx_word' id='word_1_38' title='bbox 1094 982 1117 1020; x_wconf 92' lang='lat' dir='ltr'><strong><em>a</em></strong></span> <span class='ocrx_word' id='word_1_39' title='bbox 1138 960 1190 1021; x_wconf 86' lang='lat' dir='ltr'><strong><em>iu·</em></strong></span> 
     </span>
     <span class='ocr_line' id='line_1_6' title="bbox 139 1058 1192 1134; baseline 0.007 -16"><span class='ocrx_word' id='word_1_40' title='bbox 139 1058 291 1132; x_wconf 74' lang='lat' dir='ltr'><strong><em>dicitas,</em></strong></span> <span class='ocrx_word' id='word_1_41' title='bbox 316 1069 355 1118; x_wconf 93' lang='lat' dir='ltr'><strong><em>ut</em></strong></span> <span class='ocrx_word' id='word_1_42' title='bbox 378 1059 465 1120; x_wconf 90' lang='lat' dir='ltr'><strong><em>illud</em></strong></span> <span class='ocrx_word' id='word_1_43' title='bbox 485 1060 593 1121; x_wconf 89' lang='lat' dir='ltr'><strong><em>aetati</em></strong></span> <span class='ocrx_word' id='word_1_44' title='bbox 615 1079 721 1132; x_wconf 86' lang='lat' dir='ltr'><strong><em>meae,</em></strong></span> <span class='ocrx_word' id='word_1_45' title='bbox 747 1071 784 1120; x_wconf 91' lang='lat' dir='ltr'><strong><em>ut</em></strong></span> <span class='ocrx_word' id='word_1_46' title='bbox 806 1061 1006 1134; x_wconf 86' lang='lat' dir='ltr'><strong><em>bonoribus,</em></strong></span> <span class='ocrx_word' id='word_1_47' title='bbox 1031 1073 1070 1122; x_wconf 90' lang='lat' dir='ltr'><strong><em>ut</em></strong></span> <span class='ocrx_word' id='word_1_48' title='bbox 1091 1064 1192 1124; x_wconf 87' lang='lat' dir='ltr'><strong><em>rebus</em></strong></span> 
     </span>
    </p>

    <p class='ocr_par' dir='ltr' id='par_1_2' title="bbox 95 1159 1192 1549">
     <span class='ocr_line' id='line_1_7' title="bbox 95 1159 1192 1248; baseline 0.007 -29"><span class='ocrx_word' id='word_1_49' title='bbox 95 1221 97 1232; x_wconf 71' lang='grc'>,</span> <span class='ocrx_word' id='word_1_50' title='bbox 138 1159 264 1242; x_wconf 79' lang='lat' dir='ltr'><strong><em>gestis,</em></strong></span> <span class='ocrx_word' id='word_1_51' title='bbox 288 1159 319 1220; x_wconf 93' lang='lat' dir='ltr'><strong><em>si</em></strong></span> <span class='ocrx_word' id='word_1_52' title='bbox 341 1159 445 1232; x_wconf 89' lang='lat' dir='ltr'><strong><em>insto,</em></strong></span> <span class='ocrx_word' id='word_1_53' title='bbox 470 1160 501 1222; x_wconf 84' lang='lat' dir='ltr'><strong><em>si</em></strong></span> <span class='ocrx_word' id='word_1_54' title='bbox 520 1160 581 1241; x_wconf 90' lang='lat' dir='ltr'><strong><em>pio</em></strong></span> <span class='ocrx_word' id='word_1_55' title='bbox 603 1161 721 1223; x_wconf 86' lang='lat' dir='ltr'><strong><em>dolore</em></strong></span> <span class='ocrx_word' id='word_1_56' title='bbox 744 1182 797 1222; x_wconf 89' lang='lat' dir='ltr'><strong><em>me</em></strong></span> <span class='ocrx_word' id='word_1_57' title='bbox 819 1183 892 1223; x_wconf 83' lang='lat' dir='ltr'><strong><em>esse</em></strong></span> <span class='ocrx_word' id='word_1_58' title='bbox 913 1159 1080 1248; x_wconf 83' lang='lat' dir='ltr'><strong><em>affectam</em></strong></span> <span class='ocrx_word' id='word_1_59' title='bbox 1101 1165 1192 1227; x_wconf 85' lang='lat' dir='ltr'><strong><em>vide·</em></strong></span> 
     </span>
     <span class='ocr_line' id='line_1_8' title="bbox 139 1262 1189 1342; baseline 0.004 -20"><span class='ocrx_word' id='word_1_60' title='bbox 139 1273 231 1334; x_wconf 81' lang='lat' dir='ltr'><strong><em>rent,</em></strong></span> <span class='ocrx_word' id='word_1_61' title='bbox 260 1262 504 1332; x_wconf 88' lang='lat' dir='ltr'><strong><em>concederent,·</em></strong></span> <span class='ocrx_word' id='word_1_62' title='bbox 530 1262 737 1342; x_wconf 87' lang='lat' dir='ltr'><strong><em>praesertim</em></strong></span> <span class='ocrx_word' id='word_1_63' title='bbox 769 1263 800 1324; x_wconf 89' lang='lat' dir='ltr'><strong><em>si</em></strong></span> <span class='ocrx_word' id='word_1_64' title='bbox 828 1262 862 1324; x_wconf 91' lang='lat' dir='ltr'><strong><em>in</em></strong></span> <span class='ocrx_word' id='word_1_65' title='bbox 891 1263 973 1326; x_wconf 90' lang='lat' dir='ltr'><strong><em>aliis</em></strong></span> <span class='ocrx_word' id='word_1_66' title='bbox 1001 1266 1116 1328; x_wconf 87' lang='lat' dir='ltr'><strong><em>causis</em></strong></span> <span class='ocrx_word' id='word_1_67' title='bbox 1138 1267 1189 1328; x_wconf 90' lang='lat' dir='ltr'><strong><em>in-</em></strong></span> 
     </span>
     <span class='ocr_line' id='line_1_9' title="bbox 137 1363 1189 1449; baseline 0.004 -25"><span class='ocrx_word' id='word_1_68' title='bbox 137 1364 371 1437; x_wconf 78' lang='lat' dir='ltr'><strong><em>tellexissent,</em></strong></span> <span class='ocrx_word' id='word_1_69' title='bbox 404 1363 520 1426; x_wconf 89' lang='lat' dir='ltr'><strong><em>omnia</em></strong></span> <span class='ocrx_word' id='word_1_70' title='bbox 551 1386 603 1425; x_wconf 91' lang='lat' dir='ltr'><strong><em>me</em></strong></span> <span class='ocrx_word' id='word_1_71' title='bbox 632 1386 766 1446; x_wconf 82' lang='lat' dir='ltr'><strong><em>semper</em></strong></span> <span class='ocrx_word' id='word_1_72' title='bbox 790 1387 857 1445; x_wconf 92' lang='lat' dir='ltr'><strong><em>pro</em></strong></span> <span class='ocrx_word' id='word_1_73' title='bbox 885 1366 1077 1429; x_wconf 87' lang='lat' dir='ltr'><strong><em>amicorum</em></strong></span> <span class='ocrx_word' id='word_1_74' title='bbox 1098 1369 1189 1449; x_wconf 88' lang='lat' dir='ltr'><strong><em>peri·</em></strong></span> 
     </span>
     <span class='ocr_line' id='line_1_10' title="bbox 136 1465 1049 1549; baseline 0.005 -24"><span class='ocrx_word' id='word_1_75' title='bbox 136 1466 240 1539; x_wconf 89' lang='lat' dir='ltr'><strong><em>culis,</em></strong></span> <span class='ocrx_word' id='word_1_76' title='bbox 266 1465 351 1526; x_wconf 85' lang='lat' dir='ltr'><strong><em>nibil</em></strong></span> <span class='ocrx_word' id='word_1_77' title='bbox 371 1487 535 1548; x_wconf 87' lang='lat' dir='ltr'><strong><em>umquam</em></strong></span> <span class='ocrx_word' id='word_1_78' title='bbox 556 1488 622 1548; x_wconf 91' lang='lat' dir='ltr'><strong><em>pro</em></strong></span> <span class='ocrx_word' id='word_1_79' title='bbox 645 1488 697 1528; x_wconf 89' lang='lat' dir='ltr'><strong><em>me</em></strong></span> <span class='ocrx_word' id='word_1_80' title='bbox 720 1467 796 1548; x_wconf 90' lang='lat' dir='ltr'><strong><em>ipso</em></strong></span> <span class='ocrx_word' id='word_1_81' title='bbox 818 1467 1049 1549; x_wconf 90' lang='lat' dir='ltr'><strong><em>deprecatum.</em></strong></span> 
     </span>
    </p>
   </div>
   <div class='ocr_carea' id='block_1_2' title="bbox 135 1584 1189 2382">
    <p class='ocr_par' dir='ltr' id='par_1_3' title="bbox 135 1584 1189 2382">
     <span class='ocr_line' id='line_1_11' title="bbox 207 1584 1186 1670; baseline 0.004 -22"><span class='ocrx_word' id='word_1_82' title='bbox 207 1584 279 1648; x_wconf 83' lang='lat' dir='ltr'><strong><em>Cic.</em></strong></span> <span class='ocrx_word' id='word_1_83' title='bbox 297 1588 335 1648; x_wconf 85' lang='lat' dir='ltr'><strong><em>de</em></strong></span> <span class='ocrx_word' id='word_1_84' title='bbox 353 1587 446 1648; x_wconf 81' lang='lat' dir='ltr'><strong><em>Orat.</em></strong></span> <span class='ocrx_word' id='word_1_85' title='bbox 471 1587 502 1660; x_wconf 75' lang='lat'><strong><em>2,</em></strong></span> <span class='ocrx_word' id='word_1_86' title='bbox 526 1586 578 1648; x_wconf 83' lang='lat'><strong><em>25.</em></strong></span> <span class='ocrx_word' id='word_1_87' title='bbox 623 1589 698 1650; x_wconf 92' lang='lat' dir='ltr'><strong><em>Iam</em></strong></span> <span class='ocrx_word' id='word_1_88' title='bbox 721 1586 804 1668; x_wconf 88' lang='lat' dir='ltr'><strong><em>quid</em></strong></span> <span class='ocrx_word' id='word_1_89' title='bbox 828 1600 977 1661; x_wconf 87' lang='lat' dir='ltr'><strong><em>vocetur,</em></strong></span> <span class='ocrx_word' id='word_1_90' title='bbox 995 1588 1186 1670; x_wconf 87' lang='lat' dir='ltr'><strong><em>quaeritur,</em></strong></span> 
     </span>
     <span class='ocr_line' id='line_1_12' title="bbox 136 1687 1187 1771; baseline 0.001 -22"><span class='ocrx_word' id='word_1_91' title='bbox 136 1709 237 1763; x_wconf 92' lang='lat' dir='ltr'><strong><em>cum,</em></strong></span> <span class='ocrx_word' id='word_1_92' title='bbox 261 1710 330 1771; x_wconf 90' lang='lat' dir='ltr'><strong><em>quo</em></strong></span> <span class='ocrx_word' id='word_1_93' title='bbox 362 1689 463 1750; x_wconf 88' lang='lat' dir='ltr'><strong><em>verbo</em></strong></span> <span class='ocrx_word' id='word_1_94' title='bbox 491 1687 575 1771; x_wconf 85' lang='lat' dir='ltr'><strong><em>quid</em></strong></span> <span class='ocrx_word' id='word_1_95' title='bbox 599 1689 842 1769; x_wconf 87' lang='lat' dir='ltr'><strong><em>appellandum</em></strong></span> <span class='ocrx_word' id='word_1_96' title='bbox 869 1689 931 1763; x_wconf 86' lang='lat' dir='ltr'><strong><em>sit,</em></strong></span> <span class='ocrx_word' id='word_1_97' title='bbox 956 1690 1187 1764; x_wconf 78' lang='lat' dir='ltr'><strong><em>contenditur,</em></strong></span> 
     </span>
     <span class='ocr_line' id='line_1_13' title="bbox 138 1787 1189 1878; baseline 0 -26"><span class='ocrx_word' id='word_1_98' title='bbox 138 1803 180 1852; x_wconf 89' lang='lat' dir='ltr'><strong><em>ut</em></strong></span> <span class='ocrx_word' id='word_1_99' title='bbox 204 1791 288 1852; x_wconf 86' lang='lat' dir='ltr'><strong><em>mihi</em></strong></span> <span class='ocrx_word' id='word_1_100' title='bbox 312 1790 382 1872; x_wconf 88' lang='lat' dir='ltr'><strong><em>ipsi</em></strong></span> <span class='ocrx_word' id='word_1_101' title='bbox 399 1813 477 1852; x_wconf 90' lang='lat' dir='ltr'><strong><em>cum</em></strong></span> <span class='ocrx_word' id='word_1_102' title='bbox 498 1792 561 1852; x_wconf 87' lang='lat' dir='ltr'><strong><em>boc</em></strong></span> <span class='ocrx_word' id='word_1_103' title='bbox 583 1787 827 1878; x_wconf 85' lang='lat' dir='ltr'><strong><em>Sulpiciosuit</em></strong></span> <span class='ocrx_word' id='word_1_104' title='bbox 847 1788 882 1850; x_wconf 89' lang='lat' dir='ltr'><strong><em>in</em></strong></span> <span class='ocrx_word' id='word_1_105' title='bbox 904 1791 1065 1854; x_wconf 86' lang='lat' dir='ltr'><strong><em>Norbani</em></strong></span> <span class='ocrx_word' id='word_1_106' title='bbox 1081 1812 1189 1852; x_wconf 86' lang='lat' dir='ltr'><strong><em>causa</em></strong></span> 
     </span>
     <span class='ocr_line' id='line_1_14' title="bbox 136 1891 1188 1976; baseline 0 -20"><span class='ocrx_word' id='word_1_107' title='bbox 136 1897 276 1956; x_wconf 82' lang='lat' dir='ltr'><strong><em>sunlma</em></strong></span> <span class='ocrx_word' id='word_1_108' title='bbox 306 1893 491 1956; x_wconf 88' lang='lat' dir='ltr'><strong><em>contentio.</em></strong></span> <span class='ocrx_word' id='word_1_109' title='bbox 548 1895 713 1976; x_wconf 89' lang='lat' dir='ltr'><strong><em>Pleraque</em></strong></span> <span class='ocrx_word' id='word_1_110' title='bbox 744 1891 834 1953; x_wconf 86' lang='lat' dir='ltr'><strong><em>enim</em></strong></span> <span class='ocrx_word' id='word_1_111' title='bbox 862 1892 902 1954; x_wconf 90' lang='lat' dir='ltr'><strong><em>de</em></strong></span> <span class='ocrx_word' id='word_1_112' title='bbox 938 1893 1003 1966; x_wconf 86' lang='lat' dir='ltr'><strong><em>iis,</em></strong></span> <span class='ocrx_word' id='word_1_113' title='bbox 1036 1913 1123 1976; x_wconf 88' lang='lat' dir='ltr'><strong><em>quae</em></strong></span> <span class='ocrx_word' id='word_1_114' title='bbox 1145 1895 1188 1956; x_wconf 91' lang='lat' dir='ltr'><strong><em>ab</em></strong></span> 
     </span>
     <span class='ocr_line' id='line_1_15' title="bbox 136 1993 1188 2069; baseline 0 -12"><span class='ocrx_word' id='word_1_115' title='bbox 136 1996 208 2058; x_wconf 87' lang='lat' dir='ltr'><strong><em>isto</em></strong></span> <span class='ocrx_word' id='word_1_116' title='bbox 245 1995 512 2069; x_wconf 88' lang='lat' dir='ltr'><strong><em>obiiciebantur,</em></strong></span> <span class='ocrx_word' id='word_1_117' title='bbox 550 2017 628 2056; x_wconf 90' lang='lat' dir='ltr'><strong><em>cum</em></strong></span> <span class='ocrx_word' id='word_1_118' title='bbox 660 1993 867 2069; x_wconf 83' lang='lat' dir='ltr'><strong><em>confiterer,</em></strong></span> <span class='ocrx_word' id='word_1_119' title='bbox 911 2006 1025 2056; x_wconf 85' lang='lat' dir='ltr'><strong><em>tamen</em></strong></span> <span class='ocrx_word' id='word_1_120' title='bbox 1059 1995 1188 2058; x_wconf 88' lang='lat' dir='ltr'><strong><em>abillo</em></strong></span> 
     </span>
     <span class='ocr_line' id='line_1_16' title="bbox 138 2097 1186 2179; baseline -0.001 -20"><span class='ocrx_word' id='word_1_121' title='bbox 138 2097 356 2159; x_wconf 81' lang='lat' dir='ltr'><strong><em>maiestatem</em></strong></span> <span class='ocrx_word' id='word_1_122' title='bbox 394 2097 561 2158; x_wconf 87' lang='lat' dir='ltr'><strong><em>minutam</em></strong></span> <span class='ocrx_word' id='word_1_123' title='bbox 595 2098 781 2178; x_wconf 75' lang='lat' dir='ltr'><strong><em>negabam:</em></strong></span> <span class='ocrx_word' id='word_1_124' title='bbox 808 2119 855 2158; x_wconf 86' lang='lat' dir='ltr'><strong><em>ex</em></strong></span> <span class='ocrx_word' id='word_1_125' title='bbox 884 2117 953 2179; x_wconf 87' lang='lat' dir='ltr'><strong><em>quo</em></strong></span> <span class='ocrx_word' id='word_1_126' title='bbox 983 2097 1084 2158; x_wconf 85' lang='lat' dir='ltr'><strong><em>verbo</em></strong></span> <span class='ocrx_word' id='word_1_127' title='bbox 1112 2099 1186 2178; x_wconf 80' lang='lat' dir='ltr'><strong><em>lege</em></strong></span> 
     </span>
     <span class='ocr_line' id='line_1_17' title="bbox 137 2198 1187 2281; baseline -0.002 -19"><span class='ocrx_word' id='word_1_128' title='bbox 137 2201 312 2281; x_wconf 89' lang='lat' dir='ltr'><strong><em>Appuleia</em></strong></span> <span class='ocrx_word' id='word_1_129' title='bbox 336 2211 411 2260; x_wconf 86' lang='lat' dir='ltr'><strong><em>tnta</em></strong></span> <span class='ocrx_word' id='word_1_130' title='bbox 432 2201 492 2260; x_wconf 89' lang='lat' dir='ltr'><strong><em>illa</em></strong></span> <span class='ocrx_word' id='word_1_131' title='bbox 514 2219 620 2259; x_wconf 82' lang='lat' dir='ltr'><strong><em>causa</em></strong></span> <span class='ocrx_word' id='word_1_132' title='bbox 638 2198 818 2279; x_wconf 80' lang='lat' dir='ltr'><strong><em>pendebat.</em></strong></span> <span class='ocrx_word' id='word_1_133' title='bbox 840 2232 879 2242; x_wconf 90' lang='lat'><strong>—</strong></span> <span class='ocrx_word' id='word_1_134' title='bbox 902 2199 1074 2279; x_wconf 83' lang='lat' dir='ltr'><strong><em>Praecipit</em></strong></span> <span class='ocrx_word' id='word_1_135' title='bbox 1093 2199 1187 2260; x_wconf 88' lang='lat' dir='ltr'><strong><em>ratio</em></strong></span> 
     </span>
     <span class='ocr_line' id='line_1_18' title="bbox 135 2299 1185 2382; baseline -0.003 -19"><span class='ocrx_word' id='word_1_136' title='bbox 135 2324 180 2363; x_wconf 92' lang='lat' dir='ltr'><strong><em>ac</em></strong></span> <span class='ocrx_word' id='word_1_137' title='bbox 207 2302 383 2375; x_wconf 86' lang='lat' dir='ltr'><strong><em>doctrina,</em></strong></span> <span class='ocrx_word' id='word_1_138' title='bbox 411 2314 449 2363; x_wconf 89' lang='lat' dir='ltr'><strong><em>ut</em></strong></span> <span class='ocrx_word' id='word_1_139' title='bbox 475 2301 525 2362; x_wconf 85' lang='lat' dir='ltr'><strong><em>uis</em></strong></span> <span class='ocrx_word' id='word_1_140' title='bbox 550 2301 624 2362; x_wconf 90' lang='lat' dir='ltr'><strong><em>eius</em></strong></span> <span class='ocrx_word' id='word_1_141' title='bbox 652 2301 718 2374; x_wconf 89' lang='lat' dir='ltr'><strong><em>rei,</em></strong></span> <span class='ocrx_word' id='word_1_142' title='bbox 741 2321 844 2382; x_wconf 91' lang='lat' dir='ltr'><strong><em>quam</em></strong></span> <span class='ocrx_word' id='word_1_143' title='bbox 863 2299 1032 2374; x_wconf 85' lang='lat' dir='ltr'><strong><em>definias,</em></strong></span> <span class='ocrx_word' id='word_1_144' title='bbox 1054 2300 1103 2360; x_wconf 89' lang='lat' dir='ltr'><strong><em>sic</em></strong></span> <span class='ocrx_word' id='word_1_145' title='bbox 1123 2322 1185 2360; x_wconf 80' lang='lat' dir='ltr'><strong><em>ecc·</em></strong></span> 
     </span>
    </p>
   </div>
   <div class='ocr_carea' id='block_1_3' title="bbox 137 2401 1185 2874">
    <p class='ocr_par' dir='ltr' id='par_1_4' title="bbox 137 2401 1185 2874">
     <span class='ocr_line' id='line_1_19' title="bbox 137 2401 1185 2488; baseline -0.002 -25"><span class='ocrx_word' id='word_1_146' title='bbox 137 2403 330 2484; x_wconf 87' lang='lat' dir='ltr'><strong><em>primatur·,</em></strong></span> <span class='ocrx_word' id='word_1_147' title='bbox 351 2416 390 2464; x_wconf 91' lang='lat' dir='ltr'><strong><em>ut</em></strong></span> <span class='ocrx_word' id='word_1_148' title='bbox 417 2426 524 2488; x_wconf 87' lang='lat' dir='ltr'><strong><em>neque</em></strong></span> <span class='ocrx_word' id='word_1_149' title='bbox 555 2401 644 2463; x_wconf 90' lang='lat' dir='ltr'><strong><em>absit</em></strong></span> <span class='ocrx_word' id='word_1_150' title='bbox 669 2401 856 2484; x_wconf 79' lang='lat' dir='ltr'><strong><em>quidquam</em></strong></span> <span class='ocrx_word' id='word_1_151' title='bbox 887 2421 993 2483; x_wconf 87' lang='lat' dir='ltr'><strong><em>neque</em></strong></span> <span class='ocrx_word' id='word_1_152' title='bbox 1021 2401 1185 2481; x_wconf 87' lang='lat' dir='ltr'><strong><em>supersit.</em></strong></span> 
     </span>
     <span class='ocr_line' id='line_1_20' title="bbox 138 2497 1184 2589; baseline -0.004 -24"><span class='ocrx_word' id='word_1_153' title='bbox 138 2505 243 2587; x_wconf 86' lang='lat' dir='ltr'><strong><em>Quod</em></strong></span> <span class='ocrx_word' id='word_1_154' title='bbox 271 2505 407 2588; x_wconf 85' lang='lat' dir='ltr'><strong><em>quidem</em></strong></span> <span class='ocrx_word' id='word_1_155' title='bbox 434 2507 469 2569; x_wconf 89' lang='lat' dir='ltr'><strong><em>in</em></strong></span> <span class='ocrx_word' id='word_1_156' title='bbox 501 2505 560 2567; x_wconf 93' lang='lat' dir='ltr'><strong><em>illa</em></strong></span> <span class='ocrx_word' id='word_1_157' title='bbox 582 2524 688 2564; x_wconf 88' lang='lat' dir='ltr'><strong><em>causa</em></strong></span> <span class='ocrx_word' id='word_1_158' title='bbox 719 2523 779 2562; x_wconf 89' lang='lat' dir='ltr'><strong><em>nec</em></strong></span> <span class='ocrx_word' id='word_1_159' title='bbox 813 2501 985 2582; x_wconf 84' lang='lat' dir='ltr'><strong><em>Sulpicius</em></strong></span> <span class='ocrx_word' id='word_1_160' title='bbox 1004 2497 1105 2589; x_wconf 84' lang='lat' dir='ltr'><strong><em>fecit</em></strong></span> <span class='ocrx_word' id='word_1_161' title='bbox 1125 2521 1184 2562; x_wconf 90' lang='lat' dir='ltr'><strong><em>nec</em></strong></span> 
     </span>
     <span class='ocr_line' id='line_1_21' title="bbox 137 2605 1184 2696; baseline -0.005 -27"><span class='ocrx_word' id='word_1_162' title='bbox 137 2629 206 2689; x_wconf 81' lang='lat' dir='ltr'><strong><em>ego</em></strong></span> <span class='ocrx_word' id='word_1_163' title='bbox 223 2605 355 2696; x_wconf 87' lang='lat' dir='ltr'><strong><em>facere</em></strong></span> <span class='ocrx_word' id='word_1_164' title='bbox 388 2619 532 2670; x_wconf 88' lang='lat' dir='ltr'><strong><em>conatus</em></strong></span> <span class='ocrx_word' id='word_1_165' title='bbox 574 2625 663 2666; x_wconf 86' lang='lat' dir='ltr'><strong><em>sum.</em></strong></span> <span class='ocrx_word' id='word_1_166' title='bbox 718 2605 812 2666; x_wconf 88' lang='lat' dir='ltr'><strong><em>Nam</em></strong></span> <span class='ocrx_word' id='word_1_167' title='bbox 844 2615 1010 2691; x_wconf 79' lang='lat' dir='ltr'><strong><em>quantum</em></strong></span> <span class='ocrx_word' id='word_1_168' title='bbox 1043 2614 1184 2684; x_wconf 85' lang='lat' dir='ltr'><strong><em>uterque</em></strong></span> 
     </span>
     <span class='ocr_line' id='line_1_22' title="bbox 137 2703 1185 2792; baseline -0.006 -22"><span class='ocrx_word' id='word_1_169' title='bbox 137 2722 296 2771; x_wconf 90' lang='lat' dir='ltr'><strong><em>nostrum</em></strong></span> <span class='ocrx_word' id='word_1_170' title='bbox 320 2712 452 2792; x_wconf 86' lang='lat' dir='ltr'><strong><em>potuit,</em></strong></span> <span class='ocrx_word' id='word_1_171' title='bbox 480 2709 574 2772; x_wconf 91' lang='lat' dir='ltr'><strong><em>omni</em></strong></span> <span class='ocrx_word' id='word_1_172' title='bbox 609 2707 708 2788; x_wconf 92' lang='lat' dir='ltr'><strong><em>copia</em></strong></span> <span class='ocrx_word' id='word_1_173' title='bbox 733 2704 869 2766; x_wconf 87' lang='lat' dir='ltr'><strong><em>dicendi</em></strong></span> <span class='ocrx_word' id='word_1_174' title='bbox 902 2703 1073 2778; x_wconf 87' lang='lat' dir='ltr'><strong><em>dilatavit,</em></strong></span> <span class='ocrx_word' id='word_1_175' title='bbox 1103 2704 1185 2788; x_wconf 88' lang='lat' dir='ltr'><strong><em>quid</em></strong></span> 
     </span>
     <span class='ocr_line' id='line_1_23' title="bbox 137 2812 655 2874; baseline -0.006 0"><span class='ocrx_word' id='word_1_176' title='bbox 137 2824 228 2874; x_wconf 89' lang='lat' dir='ltr'><strong><em>esset</em></strong></span> <span class='ocrx_word' id='word_1_177' title='bbox 250 2813 463 2874; x_wconf 87' lang='lat' dir='ltr'><strong><em>maiestatem</em></strong></span> <span class='ocrx_word' id='word_1_178' title='bbox 490 2812 655 2873; x_wconf 88' lang='lat' dir='ltr'><strong><em>minuere.</em></strong></span> 
     </span>
    </p>
   </div>
   <div class='ocr_carea' id='block_1_4' title="bbox 131 2925 1267 4261">
    <p class='ocr_par' dir='ltr' id='par_1_5' title="bbox 131 2925 1267 3854">
     <span class='ocr_line' id='line_1_24' title="bbox 201 2925 1185 3016; baseline -0.009 -21"><span class='ocrx_word' id='word_1_179' title='bbox 201 2932 280 2995; x_wconf 86' lang='lat' dir='ltr'><strong><em>ibid.</em></strong></span> <span class='ocrx_word' id='word_1_180' title='bbox 298 2933 335 3007; x_wconf 78' lang='lat'><strong><em>2,</em></strong></span> <span class='ocrx_word' id='word_1_181' title='bbox 354 2933 414 3009; x_wconf 76' lang='lat'><strong><em>40,</em></strong></span> <span class='ocrx_word' id='word_1_182' title='bbox 440 2932 512 2994; x_wconf 82' lang='lat'><strong><em>167.</em></strong></span> <span class='ocrx_word' id='word_1_183' title='bbox 557 2935 617 2994; x_wconf 82' lang='lat' dir='ltr'><strong><em>Ex</em></strong></span> <span class='ocrx_word' id='word_1_184' title='bbox 632 2950 756 3016; x_wconf 85' lang='lat' dir='ltr'><strong><em>genere</em></strong></span> <span class='ocrx_word' id='word_1_185' title='bbox 771 2938 979 3010; x_wconf 81' lang='lat' dir='ltr'><strong><em>argumenta</em></strong></span> <span class='ocrx_word' id='word_1_186' title='bbox 994 2925 1185 2988; x_wconf 85' lang='lat' dir='ltr'><strong><em>ducuntur:</em></strong></span> 
     </span>
     <span class='ocr_line' id='line_1_25' title="bbox 137 3013 1248 3118; baseline -0.012 -18"><span class='ocrx_word' id='word_1_187' title='bbox 137 3036 176 3100; x_wconf 89' lang='lat' dir='ltr'><strong><em>Si</em></strong></span> <span class='ocrx_word' id='word_1_188' title='bbox 195 3037 423 3118; x_wconf 81' lang='lat' dir='ltr'><strong><em>magistratus</em></strong></span> <span class='ocrx_word' id='word_1_189' title='bbox 439 3033 474 3096; x_wconf 89' lang='lat' dir='ltr'><strong><em>in</em></strong></span> <span class='ocrx_word' id='word_1_190' title='bbox 487 3033 609 3116; x_wconf 89' lang='lat' dir='ltr'><strong><em>populi</em></strong></span> <span class='ocrx_word' id='word_1_191' title='bbox 631 3013 767 3094; x_wconf 84' lang='lat' dir='ltr'><strong><em>romani</em></strong></span> <span class='ocrx_word' id='word_1_192' title='bbox 781 3039 950 3110; x_wconf 87' lang='lat' dir='ltr'><strong><em>potestate</em></strong></span> <span class='ocrx_word' id='word_1_193' title='bbox 964 3049 1037 3089; x_wconf 90' lang='lat' dir='ltr'><strong><em>esse</em></strong></span> <span class='ocrx_word' id='word_1_194' title='bbox 1053 3027 1183 3100; x_wconf 87' lang='lat' dir='ltr'><strong><em>debent,</em></strong></span> <span class='ocrx_word' id='word_1_195' title='bbox 1208 3071 1248 3086; x_wconf 63' lang='lat'><strong><em>..-</em></strong></span> 
     </span>
     <span class='ocr_line' id='line_1_26' title="bbox 136 3129 1185 3222; baseline -0.007 -25"><span class='ocrx_word' id='word_1_196' title='bbox 136 3138 221 3222; x_wconf 90' lang='lat' dir='ltr'><strong><em>quid</em></strong></span> <span class='ocrx_word' id='word_1_197' title='bbox 249 3138 456 3202; x_wconf 87' lang='lat' dir='ltr'><strong><em>Norbanum</em></strong></span> <span class='ocrx_word' id='word_1_198' title='bbox 479 3156 639 3207; x_wconf 88' lang='lat' dir='ltr'><strong><em>accusas,</em></strong></span> <span class='ocrx_word' id='word_1_199' title='bbox 671 3132 770 3194; x_wconf 87' lang='lat' dir='ltr'><strong><em>cuius</em></strong></span> <span class='ocrx_word' id='word_1_200' title='bbox 798 3131 995 3193; x_wconf 85' lang='lat' dir='ltr'><strong><em>tribunatus</em></strong></span> <span class='ocrx_word' id='word_1_201' title='bbox 1018 3129 1185 3192; x_wconf 88' lang='lat' dir='ltr'><strong><em>voluntati</em></strong></span> 
     </span>
     <span class='ocr_line' id='line_1_27' title="bbox 136 3239 448 3318; baseline 0.003 -18"><span class='ocrx_word' id='word_1_202' title='bbox 136 3240 256 3318; x_wconf 89' lang='lat' dir='ltr'><strong><em>paruit</em></strong></span> <span class='ocrx_word' id='word_1_203' title='bbox 277 3239 448 3301; x_wconf 67' lang='lat' dir='ltr'><strong><em>civitatis?</em></strong></span> 
     </span>
     <span class='ocr_line' id='line_1_28' title="bbox 131 3353 1184 3439; baseline -0.009 -16"><span class='ocrx_word' id='word_1_204' title='bbox 131 3418 135 3436; x_wconf 31' lang='grc' dir='ltr'><strong>ς</strong></span> <span class='ocrx_word' id='word_1_205' title='bbox 200 3359 279 3422; x_wconf 85' lang='lat' dir='ltr'><strong><em>ibid.</em></strong></span> <span class='ocrx_word' id='word_1_206' title='bbox 298 3360 334 3434; x_wconf 77' lang='lat'><strong><em>2,</em></strong></span> <span class='ocrx_word' id='word_1_207' title='bbox 356 3360 413 3434; x_wconf 83' lang='lat'><strong><em>39,</em></strong></span> <span class='ocrx_word' id='word_1_208' title='bbox 441 3360 511 3423; x_wconf 75' lang='lat' dir='ltr'><strong><em>tot.</em></strong></span> <span class='ocrx_word' id='word_1_209' title='bbox 557 3359 594 3422; x_wconf 84' lang='lat' dir='ltr'><strong><em>Si</em></strong></span> <span class='ocrx_word' id='word_1_210' title='bbox 611 3379 667 3420; x_wconf 88' lang='lat' dir='ltr'><strong><em>res</em></strong></span> <span class='ocrx_word' id='word_1_211' title='bbox 682 3367 757 3420; x_wconf 92' lang='lat' dir='ltr'><strong><em>tota</em></strong></span> <span class='ocrx_word' id='word_1_212' title='bbox 771 3354 962 3439; x_wconf 87' lang='lat' dir='ltr'><strong><em>quaeritur,</em></strong></span> <span class='ocrx_word' id='word_1_213' title='bbox 981 3353 1184 3429; x_wconf 81' lang='lat' dir='ltr'><strong><em>definitione</em></strong></span> 
     </span>
     <span class='ocr_line' id='line_1_29' title="bbox 138 3455 1267 3542; baseline -0.008 -19"><span class='ocrx_word' id='word_1_214' title='bbox 138 3462 299 3524; x_wconf 83' lang='lat' dir='ltr'><strong><em>universa</em></strong></span> <span class='ocrx_word' id='word_1_215' title='bbox 313 3461 522 3542; x_wconf 82' lang='lat' dir='ltr'><strong><em>explicanda</em></strong></span> <span class='ocrx_word' id='word_1_216' title='bbox 535 3473 585 3522; x_wconf 89' lang='lat' dir='ltr'><strong><em>est</em></strong></span> <span class='ocrx_word' id='word_1_217' title='bbox 601 3461 666 3522; x_wconf 83' lang='lat' dir='ltr'><strong><em>sic:</em></strong></span> <span class='ocrx_word' id='word_1_218' title='bbox 692 3459 729 3522; x_wconf 87' lang='lat' dir='ltr'><strong><em>Si</em></strong></span> <span class='ocrx_word' id='word_1_219' title='bbox 749 3459 913 3520; x_wconf 88' lang='lat' dir='ltr'><strong><em>maiestas</em></strong></span> <span class='ocrx_word' id='word_1_220' title='bbox 928 3468 979 3518; x_wconf 85' lang='lat' dir='ltr'><strong><em>est</em></strong></span> <span class='ocrx_word' id='word_1_221' title='bbox 993 3455 1185 3537; x_wconf 84' lang='lat' dir='ltr'><strong><em>amplitudo</em></strong></span> <span class='ocrx_word' id='word_1_222' title='bbox 1217 3486 1267 3520; x_wconf 49' lang='grc' dir='ltr'><strong><em>κ..</em></strong></span> 
     </span>
     <span class='ocr_line' id='line_1_30' title="bbox 135 3557 1185 3646; baseline -0.008 -22"><span class='ocrx_word' id='word_1_223' title='bbox 135 3585 178 3624; x_wconf 89' lang='lat' dir='ltr'><strong><em>ac</em></strong></span> <span class='ocrx_word' id='word_1_224' title='bbox 211 3564 365 3646; x_wconf 83' lang='lat' dir='ltr'><strong><em>dignitas</em></strong></span> <span class='ocrx_word' id='word_1_225' title='bbox 396 3562 564 3635; x_wconf 87' lang='lat' dir='ltr'><strong><em>civitatis,</em></strong></span> <span class='ocrx_word' id='word_1_226' title='bbox 594 3562 624 3622; x_wconf 87' lang='lat' dir='ltr'><strong><em>is</em></strong></span> <span class='ocrx_word' id='word_1_227' title='bbox 642 3583 720 3622; x_wconf 88' lang='lat' dir='ltr'><strong><em>cam</em></strong></span> <span class='ocrx_word' id='word_1_228' title='bbox 745 3561 884 3632; x_wconf 88' lang='lat' dir='ltr'><strong><em>minuit,</em></strong></span> <span class='ocrx_word' id='word_1_229' title='bbox 910 3558 969 3640; x_wconf 85' lang='lat' dir='ltr'><strong><em>qui</em></strong></span> <span class='ocrx_word' id='word_1_230' title='bbox 993 3557 1185 3619; x_wconf 83' lang='lat' dir='ltr'><strong><em>exercitum</em></strong></span> 
     </span>
     <span class='ocr_line' id='line_1_31' title="bbox 137 3649 1185 3747; baseline -0.007 -22"><span class='ocrx_word' id='word_1_231' title='bbox 137 3665 291 3727; x_wconf 85' lang='lat' dir='ltr'><strong><em>hostibus</em></strong></span> <span class='ocrx_word' id='word_1_232' title='bbox 317 3665 439 3747; x_wconf 88' lang='lat' dir='ltr'><strong><em>populi</em></strong></span> <span class='ocrx_word' id='word_1_233' title='bbox 464 3663 601 3728; x_wconf 86' lang='lat' dir='ltr'><strong><em>romani</em></strong></span> <span class='ocrx_word' id='word_1_234' title='bbox 629 3663 792 3734; x_wconf 85' lang='lat' dir='ltr'><strong><em>tradidit,</em></strong></span> <span class='ocrx_word' id='word_1_235' title='bbox 823 3682 891 3722; x_wconf 92' lang='lat' dir='ltr'><strong><em>non</em></strong></span> <span class='ocrx_word' id='word_1_236' title='bbox 923 3659 1094 3742; x_wconf 85' lang='lat' dir='ltr'><strong><em>quicum,</em></strong></span> <span class='ocrx_word' id='word_1_237' title='bbox 1125 3649 1185 3740; x_wconf 90' lang='lat' dir='ltr'><strong><em>qui</em></strong></span> 
     </span>
     <span class='ocr_line' id='line_1_32' title="bbox 138 3761 1032 3854; baseline -0.002 -28"><span class='ocrx_word' id='word_1_238' title='bbox 138 3766 175 3826; x_wconf 87' lang='lat' dir='ltr'><strong><em>id</em></strong></span> <span class='ocrx_word' id='word_1_239' title='bbox 187 3764 360 3854; x_wconf 83' lang='lat' dir='ltr'><strong><em>ferisset,</em></strong></span> <span class='ocrx_word' id='word_1_240' title='bbox 380 3767 502 3850; x_wconf 86' lang='lat' dir='ltr'><strong><em>populi</em></strong></span> <span class='ocrx_word' id='word_1_241' title='bbox 528 3765 664 3828; x_wconf 87' lang='lat' dir='ltr'><strong><em>romani</em></strong></span> <span class='ocrx_word' id='word_1_242' title='bbox 686 3763 852 3845; x_wconf 84' lang='lat' dir='ltr'><strong><em>potestati</em></strong></span> <span class='ocrx_word' id='word_1_243' title='bbox 875 3761 1032 3824; x_wconf 83' lang='lat' dir='ltr'><strong><em>tradidit.</em></strong></span> 
     </span>
    </p>

    <p class='ocr_par' dir='ltr' id='par_1_6' title="bbox 136 3879 1185 4261">
     <span class='ocr_line' id='line_1_33' title="bbox 201 3879 1182 3969; baseline -0.007 -22"><span class='ocrx_word' id='word_1_244' title='bbox 201 3884 281 3948; x_wconf 85' lang='lat' dir='ltr'><strong><em>ibid.</em></strong></span> <span class='ocrx_word' id='word_1_245' title='bbox 306 3890 341 3964; x_wconf 78' lang='lat'><strong><em>2,</em></strong></span> <span class='ocrx_word' id='word_1_246' title='bbox 372 3890 424 3950; x_wconf 78' lang='lat' dir='ltr'><strong><em>tt.</em></strong></span> <span class='ocrx_word' id='word_1_247' title='bbox 469 3891 689 3969; x_wconf 82' lang='lat' dir='ltr'><strong><em>Quamquam</em></strong></span> <span class='ocrx_word' id='word_1_248' title='bbox 719 3895 752 3945; x_wconf 91' lang='lat' dir='ltr'><strong><em>te</em></strong></span> <span class='ocrx_word' id='word_1_249' title='bbox 773 3881 910 3965; x_wconf 87' lang='lat' dir='ltr'><strong><em>quidem</em></strong></span> <span class='ocrx_word' id='word_1_250' title='bbox 934 3881 1101 3964; x_wconf 83' lang='lat' dir='ltr'><strong><em>quidhoc</em></strong></span> <span class='ocrx_word' id='word_1_251' title='bbox 1123 3879 1182 3940; x_wconf 86' lang='lat' dir='ltr'><strong><em>do-</em></strong></span> 
     </span>
     <span class='ocr_line' id='line_1_34' title="bbox 136 3979 1184 4074; baseline -0.014 -24"><span class='ocrx_word' id='word_1_252' title='bbox 136 4010 242 4065; x_wconf 87' lang='lat' dir='ltr'><strong><em>ceam,</em></strong></span> <span class='ocrx_word' id='word_1_253' title='bbox 260 3991 367 4074; x_wconf 88' lang='lat' dir='ltr'><strong><em>quiin</em></strong></span> <span class='ocrx_word' id='word_1_254' title='bbox 395 3986 589 4052; x_wconf 88' lang='lat' dir='ltr'><strong><em>accusando</em></strong></span> <span class='ocrx_word' id='word_1_255' title='bbox 614 3985 726 4048; x_wconf 87' lang='lat' dir='ltr'><strong><em>sodali</em></strong></span> <span class='ocrx_word' id='word_1_256' title='bbox 742 4006 816 4046; x_wconf 91' lang='lat' dir='ltr'><strong><em>meo</em></strong></span> <span class='ocrx_word' id='word_1_257' title='bbox 839 3996 973 4045; x_wconf 91' lang='lat' dir='ltr'><strong><em>tantum</em></strong></span> <span class='ocrx_word' id='word_1_258' title='bbox 989 3979 1184 4042; x_wconf 88' lang='lat' dir='ltr'><strong><em>incendium</em></strong></span> 
     </span>
     <span class='ocr_line' id='line_1_35' title="bbox 136 4077 1184 4162; baseline -0.013 -10"><span class='ocrx_word' id='word_1_259' title='bbox 136 4115 205 4155; x_wconf 92' lang='lat' dir='ltr'><strong><em>non</em></strong></span> <span class='ocrx_word' id='word_1_260' title='bbox 233 4094 391 4156; x_wconf 86' lang='lat' dir='ltr'><strong><em>oratione</em></strong></span> <span class='ocrx_word' id='word_1_261' title='bbox 414 4093 544 4162; x_wconf 89' lang='lat' dir='ltr'><strong><em>solum,</em></strong></span> <span class='ocrx_word' id='word_1_262' title='bbox 578 4087 639 4148; x_wconf 90' lang='lat' dir='ltr'><strong><em>sed</em></strong></span> <span class='ocrx_word' id='word_1_263' title='bbox 672 4088 779 4148; x_wconf 91' lang='lat' dir='ltr'><strong><em>multo</em></strong></span> <span class='ocrx_word' id='word_1_264' title='bbox 812 4085 917 4146; x_wconf 89' lang='lat' dir='ltr'><strong><em>etiam</em></strong></span> <span class='ocrx_word' id='word_1_265' title='bbox 949 4079 1062 4160; x_wconf 82' lang='lat' dir='ltr'><strong><em>magis</em></strong></span> <span class='ocrx_word' id='word_1_266' title='bbox 1095 4077 1127 4138; x_wconf 88' lang='lat' dir='ltr'><strong><em>vi</em></strong></span> <span class='ocrx_word' id='word_1_267' title='bbox 1151 4088 1184 4138; x_wconf 87' lang='lat' dir='ltr'><strong><em>et</em></strong></span> 
     </span>
     <span class='ocr_line' id='line_1_36' title="bbox 136 4178 1185 4261; baseline -0.021 -4"><span class='ocrx_word' id='word_1_268' title='bbox 136 4195 255 4258; x_wconf 87' lang='lat' dir='ltr'><strong><em>dolore</em></strong></span> <span class='ocrx_word' id='word_1_269' title='bbox 288 4207 322 4256; x_wconf 91' lang='lat' dir='ltr'><strong><em>et</em></strong></span> <span class='ocrx_word' id='word_1_270' title='bbox 355 4194 481 4254; x_wconf 88' lang='lat' dir='ltr'><strong><em>ardore</em></strong></span> <span class='ocrx_word' id='word_1_271' title='bbox 514 4188 622 4250; x_wconf 92' lang='lat' dir='ltr'><strong><em>animi</em></strong></span> <span class='ocrx_word' id='word_1_272' title='bbox 653 4187 865 4259; x_wconf 87' lang='lat' dir='ltr'><strong><em>concitaras,</em></strong></span> <span class='ocrx_word' id='word_1_273' title='bbox 901 4195 939 4244; x_wconf 87' lang='lat' dir='ltr'><strong><em>nt</em></strong></span> <span class='ocrx_word' id='word_1_274' title='bbox 972 4202 1038 4261; x_wconf 85' lang='lat' dir='ltr'><strong><em>ego</em></strong></span> <span class='ocrx_word' id='word_1_275' title='bbox 1070 4179 1116 4238; x_wconf 92' lang='lat' dir='ltr'><strong><em>ad</em></strong></span> <span class='ocrx_word' id='word_1_276' title='bbox 1148 4178 1185 4238; x_wconf 87' lang='lat' dir='ltr'><strong><em>id</em></strong></span> 
     </span>
    </p>
   </div>
   <div class='ocr_carea' id='block_1_5' title="bbox 136 4279 1184 4470">
    <p class='ocr_par' dir='ltr' id='par_1_7' title="bbox 136 4279 1184 4470">
     <span class='ocr_line' id='line_1_37' title="bbox 136 4279 1184 4380; baseline -0.02 -21"><span class='ocrx_word' id='word_1_277' title='bbox 136 4295 423 4380; x_wconf 84' lang='lat' dir='ltr'><strong><em>restinguendum</em></strong></span> <span class='ocrx_word' id='word_1_278' title='bbox 451 4292 510 4354; x_wconf 82' lang='lat' dir='ltr'><strong><em>vix</em></strong></span> <span class='ocrx_word' id='word_1_279' title='bbox 529 4309 675 4352; x_wconf 82' lang='lat' dir='ltr'><strong><em>conarer</em></strong></span> <span class='ocrx_word' id='word_1_280' title='bbox 700 4287 885 4350; x_wconf 74' lang='lat' dir='ltr'><strong><em>accedere?</em></strong></span> <span class='ocrx_word' id='word_1_281' title='bbox 906 4282 1074 4346; x_wconf 84' lang='lat' dir='ltr'><strong><em>habueras</em></strong></span> <span class='ocrx_word' id='word_1_282' title='bbox 1094 4279 1184 4340; x_wconf 92' lang='lat' dir='ltr'><strong><em>enim</em></strong></span> 
     </span>
     <span class='ocr_line' id='line_1_38' title="bbox 185 4392 1010 4470; baseline -0.018 -30"><span class='ocrx_word' id='word_1_283' title='bbox 185 4403 261 4442; x_wconf 78' lang='lat' dir='ltr'><strong><em>lllsien&#39;</em></strong></span> <span class='ocrx_word' id='word_1_284' title='bbox 272 4401 395 4440; x_wconf 54' lang='lat' dir='ltr'><strong><em>orassem.</em></strong></span> <span class='ocrx_word' id='word_1_285' title='bbox 408 4399 487 4450; x_wconf 69' lang='lat' dir='ltr'><strong><em>Fragm.</em></strong></span> <span class='ocrx_word' id='word_1_286' title='bbox 504 4393 562 4437; x_wconf 69' lang='lat' dir='ltr'><strong><em>ott.</em></strong></span> <span class='ocrx_word' id='word_1_287' title='bbox 944 4392 982 4455; x_wconf 67' lang='lat'><strong><em>19</em></strong></span> <span class='ocrx_word' id='word_1_288' title='bbox 1006 4461 1010 4470; x_wconf 84' lang='lat'><strong><em>.</em></strong></span> 
     </span>
    </p>
   </div>
   <div class='ocr_carea' id='block_1_6' title="bbox 0 0 1500 4844">
    <p class='ocr_par' dir='ltr' id='par_1_8' title="bbox 0 0 1500 4844">
     <span class='ocr_line' id='line_1_39' title="bbox 0 0 1500 4844; baseline 0 2"><span class='ocrx_word' id='word_1_289' title='bbox 0 0 1500 4844; x_wconf 95' lang='lat' dir='ltr'><strong><em> </em></strong></span> 
     </span>
    </p>
   </div>
  </div>
 </body>
</html>
