2970 4836
211 365 250 426 tt

273 522 379 606 Igitur
402 521 548 586 ordinem
573 522 752 586 orationum
777 535 808 586 et
830 536 1049 605 argumentum
1073 525 1140 588 sive
1163 523 1257 587 sahu-

210 629 268 688 lsnr
291 649 332 688 cx
352 625 514 689 historicis
535 625 744 706 potissimum,
764 627 889 709 graecis
905 639 937 688 et
951 626 1066 702 latinis,
1084 629 1256 710 explorare

209 742 357 814 quantum
387 728 493 810 potui,
518 731 680 804 conabar,
707 730 804 814 idque
827 751 875 792 rne
902 729 933 791 in
961 731 1161 814 septuaginta
1187 732 1257 793 l'ere

210 855 279 894 curn
298 832 403 916 aliqua
419 831 648 914 probabilitate
668 831 814 894 effecisse
836 853 951 912 spero;
972 831 1004 893 in
1025 833 1139 895 ceteris
1155 831 1258 896 maior

209 946 277 997 erat
302 934 465 1019 quaestio,
492 956 585 1018 quarn
614 947 647 996 ut
668 934 889 996 difficultatem
911 933 1040 997 vincere
1063 935 1255 1017 potuissem,

210 1039 282 1122 quia
298 1050 350 1100 aut
366 1059 434 1112 res,
456 1041 494 1099 de
515 1058 578 1120 qua
599 1038 770 1118 agebatur,
796 1057 843 1098 ure
860 1037 995 1111 latebat,
1016 1050 1068 1100 aut
1089 1038 1257 1121 inscriptio

210 1146 293 1224 apud
317 1139 568 1225 grammaticos,
595 1139 651 1222 qui
677 1138 743 1201 eius
770 1139 951 1212 meminere,
979 1153 1131 1223 corrupta
1156 1153 1256 1203 extat.

210 1243 342 1308 Profuit
361 1243 489 1304 multum
506 1242 656 1305 Ausonii
671 1246 820 1322 Popmae
841 1241 993 1325 scriptio,
1013 1265 1124 1325 parurn
1142 1244 1257 1319 altera,

210 1367 304 1431 quarn
318 1345 417 1407 edidit
433 1345 533 1409 Lien.
559 1346 612 1407 Ex
630 1344 870 1426 comparatione
887 1359 988 1408 autern
1009 1349 1119 1408 harum
1137 1347 1259 1409 collec-

211 1451 331 1513 tionum
355 1447 532 1529 apparebit,
548 1448 686 1510 editores
707 1447 833 1528 priores
855 1451 936 1510 haud
954 1469 1030 1510 raro
1050 1449 1081 1510 in
1104 1471 1188 1512 anno
1205 1453 1259 1513 de-

211 1552 348 1614 finiendo
364 1572 499 1626 errasse,
520 1549 568 1610 vel
586 1552 715 1611 duarum
732 1549 909 1610 orationum
926 1551 1105 1631 fragmenta
1122 1552 1153 1612 in
1167 1571 1258 1612 unam

212 1653 429 1738 conglutinata
452 1664 503 1714 aut
526 1650 663 1713 eiusdem
686 1651 843 1712 orationis
864 1651 894 1711 in
916 1652 1024 1732 plures
1044 1665 1189 1732 separata
1210 1653 1260 1714 lu·

212 1759 286 1820 isse.
317 1754 465 1818 Historia
485 1752 666 1817 orationum
682 1752 815 1817 Catonis
831 1752 923 1816 simul
937 1752 1089 1816 memoria
1102 1765 1149 1816 est
1166 1753 1259 1838 quin·

213 1857 363 1944 quaginta
390 1858 459 1920 fere
486 1877 639 1918 annorum
663 1854 858 1936 reipublicae
883 1877 1054 1919 romanae:
1092 1877 1147 1919 eae
1177 1857 1259 1918 enirn

213 1983 329 2024 sumana
347 1982 453 2022 rerum
468 1980 527 2040 per
542 1958 575 2020 id
594 1957 748 2039 temporis
767 1958 900 2038 spatium
923 1958 954 2019 in
972 1959 1139 2040 republica
1156 1971 1260 2040 gesta-

213 2085 281 2126 rum
299 2062 401 2143 capita
417 2063 586 2145 attingunt.
624 2064 730 2144 Atque
746 2059 956 2123 illustrissima
975 2061 1101 2123 virtutis
1117 2061 1260 2124 facinora

213 2179 278 2228 turn
295 2168 460 2229 Romanos
479 2163 582 2246 egisse
602 2174 740 2227 constat.
777 2163 936 2242 Hannibal
954 2164 1072 2237 victus,
1091 2161 1260 2245 Philippus

214 2291 273 2332 rex
286 2290 405 2341 caesus,
424 2266 561 2329 Graecia
577 2266 746 2328 tributaria
763 2266 862 2344 facta,
880 2266 1071 2340 Antiochus,
1089 2288 1164 2328 mox
1181 2267 1261 2329 Per·

214 2393 285 2434 seus
302 2392 395 2454 reges
410 2369 571 2452 superati,
589 2369 756 2451 Carthago
773 2369 804 2431 in
822 2382 966 2433 extremo
984 2368 1116 2432 Catonis
1133 2387 1214 2431 auno
1230 2379 1262 2430 et

214 2475 340 2539 Catone
366 2473 564 2554 potissimum
599 2493 729 2534 suasore
759 2473 859 2537 deleri
889 2473 985 2542 iussa,
1026 2470 1163 2535 Romani
1191 2490 1260 2533 om-

214 2577 298 2640 nium
323 2570 516 2658 populorum
542 2574 671 2652 domini,
697 2574 835 2638 oninium
860 2598 972 2659 regum
996 2574 1137 2656 patroni,
1164 2573 1262 2638 totius

214 2679 304 2743 orbis
324 2691 482 2740 terrarum
504 2689 592 2740 erant
619 2679 771 2741 victores.
817 2681 888 2741 Nec
911 2689 1076 2740 versantur
1098 2675 1262 2738 orationes

215 2782 282 2845 eius
296 2781 366 2844 fere
381 2779 413 2841 in
430 2779 531 2842 causis
546 2780 700 2859 privatis,
718 2781 820 2844 sedin
837 2780 875 2842 iis
891 2782 1005 2854 rebus,
1020 2800 1100 2862 quae
1116 2789 1181 2838 turn
1199 2799 1263 2839 ma·
1347 2775 1349 2782 ’

216 2884 300 2946 xime
313 2883 344 2944 in
360 2893 471 2944 senatu
483 2881 751 2957 deliberabantur,
768 2897 820 2944 aut
835 2882 865 2944 in
880 2881 1002 2965 legibus
1014 2879 1180 2944 suadendis
1197 2879 1262 2943 dis·

216 2985 438 3059 suadendisve,
458 2996 510 3047 aut
532 2985 565 3047 in
588 2985 690 3048 causis
713 2985 870 3067 publicis,
895 3006 976 3069 quae
1001 2983 1152 3047 latissime
1175 2995 1263 3064 pate·

216 3093 292 3150 bant
311 3100 343 3151 et
363 3109 379 3150 a
402 3087 617 3168 scriptoribus
644 3109 773 3173 quoque
799 3088 971 3152 memoriae
998 3087 1168 3172 diligenter
1192 3097 1265 3149 cunt

216 3191 365 3254 traditae.
400 3190 479 3253 Ideo
496 3189 558 3253 tria
580 3192 778 3272 potissimum
802 3191 983 3255 orationum
1009 3211 1125 3274 genera
1147 3187 1265 3249 discer-

216 3315 292 3357 nere
314 3293 406 3366 licet,
430 3293 598 3357 sententias
620 3294 812 3370 senatorias,
837 3293 1001 3358 orationes
1024 3289 1208 3355 iudiciarias
1235 3300 1266 3349 et

217 3395 393 3458 censorias.

280 3499 330 3561 De
346 3496 481 3562 Catonis
497 3497 559 3560 vita
577 3500 663 3562 multi
680 3499 852 3582 scripsere,
880 3494 1039 3576 inprimis
1057 3491 1265 3556 nominandus

220 3599 395 3664 Maiensius
413 3603 487 3682 (Ad
503 3604 607 3666 XXX
623 3601 932 3666 Iurisconsultorurn
947 3595 1049 3660 omnia
1067 3595 1264 3677 fragmenta,

204 3723 299 3788 ,quae
310 3715 419 3766 extant
429 3702 462 3767 in
474 3703 563 3767 luris·
575 3704 690 3767 Civilis
704 3711 846 3784 corpore
859 3695 1098 3764 Comrnentarii.
1115 3697 1265 3760 Geuevae

220 3809 314 3868 ttot.
334 3808 366 3869 lt.
384 3808 425 3867 T.
440 3810 464 3870 l.
476 3807 667 3887 p.3-113‚)
685 3817 779 3886 atque
793 3802 999 3862 Schlosserus
1012 3797 1263 3875 (universalhist.

218 3908 426 3972 Uebersieht.
446 3909 491 3972 ΙΙ.
509 3909 541 3970 3.
558 3930 592 3988 p.
611 3906 699 3983 185.)
720 3925 777 3965 nec
799 3903 892 3964 laude
914 3899 1080 3964 doctrinae
1102 3913 1195 3985 atque
1217 3901 1265 3966 iu-

219 4008 292 4071 dicii
310 4022 398 4072 caret
413 4009 499 4076 Guil.
515 4011 596 4076 Ern.
612 4009 656 4068 W
659 4005 748 4068 cheri
768 4004 1019 4070 Commentario
1040 4004 1081 4066 de
1103 4007 1158 4069 M.
1181 4007 1265 4068 Por·

219 4112 264 4174 cti
275 4111 418 4176 Catonia
436 4109 593 4173 Censorii
611 4109 693 4174 Vita
708 4120 740 4170 et
758 4109 932 4174 Moribus.
951 4109 1085 4170 Bremae
1102 4107 1197 4169 1831.
1219 4117 1266 4167 at-

219 4235 281 4296 que
299 4208 462 4276 Gerlachii
482 4207 666 4291 disputatio,
691 4209 742 4276 cui
758 4211 867 4274 titulus
885 4223 932 4276 est
951 4210 1066 4294 Scipio
1078 4209 1152 4272 und
1166 4211 1264 4282 Cato,
