2970 4836
308 399 328 458 1

309 552 445 615 Scholae
463 550 493 612 io
511 547 582 619 Cio.
597 547 728 618 Tusoui.
745 549 763 610 1
780 551 839 622 §ll⁸
856 553 905 618 ed.
925 551 1036 616 Orelli.
1067 552 1214 616 Niebuhr
1230 555 1350 618 Gesoh.

309 677 338 722 v.
351 656 435 717 Rom
449 657 487 715 ¹1⁸.
501 655 529 714 2.
543 676 574 735 p.
585 655 629 727 9.,
645 655 685 720 Τ.
695 653 723 713 3.
735 673 767 732 p.
783 653 854 720 351),
879 657 1352 725 KrauseGesch.d,r61n.Lit-

307 769 428 821 leratur
444 777 476 837 p.
487 757 560 819 115.
590 757 754 820 Duentzor
766 770 796 820 ot
812 758 932 818 Lersch
947 761 984 820 de
995 781 1087 820 versu
1099 760 1248 822 Saturnio
1262 782 1292 840 p.
1303 760 1352 827 50,

467 971 506 1026 11.
528 970 564 1038 Q.
577 971 683 1026 Fabius
695 969 839 1028 Maximus
855 971 1018 1028 Verrucosus
1033 972 1187 1030 Cunctator.

371 1121 402 1183 ls
424 1119 594 1203 quinquies
616 1120 726 1182 consul
752 1132 836 1195 erat,
853 1143 880 1185 a.
898 1123 955 1183 521
974 1123 1079 1201 (233),
1094 1124 1154 1183 526
1169 1122 1274 1199 (998),
1292 1124 1351 1186 539

308 1225 409 1302 (315),
427 1225 489 1286 510
503 1225 605 1299 (311),
624 1225 684 1285 515
701 1221 801 1307 (209).
827 1225 981 1288 Mortuus
995 1237 1041 1286 est
1055 1247 1081 1292 a.
1094 1225 1153 1286 551
1168 1225 1270 1304 (203).
1296 1225 1352 1286 Li-

309 1327 377 1390 vius
396 1327 413 1394 Ι.
430 1329 480 1412 30,
493 1326 545 1388 26.

372 1429 490 1494 Cicero
512 1431 602 1496 Brut.
623 1452 651 1490 c.
667 1431 717 1493 11.
745 1433 787 1512 Q
805 1431 909 1492 etiam
930 1431 1114 1494 Maximus
1137 1433 1353 1494 Verrucosus

308 1547 428 1596 orator
442 1533 577 1594 habitus
593 1545 643 1594 est
659 1533 869 1614 temporibus
884 1534 962 1597 iliis.

370 1635 452 1698 lbid.
470 1657 497 1703 c.
511 1634 563 1698 19.
576 1637 628 1696 77.
646 1637 732 1698 Cum
747 1636 810 1696 hoo
826 1639 954 1698 Catone
967 1635 1176 1717 grandiores
1192 1648 1275 1696 ποια
1279 1633 1351 1724 fu-

307 1753 407 1801 orunt
424 1741 461 1802 C.
472 1737 681 1810 Flaminius,
697 1737 731 1800 O.
749 1741 884 1811 Varro,
900 1743 943 1820 Q.
960 1738 1199 1812 Maximus,
1218 1742 1261 1819 Q.
1276 1740 1352 1801 Me·
1458 1754 1462 1788 1

306 1846 418 1915 tellus,
437 1845 475 1906 P.
491 1843 670 1914 Lentulus,
688 1843 727 1904 P.
741 1845 899 1908 Crassus,

559 2047 585 2102 1.
607 2047 747 2103 Lanuuio
762 2047 890 2104 funebris
903 2046 1001 2114 Quinti
1016 2047 1078 2103 filii.

371 2181 411 2261 Q.
422 2177 542 2240 Fabius
553 2177 716 2240 Maximus
728 2177 813 2240 filius
825 2177 1021 2241 consulatum
1034 2176 1132 2261 gessit
1141 2199 1169 2247 a.
1179 2181 1238 2240 511
1251 2179 1352 2255 (113),

306 2286 361 2345 sod
375 2303 439 2365 quo
457 2279 568 2344 deinde
585 2302 667 2344 auno
681 2280 762 2342 dieto
778 2302 960 2361 supremum
975 2281 1103 2354 obierit,
1121 2281 1274 2343 incertum
1291 2293 1351 2342 est.

371 2382 490 2446 Cioero
507 2382 590 2446 Calo
607 2383 686 2451 Mai.
703 2385 731 2456 1,
744 2384 795 2445 12.
816 2387 934 2448 Multa
949 2385 984 2446 in
997 2388 1039 2467 Q.
1054 2385 1158 2447 Fabio
1169 2387 1354 2465 praeclaro
1461 2383 1462 2404 ¹

307 2487 464 2569 cognovi,
482 2487 542 2554 sesi
556 2485 641 2548 nihil
655 2499 706 2549 est
721 2486 971 2560 admirabilius,
989 2509 1092 2570 quam
1107 2487 1279 2570 quomodo
1297 2488 1353 2548 iiie
1454 2559 1457 2568 Ι

307 2601 453 2652 mortem
463 2588 540 2666 filii
555 2591 646 2664 tulis,
664 2591 750 2653 olari
766 2590 831 2653 viri
845 2602 878 2652 et
892 2590 1096 2654 consularis.
1125 2593 1201 2652 Est
1217 2591 1259 2652 in
1275 2611 1353 2651 ma·

306 2693 427 2754 nibus
450 2693 664 2766 laudatio,
689 2715 792 2776 quom
808 2715 885 2754 cum
900 2694 1066 2774 legimus,
1088 2713 1189 2774 quem
1201 2693 1354 2772 philoso-

303 2798 411 2878 phum
427 2815 495 2857 non
508 2794 785 2856 contemnimus?

368 2898 561 2962 Plutarchus
577 2895 640 2958 vita
658 2895 750 2960 Fabii
766 2919 795 2958 c.
810 2895 832 2958 l.
860 2891 963 2984 Ὁρῶν
982 2895 1017 2958 δὲ
1037 2899 1092 2960 καὶ
1113 2894 1170 2976 τῆς
1188 2898 1355 2974 πολιτείας
1447 2927 1450 2932 ’

307 2998 343 3066 τὸ
354 3004 500 3086 μέγεθος
515 3004 570 3064 καὶ
585 3000 647 3064 τῶν
661 3002 811 3084 πολέμων
823 2993 860 3062 τὸ
872 2997 1016 3077 πλῆθος,
1030 2993 1122 3077 ἤσκει
1138 2994 1175 3062 τὸ
1186 3005 1246 3083 μὲν
1260 3000 1354 3085 σῶμα

305 3100 388 3191 πρὸς
403 3099 478 3180 τοὺς
492 3105 656 3186 πολέμους
676 3092 777 3186 ὥςπερ
801 3091 903 3166 ὅπλον
923 3094 1107 3198 σύμφυτον,
1130 3097 1187 3167 τὸν
1205 3104 1240 3168 δὲ
1255 3098 1355 3186 λόγον
1378 3125 1386 3141 ·

306 3202 449 3292 ὄργανον
463 3203 608 3280 πειθοῦς
625 3199 709 3290 πρὸς
731 3199 788 3268 τὸν
808 3203 922 3287 δῆμον,
945 3201 979 3268 εὐ
999 3198 1091 3290 μάλα
1106 3199 1294 3292 πρεπόντως
1309 3207 1354 3295 τῷ

304 3310 366 3398 βίῳ
382 3309 719 3392 κατακεκοσμημένον.
749 3300 794 3370 Oi
806 3301 871 3394 γὰρ
894 3306 974 3386 ἐπῆν
995 3301 1161 3394 ὡραϊσμὸς
1184 3303 1260 3374 οὐδὲ
1280 3305 1353 3387 κενὴ

305 3417 360 3475 καὶ
376 3405 536 3499 ἀγοραῖος
547 3403 654 3496 χάρις,
668 3403 753 3472 ἀλλὰ
769 3408 843 3484 νοῦς
858 3409 943 3474 ἴδιον
955 3414 1010 3474 καὶ
1022 3407 1173 3496 περιττὸν
1185 3410 1218 3476 ἐν
1226 3434 1354 3495 μναμο-

305 3513 433 3596 λογίαις
445 3511 554 3597 σχῆμα
567 3536 622 3575 και
612 3504 779 3594 βάθος”
761 3535 848 3596 εχων,
862 3503 902 3588 ἃς
912 3507 1059 3598 μαλιστα
1072 3511 1354 3588 ταῖςΘσνκνὸίὃοα

305 3617 528 3736 προςεοικὲναι
543 3615 684 3698 λέγουσι.
716 3607 968 3694 Λιασώζεται
984 3611 1060 3728 γὰρ
1077 3608 1209 3679 αὐτον
1190 3607 1355 3697 λόγος,

306 3741 350 3782 ον
366 3717 477 3782 εἶπεν
500 3717 539 3780 ἐν
559 3740 610 3780 τα
596 3709 740 3806 ”obruor
761 3740 830 3780 τον
816 3709 1140 3792 παιδὸςαὺτοῦ
1156 3708 1275 3797 μεθ”
1259 3739 1354 3782 νπα-

307 3807 972 3902 τειαναποθανόντοςέγκώμιον.

366 3920 450 3984 Ibid.
462 3943 492 3984 c
504 3922 554 3989 21.
584 3917 702 3986 Tou
666 3922 702 3985 ὃ
721 3920 853 4003 Φαβίου
869 3915 926 3982 τὸν
940 3939 1013 3981 σιον
1024 3911 1212 3985 αποθανειν
1224 3921 1354 4003 συνέβη,

305 4029 359 4088 καὶ
371 4020 479 4109 τὴνμὲ
482 4047 499 4088 ν
511 4019 689 4139 συμφορὰν
701 4016 743 4098 ὡς
754 4015 837 4105 ἀνὴρ
850 4043 883 4082 τε
895 4013 1065 4141 φρόνιμος
1069 4025 1123 4086 καὶ
1135 4017 1242 4112 πατὴρ
1252 4045 1355 4110 χρησ-

305 4123 362 4203 τὸς
385 4123 496 4211 ἤνεγκε
514 4146 739 4248 μετριωτατα,
764 4117 801 4186 τὸ
826 4113 1065 4204 b's'yuoisuoo,c
1046 4127 1153 4202 οταῖς
1168 4125 1356 4210 ἐκκομιδαῖς

301 4229 364 4294 τῶν
379 4227 548 4320 ἐπιφανῶν
563 4229 595 4290 οἱ
608 4217 824 4349 προςὴκοντες
838 4219 1102 4302 επιτελοῦσιν,
1061 4221 1162 4302 αυτὸς
1173 4215 1240 4292 εἷπε
1252 4249 1355 4290 κατα

305 4328 387 4406 στὰς
406 4333 438 4395 ἐν
455 4325 574 4416 αμορᾷ,
595 4327 660 4390 καὶ
676 4318 846 4462 γραψας
863 4321 931 4392 τὸν
950 4320 1072 4410 λόγον
1091 4327 1299 4406 ἐξέδωκεν
1350 4395 1353 4400 ,

1460 4411 1462 4464 i
