2958 4840
1170 353 1228 414 607

212 516 364 576 auditorum]
401 526 426 564 ct
450 517 595 564 auditorum
613 515 698 561 IIreIt.
727 519 752 557 st
769 525 798 557 ex
817 513 899 556 uttam·
919 513 1004 558 sittabe
1022 515 1089 559 rerbt
1110 515 1228 560 ostende-

247 611 400 664 retortum
419 608 487 652 deest
504 608 528 650 in
547 608 601 649 cod.
621 605 716 657 Turta,
738 601 777 659 qui
796 605 921 655 praeterea
941 615 986 644 non
1005 601 1156 656 auditorum,
1180 605 1221 648 ssd

250 691 405 751 adjuterium
424 695 529 738 exhibet.

404 820 532 878 CXLIII.
554 820 731 876 Donatianur
751 830 779 874 v.
801 816 990 872 Domitianus.

406 957 531 1015 CXLIV.
562 955 654 1013 Aelius
672 955 837 1012 Hadrianus
855 953 1001 1026 deputas.

239 1071 341 1133 Natus
365 1093 393 1134 a.
416 1093 448 1132 u.
481 1069 541 1132 829
572 1067 652 1152 (76).
698 1067 886 1150 Spartianus
918 1065 950 1128 in
973 1065 1129 1129 Hadriani
1165 1066 1227 1131 vita

176 1193 205 1235 e.
232 1176 262 1234 1.
309 1174 350 1234 A.
375 1193 405 1234 u.
430 1173 494 1234 870
524 1172 615 1251 (117)
647 1169 815 1252 imperium
849 1165 985 1250 accepit.
1031 1169 1072 1232 Α.
1106 1191 1136 1233 u.
1165 1167 1224 1232 891

175 1273 265 1351 (138)
289 1285 431 1335 mortuus
455 1285 512 1338 est.

243 1374 432 1455 Spartianus
456 1374 519 1436 vita
544 1373 701 1437 Hadriani
731 1397 761 1438 e.
795 1375 826 1436 3.
861 1377 1092 1456 Quaesturam
1122 1372 1227 1455 gessit

176 1476 332 1539 Traiano
353 1488 476 1560 quater
498 1489 530 1539 et
554 1476 743 1540 Articuleio
764 1497 866 1550 coss„
892 1475 927 1537 in
949 1495 1018 1558 qua
1039 1495 1117 1536 cum
1136 1494 1216 1536 ora·

174 1577 299 1640 tionem
322 1577 543 1660 imperatoris
566 1580 600 1641 in
624 1590 745 1642 senatu
766 1577 941 1660 agrestius
976 1575 1219 1658 pronuntians,

175 1679 266 1742 risus
288 1693 388 1755 esset,
407 1702 514 1767 usque
537 1681 584 1743 ad
606 1701 773 1742 summam
786 1680 949 1763 peritiam
964 1690 996 1740 et
1006 1675 1225 1768 facundiam

178 1781 295 1844 latinis
318 1805 459 1865 operam
482 1783 589 1846 dedit.

208 1906 367 1982 Articuleio]¹
394 1913 463 1968 rutgo
490 1912 576 1968 tegitur
599 1910 762 1955 Arunenleio.
788 1911 833 1954 Sed
859 1909 922 1952 conl.
949 1909 1014 1952 Fasti
1039 1907 1132 1950 Baiterr
1152 1920 1173 1947 a.
1199 1919 1222 1949 ιι.

246 1991 294 2039 853
314 1993 408 2053 (101):
431 1995 563 2040 Traianus
582 1995 625 2044 IV.
647 2003 671 2041 et
689 1995 783 2041 Sextus
801 1995 955 2040 Articuleiur
973 1995 1074 2038 Paetus.

235 2091 316 2155 ibid.
341 2117 370 2155 e.
398 2098 448 2157 16.
495 2096 632 2158 Amavit
655 2116 766 2177 genus
788 2094 924 2156 dicendi
939 2104 1121 2165 uetustum,
1139 2113 1219 2155 con-

174 2196 362 2257 trouersias
389 2196 602 2258 declamauit.
658 2197 816 2262 Ciceroni
848 2199 1031 2268 Catonem,
1067 2195 1224 2275 Virgilio

172 2296 336 2371 Ennium,
362 2299 514 2361 Satureio
537 2299 689 2362 Caelium
710 2299 887 2378 praetulit.

237 2399 352 2461 Aurei.
378 2397 500 2462 Victor
520 2401 557 2460 de
581 2399 773 2461 Caesaribus
796 2421 823 2464 e.
849 2399 899 2460 11.
934 2399 1054 2462 Aelius
1070 2399 1222 2462 Hadria·

178 2519 243 2560 nus
265 2501 434 2583 eloquio
449 2514 625 2584 ,togaeque
648 2501 771 2564 studiis
793 2500 1101 2564 adcommodatior.

235 2601 350 2663 Aurei.
375 2601 495 2664 Victor
518 2601 607 2682 Epit.
633 2603 805 2665 Caesarum
837 2624 866 2665 c.
898 2604 947 2665 tt.
997 2603 1118 2664 Aelius
1148 2604 1219 2664 Ha·

173 2701 318 2764 drianus
340 2703 478 2784 graecis
501 2704 626 2766 litteris
648 2703 837 2788 impensius
859 2704 1028 2777 eruditus,
1052 2724 1076 2763 a
1096 2704 1219 2785 pleris-

175 2825 238 2886 que
260 2807 452 2867 Graeculus
487 2810 680 2887 appellatus
715 2817 785 2881 est,
812 2805 1072 2870 Atheniensium
1105 2806 1221 2867 studia

171 2926 349 2988 moresque
371 2907 501 2984 hausit,
522 2910 652 2990 potitus
676 2929 743 2970 non
767 2929 924 2994 sermone
946 2918 1092 2981 tantum,
1114 2907 1218 2968 sedet

170 3008 292 3069 ceteris
334 3008 548 3090 disciplinis,
602 3009 747 3071 canendi
788 3008 958 3092 psallendi
998 3008 1218 3090 medendique

170 3109 336 3181 scientia,
370 3110 540 3184 musicus,
571 3124 767 3193 geometra,
803 3111 934 3193 pictor,
967 3109 1145 3194 sectorque
1172 3131 1219 3170 ex

169 3231 249 3272 aere
271 3213 322 3272 uel
344 3233 530 3276 marmore.

232 3311 415 3376 Hadrianus
438 3327 469 3376 et
491 3315 657 3378 orationes
680 3327 710 3378 et
735 3315 979 3378 declamationes
1009 3314 1145 3377 edidisse
1171 3311 1219 3373 vi·

172 3417 281 3477 detur:
308 3415 489 3480 aCharisio
513 3430 599 3481 certe
623 3417 705 3480 liber
728 3416 943 3500 duodecimus
958 3417 1139 3482 orationum
1148 3417 1218 3476 Ha·

174 3515 277 3579 driani
301 3533 508 3582 memoratur.

232 3633 399 3697 Charisius
435 3660 467 3717 p.
498 3639 568 3698 132.
615 3636 820 3704 Valdissirne.
875 3637 984 3699 Diuus
1012 3635 1216 3698 Hadrianus

170 3735 378 3797 Gratianum
395 3739 499 3801 XII-s
523 3741 555 3800 A
578 3738 682 3811 uobis,
704 3749 824 3819 patres
846 3737 1042 3820 conscripti,
1067 3747 1158 3816 peto,
1185 3747 1218 3798 et

168 3834 389 3918 impetratum
412 3839 606 3900 valdissime
628 3838 747 3920 cupio,
781 3850 818 3899 ut
846 3839 1010 3920 proxime
1031 3838 1218 3920 imaginem

168 3938 323 4018 Augusti
359 3952 563 4024 argenteum
595 3941 713 4024 potius
742 3943 899 4022 clupeum
935 3940 1023 4002 sicut
1056 3943 1217 4020 Augusto

166 4041 317 4120 ponatis.

203 4191 347 4234 orationum
366 4185 439 4248 xta]
475 4189 586 4250 ambigue
606 4191 702 4232 uterum.
724 4194 765 4232 eut
794 4191 857 4232 eninr
875 4190 984 4232 volumen
1012 4187 1137 4230 duodecIm
1162 4199 1217 4228 ors·

238 4279 328 4321 tionum
346 4283 386 4321 aut
404 4277 479 4334 (qnod
499 4269 576 4336 rnrto)
595 4277 747 4321 duodecimus
768 4276 828 4321 tiber
848 4277 985 4320 orationum
1004 4273 1181 4342 intelllgendns,
