2966 4842
254 309 315 370 160

254 468 289 530 in
313 467 435 551 quibus
457 466 604 528 nitorem
638 477 670 526 et
704 465 920 528 altitudinem
959 468 1081 528 horum
1109 479 1303 548 temporum

253 569 489 651 agnoscimus.
525 568 651 631 Sordes
677 579 793 630 autem
823 568 901 629 illae
925 568 1105 630 verborum
1138 581 1171 630 et
1201 569 1301 632 hians

253 670 458 754 compositio
481 681 514 731 et
537 669 703 731 inconditi
726 690 844 734 sensus
871 670 1024 732 redolent
1046 670 1298 754 antiquitatem,

254 793 314 836 nec
339 792 542 855 quemquam
566 773 653 834 adeo
686 771 922 855 antiquarium
948 783 1055 852 puto,
1083 785 1121 834 ut
1138 774 1301 836 ¹Coelium

254 897 301 938 ex
323 894 365 936 ea
383 884 484 956 parte
510 873 637 949 laudet,
663 895 731 958 qua
756 875 919 956 antiquus
940 885 1003 936 est.

315 975 395 1038 ibid.
419 998 447 1042 c.
470 977 522 1039 25.
568 976 673 1058 Apud
693 997 757 1038 nos
779 975 898 1039 Cicero
922 975 1060 1059 quidem
1085 985 1216 1040 ceteros
1242 1000 1297 1039 eo-

251 1079 396 1142 rundem
419 1090 613 1159 temporum
639 1078 787 1140 disertos
813 1077 1013 1150 antecessit,
1040 1079 1164 1141 Calvus
1183 1091 1299 1141 autern

251 1192 284 1244 et
298 1181 443 1245 Asinius
466 1192 498 1242 et
521 1183 651 1244 Caesar
677 1190 710 1241 et
736 1180 910 1243 Coelius
933 1191 965 1241 et
991 1182 1122 1241 Brutus
1143 1201 1207 1241 suo
1222 1181 1298 1243 iure

250 1295 282 1346 et
295 1283 474 1366 prioribus
489 1295 521 1344 et
548 1281 766 1364 sequentibus
791 1292 1066 1363 anteponuntur3
1091 1301 1151 1342 nec
1170 1280 1296 1370 refert,

249 1385 342 1470 quod
363 1385 453 1448 inter
482 1406 518 1446 se
546 1382 658 1467 specie
683 1380 869 1469 differant,
898 1405 975 1444 cum
1001 1404 1126 1466 genere
1156 1404 1297 1446 consen·

249 1488 351 1551 tiant.
375 1486 563 1550 Astrictior
589 1487 731 1560 Caluus,
757 1484 975 1547 numerosior
1002 1485 1163 1558 Asinius,
1186 1488 1297 1567 splen-

250 1583 365 1652 didior
382 1591 521 1660 Caesar,
547 1586 740 1648 amarior
766 1586 961 1661 Coelius,
986 1585 1130 1668 gravior
1152 1589 1295 1661 Brutus,

249 1688 478 1753 uehementior
511 1699 544 1750 et
576 1687 713 1768 plenior
744 1699 777 1750 et
813 1687 980 1750 ualentior
1009 1688 1147 1761 Cicero,·
1178 1711 1296 1753 omnes

247 1805 362 1855 tamen
384 1790 526 1854 eandem
552 1788 771 1852 sanctitatem
796 1790 1007 1872 eloquentiae
1022 1787 1174 1878 ferunt,
1204 1804 1242 1853 ut
1265 1792 1297 1854 si

248 1895 401 1958 omnium
423 1892 531 1954 libros
557 1891 592 1953 in
620 1910 759 1952 manum
791 1891 975 1965 sumseris,
1002 1893 1111 1966 scias,
1139 1893 1295 1977 quamuis

248 1996 284 2058 in
307 1994 451 2058 diversis
474 1993 641 2075 ingeniis,
669 2012 743 2054 esse
768 1992 942 2076 quandam
965 1992 1085 2058 iudicii
1110 2016 1149 2056 ac
1176 1997 1294 2059 nolun-

247 2099 330 2162 tatis
352 2082 613 2161 similitudinem
634 2107 667 2157 et
694 2094 947 2177 cognationem.

311 2199 435 2264 Plinius
461 2197 566 2279 Epist.
592 2199 625 2271 1,
651 2198 703 2259 20.
741 2199 977 2262 Gracchorum
992 2199 1199 2283 Catonisque
1214 2221 1294 2263 ora-

246 2301 356 2369 tiones
396 2319 479 2365 sane
515 2300 688 2382 plurimae
727 2312 808 2362 sunt
839 2298 1060 2362 circumcisae
1097 2313 1129 2363 et
1163 2301 1291 2374 breues,

246 2409 370 2488 longae
385 2416 501 2466 autem
517 2416 550 2466 et
566 2423 713 2484 rrtagnae
737 2400 913 2475 Pollionis,
937 2401 1109 2478 Caesaris,
1129 2403 1290 2478 Caelii,

248 2507 283 2570 in
310 2507 437 2590 primis
471 2508 527 2570 M.
561 2504 686 2579 Tullii,
722 2502 821 2565 cuius
855 2502 969 2566 oratio
1006 2504 1138 2586 optima
1160 2503 1293 2594 fertur

247 2632 337 2684 esse,
364 2629 451 2692 quae
471 2627 637 2668 maxima.

310 2709 487 2775 Columella
520 2707 579 2770 lib.
613 2711 643 2769 1.
676 2707 813 2788 praefat.
838 2708 891 2771 30.
946 2711 1021 2772 Nec
1051 2712 1199 2771 Brutum
1230 2721 1293 2772 aut

245 2813 437 2879 Coelium
462 2810 688 2875 Pollionemve
713 2832 791 2872 cum
815 2811 973 2873 Messala
998 2823 1031 2873 et
1053 2814 1157 2875 Calvo
1177 2811 1288 2873 deter-

245 2937 346 2980 ruere
368 2915 411 2978 ab
434 2910 646 2995 eloquentiae
673 2912 790 2975 studio
803 2910 969 3002 fulmina
995 2913 1055 2974 illa
1077 2913 1261 2978 Ciceronis.

535 3087 561 3142 1.
603 3087 702 3146 Oratio
722 3091 752 3145 in
773 3089 805 3146 C.
826 3088 996 3146 Antonium.

307 3197 409 3262 Causa
430 3208 477 3260 est
498 3210 565 3260 acta
590 3221 619 3264 a.
646 3202 707 3264 695
730 3201 812 3280 (59).
849 3200 891 3265 C.
917 3201 1090 3276 Antonius,
1116 3203 1287 3267 Ciceronis

241 3304 274 3365 in
296 3300 460 3364 consulatu
488 3303 624 3384 collega,
651 3300 826 3384 proconsul
851 3324 999 3364 reversus
1024 3324 1064 3364 ex
1089 3305 1283 3368 Macedonia

241 3403 428 3488 provincia,
445 3415 476 3466 et
492 3403 660 3467 maiestatis
684 3415 715 3465 et
742 3401 969 3464 coniurationis
989 3400 1195 3465 Catilinariae
1212 3427 1286 3466 reus

241 3529 257 3570 n
290 3507 343 3569 M.
376 3503 492 3571 Coelio
528 3507 728 3569 adolescente
762 3513 809 3565 est
843 3501 961 3577 factus,
989 3514 1020 3564 et
1054 3505 1284 3568 condemnatur

242 3608 405 3674 Cicerone
417 3607 535 3670 frustra
552 3607 752 3669 defendente.
770 3602 870 3667 Conl.
890 3603 1053 3666 Drumann
1070 3615 1094 3666 t.
1113 3609 1142 3668 1.
1161 3629 1195 3688 p.
1213 3609 1286 3684 538,

240 3725 266 3776 t.
289 3713 319 3780 5.
340 3733 375 3792 p.
401 3711 473 3786 606,
497 3708 626 3771 Ellendt
651 3729 685 3788 p.
717 3706 824 3771 CXV.

305 3811 379 3876 Cic.
403 3832 464 3893 pro
488 3809 604 3874 Coelio
628 3829 658 3870 c.
690 3811 720 3870 7.
766 3812 887 3891 Itaque
915 3829 938 3869 a
971 3809 1160 3873 maledictis
1182 3811 1286 3892 pudi-

240 3917 341 3980 citiae
372 3915 419 3975 ad
448 3910 699 3974 coniurationis
732 3911 897 3975 inuidiam
933 3915 1047 3976 oratio
1087 3925 1138 3976 est
1172 3924 1287 3978 uestra

241 4019 394 4100 delapsa.
422 4047 463 4058 -
485 4049 527 4058 -
551 4012 709 4077 Nimium
734 4017 843 4076 multa
877 4014 919 4076 de
949 4037 986 4076 re
1017 4016 1154 4078 minime
1182 4015 1286 4077 dubia

240 4123 376 4202 loquor.
402 4119 476 4182 Hoc
498 4128 611 4179 tamen
635 4115 729 4179 dico:
756 4136 823 4178 non
851 4117 952 4180 modo
974 4116 1004 4178 si
1019 4117 1156 4180 Coelius
1171 4117 1285 4180 socius

240 4219 510 4293 coniurationis,
538 4220 599 4281 sed
630 4219 698 4282 nisi
728 4217 986 4282 inimicissimus
1017 4218 1119 4281 istius
1148 4215 1285 4280 sceleris
