2980 4842
1182 383 1242 445 329

233 555 366 602 omnesque
385 540 439 600 eos]
478 545 545 586 mulli
569 545 609 586 alii
638 557 651 586 a
676 544 793 597 Pompeio
818 543 841 588 in
867 545 930 588 bello
955 546 1054 589 Sullano
1079 549 1242 593 crudelissime

275 631 394 675 trucidali.
414 630 536 674 Drumann
557 636 574 673 t.
597 627 621 674 l.
642 644 665 686 p.
687 625 745 674 ets.

266 751 400 812 Ioannes
427 749 678 811 saresberiensis
704 752 742 810 de
772 751 860 832 Nug.
887 751 967 814 Cur.
990 756 1024 827 7,
1047 754 1099 815 25.
1144 756 1243 818 Pom-

200 853 298 935 peius
327 873 403 912 cum
431 853 551 912 Heluio
584 853 789 926 Formiano,
825 853 974 916 libertini
997 853 1095 930 silio,
1127 855 1244 936 inpro-

197 975 337 1036 perans,
355 954 448 1035 quod
463 953 612 1024 redierat
628 954 671 1014 ab
689 951 829 1042 inferis,
853 968 891 1016 ut
910 957 1056 1018 Lucium
1067 957 1242 1042 Libonem,

200 1056 350 1118 amioum
375 1055 540 1135 Pompeii,
564 1067 761 1118 accusaret:
788 1058 841 1119 Ab
863 1057 898 1118 in
924 1059 1004 1130 eris,
1031 1058 1143 1142 inquit
1164 1063 1245 1124 Hel·

200 1158 294 1230 vius,
327 1159 363 1216 in
397 1157 561 1218 Libonem
596 1157 693 1218 venio
729 1171 932 1233 accusator,
969 1162 1029 1222 sed
1059 1162 1141 1222 dum
1177 1163 1245 1225 illic

200 1271 357 1322 moratus
383 1279 470 1329 sum,
500 1259 571 1337 oilli
595 1279 699 1341 quam
718 1260 890 1341 plurimos
916 1262 950 1323 in
975 1263 1112 1324 diversa
1132 1276 1245 1327 aetate

200 1373 233 1424 et
265 1384 354 1422 sexu
389 1361 606 1434 innocentes,
636 1361 760 1422 ibidem
792 1363 832 1422 de
866 1374 899 1423 te
927 1365 1132 1444 gravissime
1165 1387 1245 1427 oon«

200 1475 403 1547 querentes,
427 1485 513 1546 quos
544 1463 638 1544 ipsos
661 1485 725 1544 per
755 1465 841 1524 laona
873 1465 1123 1546 importabilem
1149 1467 1246 1536 bonis

198 1565 388 1646 potentiam
411 1577 506 1626 tuam
545 1565 699 1648 nequiter
732 1566 1030 1642 condemnaveris,
1066 1580 1098 1629 et
1128 1570 1245 1631 omnia

200 1667 355 1749 Pompeii
367 1688 532 1748 perversu
554 1678 587 1730 et
610 1668 890 1750 reprehendenda
913 1669 1132 1734 audientibus
1146 1692 1245 1734 cunc·

200 1769 246 1832 tis
268 1769 443 1851 exposuit.

661 1872 780 1930 Incerta.

266 1983 340 2046 Cic.
371 1986 409 2045 de
433 1987 527 2049 Orat.
553 1987 589 2059 2,
622 1985 673 2048 bb.
723 1988 831 2051 Valde
858 1988 1015 2049 ridentur
1035 1989 1140 2051 etiam
1159 1991 1244 2051 ima-

201 2085 319 2168 gines,
346 2107 433 2167 quae
452 2084 543 2174 fere
576 2086 612 2148 in
647 2085 911 2173 deformitatem
942 2101 1003 2152 aut
1036 2091 1072 2151 in
1106 2092 1247 2173 aliquod

202 2188 323 2251 uitium
339 2188 496 2268 eorporis
520 2188 693 2250 ducuntur
716 2211 794 2251 cum
817 2190 1042 2253 similitudine
1061 2192 1244 2274 turpioris,

202 2301 240 2352 ut
262 2310 373 2350 meum
394 2289 481 2350 illud
496 2290 537 2351 in
560 2290 718 2353 Helvium
742 2293 939 2354 Manciam:
961 2295 1036 2354 lom
1051 2293 1242 2369 ostendam,

203 2391 396 2452 cuiusmodi
415 2392 476 2465 sis,
494 2391 655 2463 camille,
678 2393 830 2466 ostende,
852 2414 999 2475 quaeso:
1015 2394 1247 2456 demonstravi

204 2492 315 2573 digito
346 2493 477 2574 pictum
509 2494 647 2554 Gallum
681 2492 716 2553 in
752 2495 920 2556 Mariano
952 2505 1049 2554 scuto
1078 2495 1246 2560 Cimbrico

203 2595 265 2656 sub
286 2595 408 2667 Novis,
429 2594 626 2667 distortum,
649 2593 757 2655 eiecta
775 2594 897 2676 lingua
911 2594 1024 2656 buccis
1041 2594 1244 2673 fluentibus.

202 2696 304 2760 Risus
333 2708 384 2759 est
414 2706 626 2769 commotus,
656 2695 743 2758 nibil
776 2707 848 2758 tam
875 2696 1038 2762 Manciae
1066 2697 1177 2760 simile
1197 2700 1245 2763 vi-

203 2821 280 2862 sam
304 2811 364 2863 est.

238 2941 319 2970 meum
336 2924 411 2985 illud]
454 2927 483 2971 C.
514 2928 588 2970 iulius
615 2927 705 2973 Caesar
728 2927 816 2972 Strabo
840 2941 936 2970 causam
963 2929 1012 2984 egit
1038 2932 1120 2970 contra
1139 2927 1247 2972 Helvium

272 3015 406 3068 Manciam,
436 3028 495 3070 quae
521 3016 610 3070 alioqui
640 3016 721 3072 ignota
750 3019 795 3058 esl.
824 3015 1009 3082 Plinius'idem
1039 3015 1128 3058 dictum
1153 3029 1248 3076 errore,

175 3119 177 3123 ’
272 3105 367 3162 opinor,
387 3103 477 3146 Crasso
496 3103 587 3145 oratori
608 3101 700 3156 tribuit,
720 3103 782 3145 Hist.
803 3101 858 3144 Nat.
879 3097 921 3156 35,
944 3097 969 3145 l.

236 3193 330 3246 pictum
348 3187 461 3249 Gallum]
499 3204 545 3232 non
565 3194 670 3242 inirum,
692 3189 751 3232 banc
774 3191 902 3247 imaginem
921 3190 980 3233 risui
1000 3191 1138 3246 praebuisse
1158 3194 1246 3238 locum.

274 3277 363 3322 Omnes
383 3279 444 3322 enim
470 3279 586 3336 imagines
606 3277 750 3332 Gallorum,
771 3279 853 3334 quales
880 3282 903 3321 el
927 3279 951 3322 in
964 3273 1042 3322 'erulis
1061 3283 1085 3323 st
1103 3281 1127 3323 in
1146 3281 1248 3324 nummis

273 3364 372 3410 Cellicis
391 3367 589 3420 conspiciuntur,
611 3366 712 3410 maxime
739 3379 791 3410 esse
818 3368 955 3420 deformes,
976 3368 1125 3411 demonstrat
1145 3367 1247 3414 Lelewsl

274 3451 362 3496 Etudes
383 3453 595 3511 Numismaliques.
616 3454 646 3498 ¹1¹.
668 3455 685 3498 l.
706 3453 772 3509 Typs
792 3454 902 3498 Gaulois.
926 3454 1053 3498 bruxelles
1075 3449 1139 3499 islo
1159 3469 1183 3510 p.
1204 3454 1245 3500 81.

239 3537 284 3578 sub
302 3537 392 3596 Novis]
429 3540 510 3585 Novae
536 3542 648 3584 tabernae
675 3543 697 3584 in
723 3543 779 3586 foro
806 3547 884 3586 erant.
906 3543 960 3586 vil.
989 3541 1082 3586 Bunssn
1107 3543 1246 3589 Bsschreib.

276 3635 298 3666 ν.
319 3624 379 3666 Rom
401 3635 417 3669 l.
439 3623 462 3671 3.
483 3629 512 3672 P.
533 3626 557 3671 2.
579 3641 603 3683 p.
627 3627 667 3675 26.

242 3695 326 3751 burcii
335 3709 481 3770 fluentibus]
518 3713 609 3759 buccae
623 3715 732 3777 fluentes
751 3714 814 3760 dicit
828 3714 966 3773 pendentes
985 3723 1009 3761 et
1020 3719 1127 3764 solutas.
1143 3719 1246 3767 Ellendt.

273 3805 408 3884 Quintil.
433 3813 469 3884 b,
493 3811 529 3886 3,
555 3815 605 3882 38.
648 3818 782 3879 Rarum
803 3827 867 3890 est,
893 3828 931 3879 ut
953 3817 1061 3880 oculis
1083 3819 1249 3881 subiicere

207 3906 397 3990 contingat,
423 3923 461 3972 ut
471 3909 569 4000 fecit
592 3919 630 3979 C.
655 3919 783 3994 lulius,
812 3918 871 4002 qui
896 3941 974 3981 cum
998 3919 1120 3983 Heluio
1144 3921 1248 3982 Man·

207 4008 280 4071 ciue
303 4010 441 4092 saepius
462 4012 670 4095 obstrepenti
696 4017 761 4081 sibi
782 4021 926 4093 diceret,
954 4024 1030 4085 Iam
1055 4019 1245 4096 ostendam,

207 4113 319 4194 qualis
336 4113 402 4190 sis,
419 4113 513 4199 isque
526 4118 628 4197 plone
646 4117 790 4184 instaret
805 4121 1091 4203 interrogatione,
1114 4124 1247 4203 qualem

207 4235 239 4276 se
271 4228 472 4278 ostensurus
501 4229 609 4291 esset,
643 4218 754 4302 digito
784 4220 1028 4285 demonstravit
1061 4221 1247 4305 imaginem

207 4319 298 4381 Galli
331 4319 367 4381 in
400 4317 497 4382 sauto
532 4313 699 4382 Cimbrico
730 4322 880 4402 pictam,
917 4320 973 4383 cui
1003 4324 1147 4389 Mancia
1175 4339 1248 4390 tum
1328 4338 1336 4354 ‘
