2966 4842
446 577 474 636 5.
516 578 615 635 Oratio
635 579 775 636 adversus
796 579 831 648 Q.
854 578 1020 650 Pompolum
1041 577 1155 634 liulum.

342 694 424 755 Acta
440 703 488 755 est
504 713 597 756 causa
619 713 650 754 a.
677 693 737 754 703
758 693 839 770 (51).
864 689 945 756 Cum
970 691 1013 771 Q.
1030 687 1205 770 Pompeius
1221 686 1326 751 Rufus

276 794 421 856 tribunus
451 794 497 876 pl.
530 806 614 857 esset
648 815 678 856 a.
714 795 774 856 702
807 794 875 873 (52)
910 813 970 855 una
1004 813 1075 855 cum
1110 791 1162 854 M.
1194 789 1326 864 Coelio,

277 907 371 980 atque
388 916 482 958 causa
504 908 654 979 ageretur
671 896 829 959 Milonis:
857 894 988 959 Coelius
1010 893 1131 956 adiuvit
1150 892 1324 968 Milonem,

278 997 318 1077 Q.
341 996 517 1077 Pompeius
539 1009 641 1061 autem
666 997 694 1061 ei
718 1001 902 1061 adversatus
926 1009 991 1074 est,
1015 1008 1047 1059 et
1068 997 1179 1057 turbas
1203 993 1326 1057 excita·

277 1098 335 1161 rit.
390 1100 498 1180 Quare
530 1098 661 1164 Coelius
691 1111 803 1182 postea
833 1123 903 1164 eum
934 1102 972 1162 de
1001 1095 1033 1162 vi
1064 1119 1152 1160 reum
1175 1095 1271 1172 fecit,
1295 1106 1326 1158 et

276 1201 513 1266 condemnavit.
553 1202 704 1266 Valerius
737 1205 831 1268 Max.
861 1204 900 1278 4,
924 1202 963 1275 2,
988 1203 1020 1264 7.
1055 1201 1219 1266 Drumanu
1242 1210 1267 1261 t.
1291 1198 1325 1258 2.

276 1326 310 1386 p.
329 1304 402 1366 414.
427 1303 557 1368 Ellendt
579 1328 612 1385 p.
632 1303 778 1368 CXVII.
803 1306 895 1368 Haec
917 1314 964 1366 est
986 1302 1080 1365 tertia
1101 1300 1208 1365 Coelii
1230 1321 1326 1363 accu-

275 1404 378 1482 satio,
402 1404 492 1469 cuius
521 1406 553 1468 in
585 1408 689 1470 Bruto
718 1429 748 1469 c.
781 1408 834 1470 7⁹.
868 1405 1059 1469 mentionem
1088 1402 1168 1466 facit
1191 1401 1326 1466 Cicero.

276 1507 443 1570 Manutius
473 1519 575 1571 autem
608 1513 757 1590 putabat,
789 1509 914 1571 tertiam
944 1507 1180 1571 accusationem
1203 1526 1270 1567 esse
1294 1504 1327 1566 in

279 1609 457 1673 Decimum
473 1611 648 1685 Laelium,
674 1624 784 1674 contra
808 1633 902 1696 quem
926 1632 996 1673 eum
1019 1609 1051 1672 in
1075 1630 1168 1672 causa
1191 1611 1326 1692 quadam

277 1708 413 1784 dixisse,
437 1732 477 1773 ex
501 1711 698 1792 Quintiliano
723 1717 758 1788 5,
782 1715 814 1791 3,
838 1714 878 1777 39
904 1724 1040 1776 constat.
1086 1713 1148 1774 Sed
1170 1709 1326 1772 incertum

276 1824 339 1886 est,
362 1824 464 1873 utrum
482 1810 614 1875 Coelius
629 1814 774 1877 Laelium
799 1815 1015 1889 accusaverit,
1039 1836 1078 1877 an
1100 1811 1209 1895 potius
1224 1813 1327 1896 (qnod

278 1913 380 1996 magis
402 1913 570 1994 probabile
603 1916 743 1995 videtur)
772 1916 803 1978 iu
832 1939 923 1978 causa
953 1919 1088 2000 quadam
1117 1926 1229 1978 contra
1251 1936 1321 1977 eum

277 2015 409 2092 dixerit,
426 2037 496 2077 cum
514 2016 690 2081 adversarii
706 2031 788 2082 esset
802 2032 969 2104 patronus.
998 2016 1186 2099 Pompeium
1205 2015 1325 2078 Rufum

274 2129 375 2180 autem
411 2120 449 2180 ab
481 2139 521 2182 eo
558 2132 738 2184 accusatum
772 2133 917 2186 constat:
958 2118 1048 2185 testis
1093 2130 1140 2182 est
1174 2117 1327 2182 Valerius

278 2219 444 2282 Maximus
467 2221 490 2282 l.
514 2225 554 2296 4,
581 2223 615 2298 2,
641 2225 671 2286 7.
724 2227 832 2292 Caelii
859 2223 947 2303 Rufi
976 2236 1013 2286 ut
1041 2223 1111 2286 uita
1132 2219 1325 2305 inquinata,

277 2323 328 2385 ito
350 2323 606 2398 misericordia,
639 2347 743 2410 quam
773 2332 816 2412 Q.
846 2327 1008 2409 Pompeio
1026 2325 1222 2408 praestitit,
1243 2346 1327 2406 pro·

277 2426 403 2488 banda.
419 2425 528 2489 cuia
549 2446 590 2488 se
609 2429 1325 2515 publicaquaestioneprostrato,

278 2549 356 2589 enim
389 2541 500 2591 mater
533 2531 694 2593 Cornelia
722 2531 819 2608 fidei
859 2531 1043 2595 commissa
1079 2530 1228 2612 praedio
1259 2546 1327 2591 non

280 2629 455 2704 redderet,
488 2643 589 2716 atque
620 2633 682 2695 iste
715 2634 889 2696 auxilium
919 2655 1020 2696 suum
1048 2631 1172 2695 litteris
1205 2631 1327 2712 implo-

278 2742 407 2805 rasset,
439 2734 714 2814 pertinacissime
743 2736 876 2799 absenti
904 2733 1039 2825 adfuit.
1094 2733 1261 2801 Recitavit
1290 2743 1323 2794 et

277 2832 351 2896 eius
379 2833 559 2916 epistolam
587 2837 715 2903 iudicio
747 2841 888 2902 ultimae
918 2838 1131 2902 necessitatis
1162 2835 1321 2907 indicem,

276 2957 346 3019 qua
373 2935 516 3020 impiam
549 2941 726 3004 Corneliae
760 2941 947 3006 auaritiam
978 2941 1156 3004 subuertit.
1176 2936 1328 3028 factum

274 3051 419 3121 propter
440 3040 608 3106 eximiam
631 3044 893 3120 humanitatem,
917 3065 959 3106 ne
977 3044 1040 3106 sub
1056 3042 1172 3108 Coelio
1187 3039 1329 3124 quidem

278 3151 422 3203 auctore
444 3144 711 3224 repudiandum.

310 3281 413 3341 publicu
431 3287 585 3348 quaestione]
622 3292 638 3333 i.
669 3304 691 3335 e.
711 3291 842 3343 Pompeius
871 3287 946 3332 nutus
973 3302 986 3330 a
1013 3289 1098 3332 Coelio
1124 3287 1211 3331 iudicio
1232 3285 1329 3340 publico

348 3378 474 3417 accusatus
493 3381 516 3420 et
535 3378 706 3420 condemnatus
726 3382 772 3420 est.

628 3548 657 3604 6.
699 3546 807 3606 Concio
827 3548 863 3606 de
884 3549 977 3619 aquis.

345 3662 424 3723 Eam
450 3657 583 3721 Coelius
605 3658 717 3723 aedilis
741 3659 860 3724 curulis
882 3681 912 3723 a.
939 3660 1001 3722 704
1023 3659 1091 3740 (50)
1112 3655 1236 3722 habuit.

342 3777 518 3842 Frontinus
533 3778 585 3842 De
600 3781 863 3865 Aquaeductibus
885 3804 915 3844 c.
935 3781 987 3846 75.
1009 3803 1043 3863 p.
1068 3780 1127 3842 127
1146 3781 1197 3842 ed.
1214 3778 1330 3844 Adler.

280 3880 386 3948 Cuius
417 3881 468 3944 rei
496 3903 603 3946 causa
629 3896 680 3946 est
697 3883 816 3975 fraus
844 3884 1087 3968 aquariorum,
1111 3902 1198 3966 quos
1218 3899 1331 3964 aquas

279 4007 326 4046 erc
356 3983 512 4048 ductibus
542 3987 689 4067 publicis
722 3987 758 4050 in
784 3988 1006 4071 priuatorum
1039 4006 1141 4048 usum
1172 3981 1331 4046 derivare

279 4085 578 4168 deprehendimus.
611 4089 679 4154 Sed
699 4102 732 4152 et
750 4091 908 4174 plerique
927 4108 1182 4172 possessorum,
1206 4107 1224 4147 e
1245 4105 1331 4168 quo·

280 4209 359 4250 rum
380 4191 480 4273 agris
509 4212 601 4276 aqua
635 4191 926 4268 circumducitur,
958 4190 1036 4253 inde
1054 4187 1208 4278 formas
1237 4185 1331 4252 riuo-

281 4307 357 4348 rum
372 4289 572 4378 perforant,
591 4296 679 4357 unde
703 4295 767 4372 fit,
792 4307 830 4359 ut
854 4295 977 4358 ductus
990 4290 1118 4375 publici
1135 4287 1332 4358 hominibus
1381 4303 1388 4311 ’
