2984 4842
1182 398 1243 460 383

168 549 375 635 ¹angustius
402 549 505 612 etiam
534 572 557 612 a
591 563 736 626 natura,
775 553 892 616 labore
922 564 955 614 et
983 552 1174 628 industria,
1212 567 1244 618 et

189 652 282 738 meod
295 651 477 714 adhibebat
498 653 545 714 ad
567 654 769 718 obtinendas
791 675 915 723 causas
938 676 1059 718 curam
1081 657 1186 719 etiam
1206 669 1239 722 et

189 754 357 839 gratiam,
375 754 411 816 in
425 756 641 838 principibus
662 758 796 841 aliquot
817 755 1029 848 annossuit.
1075 762 1116 823 In
1138 760 1242 824 huius

191 858 350 922 oratione
373 879 488 922 sermo
512 861 641 922 latinus
666 873 759 938 erat,
788 861 890 923 uerba
913 881 981 922 non
1005 861 1156 936 abiecta,
1185 885 1241 927 res

190 961 401 1043 compositae
424 961 624 1044 diligenter,
643 966 758 1026 nullus
770 963 855 1054 flos
872 975 987 1028 tamen
1003 983 1110 1047 neque
1125 967 1239 1028 lamen

191 1065 317 1138 ullum,
340 1063 449 1126 animi
472 1085 621 1147 magna,
658 1065 749 1128 uocis
770 1086 882 1146 parua
907 1065 1098 1139 contentia,
1124 1068 1241 1130 omnia

179 1163 331 1256 seretti
354 1165 513 1229 similiter
534 1180 636 1251 atque
662 1188 732 1231 uno
755 1167 858 1231 modo
880 1167 1089 1231 dicerentur.

253 1266 339 1333 Ibid.
370 1291 398 1337 c.
429 1268 480 1330 bl.
532 1270 742 1333 Hortensius
771 1291 851 1333 suos
883 1270 974 1332 inter
1000 1273 1160 1353 aequales
1184 1274 1240 1336 M.

190 1369 367 1444 Pisonem,
392 1374 447 1435 M.
475 1373 656 1445 Crassum,
680 1376 742 1437 Cn.
765 1374 966 1446 Lentulum,
992 1375 1030 1436 Ρ.
1055 1376 1240 1458 Lentulum

190 1475 318 1536 Suram
339 1475 441 1557 longe
464 1474 653 1556 praestitit.

257 1573 332 1639 cie.
361 1597 397 1657 p.
429 1575 566 1638 Murena
594 1599 623 1642 c.
658 1577 708 1639 23.
760 1580 815 1642 M.
848 1581 996 1643 Crassus
1022 1579 1076 1641 vir
1106 1598 1242 1640 summa

192 1678 362 1761 dignitate
385 1691 417 1742 et
444 1679 626 1761 diligentia
648 1692 681 1741 ct
690 1676 874 1769 facultate
899 1680 1046 1742 dicendi.

188 1865 191 1874 ¹
255 1780 401 1844 Velleius
425 1782 462 1855 l,
489 1782 541 1846 36.
587 1782 674 1864 Quis
696 1783 850 1864 ignorat,
868 1782 1056 1863 diremptos
1072 1781 1240 1866 gradibus

191 1885 317 1947 aetatis
317 1883 497 1976 floruisse
512 1888 574 1948 boc
597 1897 749 1968 tempore
773 1885 981 1958 Ciceronem,
1000 1885 1238 1957 Hortensium,

191 2008 339 2071 saneque
362 1990 535 2061 Crassum,
559 1989 735 2062 Catonem,
762 1986 965 2068 Sulpicium,
988 2008 1138 2070 moxque
1153 1989 1242 2050 Bru·

191 2101 275 2166 tum,
290 2089 474 2164 Calidium,
489 2091 643 2164 Calvum,
659 2090 812 2153 Coelium
825 2101 857 2150 ct
868 2088 1074 2170 proximum
1086 2089 1243 2152 Ciceroni

191 2195 398 2266 Caesarem,
434 2212 620 2274 eorumque
659 2194 749 2253 uelut
788 2193 948 2253 alumnos
982 2190 1168 2255 Coruinum
1201 2211 1243 2252 ac

192 2295 379 2358 Pollionem
399 2293 572 2358 Asinium.

226 2437 271 2483 boc
290 2436 408 2498 tempore]
445 2444 571 2484 contextus
590 2440 673 2492 docet,
694 2435 844 2482 consulatum
873 2436 1015 2491 Ciceronis,
1036 2440 1059 2482 id
1081 2443 1133 2492 est,
1157 2451 1244 2482 eanum

264 2524 309 2572 6⁹1
337 2523 390 2582 (⁶3)
416 2541 468 2572 esse
492 2528 682 2586 intelligendum.

227 2628 335 2674 saneque
355 2611 485 2674 Crassum]
522 2615 583 2658 hunc
604 2617 683 2659 locum
705 2615 793 2669 optime
817 2614 923 2658 defendit
943 2610 1040 2658 Ellendt
1053 2626 1076 2667 p.
1092 2613 1157 2658 CVl.
1181 2613 1241 2657 Nem

263 2703 372 2757 prolecto
387 2717 432 2746 non
453 2706 481 2747 de
503 2705 601 2747 summis
624 2703 729 2746 omnium
747 2706 850 2746 aetatum
870 2701 1009 2745 oratoribus
1027 2701 1071 2745 hoc
1086 2703 1138 2745 loco
1152 2702 1241 2759 egitur,

263 2793 304 2835 sed
323 2793 351 2835 de
375 2790 404 2834 iis
428 2796 527 2844 lentium,
552 2792 590 2847 qui
613 2804 637 2834 u.
662 2785 708 2836 691
734 2786 808 2845 (63),
833 2803 879 2846 quo
901 2789 1159 2834 uunoGicerocousul
1179 2794 1239 2840 erat,

261 2879 364 2922 maxime
383 2877 519 2923 florebunt:
547 2883 693 2923 tumentem
715 2879 778 2922 iuter
805 2879 924 2932 principes
950 2883 1066 2931 petronus
1086 2882 1154 2923 eraut
1176 2878 1242 2920 lior-

263 2967 368 3019 tensius,
394 2967 430 3010 tt.
459 2966 565 3014 Crassus
587 2968 712 3025 triumvir,
740 2967 777 3010 M.
800 2966 862 3010 Ceto
889 2965 983 3018 minor,
1012 2963 1119 3024 Caesus,
1144 2965 1241 3008 Servius

261 3055 381 3111 Sulpicius
396 3053 481 3113 Rufus,
494 3055 578 3098 deiude
590 3054 699 3104 Coelius,
716 3053 813 3112 Celeus,
833 3049 950 3103 Calidius,
971 3053 1069 3094 Brutus.
1092 3051 1121 3095 L.
1137 3051 1240 3096 Crassus

264 3147 341 3186 autem
362 3147 385 3186 et
409 3134 453 3186 Μ.
467 3142 585 3185 Antonius
611 3146 634 3186 et
655 3143 725 3185 Cotta
753 3145 776 3183 et
805 3139 834 3186 P.
858 3140 977 3194 Sulpicius
1002 3136 1096 3194 Rufus,
1120 3153 1180 3196 quos
1202 3140 1242 3182 elii

263 3231 406 3284 interpretes
437 3227 481 3272 huc
511 3234 640 3282 vaserunt,
664 3230 741 3272 cuncti
775 3229 821 3271 ium
852 3233 930 3272 morte
965 3227 1062 3271 extincti
1094 3232 1177 3287 erunt,
1199 3239 1242 3270 nee

262 3321 375 3372 poterent
393 3317 424 3360 iis
442 3317 543 3370 emplius
562 3317 729 3376 adnumerari,
749 3317 789 3373 qui
811 3317 950 3360 adiecerunt
969 3317 1104 3360 consulatui
1117 3315 1243 3360 Ciceronis

261 3407 332 3450 decus
349 3409 419 3461 etque
439 3405 601 3458 splendorem.
622 3405 702 3461 Quare
722 3404 875 3450 Drumeuuus
895 3409 913 3450 t.
938 3401 962 3448 l.
987 3417 1010 3460 p.
1028 3401 1086 3458 115,
1106 3400 1241 3448 Ruhnkeuii

262 3492 453 3537 emendationem
475 3497 590 3546 secutus,
613 3505 712 3537 aseusu
734 3493 860 3538 aberrasse
886 3493 987 3544 videtur,
1011 3493 1067 3536 item
1088 3491 1171 3545 Kritz,
1195 3504 1243 3534 uo-

261 3581 373 3626 vissimus
394 3580 482 3625 Velleii
501 3582 589 3624 editor.

256 3715 362 3780 Tacit.
386 3716 474 3780 Dial.
498 3719 537 3780 de
561 3718 694 3782 Orator.
723 3739 751 3781 c.
776 3717 826 3783 37.
870 3717 998 3780 Nescio
1020 3736 1065 3777 an
1084 3717 1243 3780 venerint

125 3854 130 3866 ·
194 3819 230 3879 in
254 3839 377 3881 manus
400 3831 534 3883 vestras
563 3823 645 3882 haec
670 3830 806 3894 vetera,
836 3839 923 3902 quae
957 3831 989 3880 et
1017 3819 1053 3880 in.
1085 3818 1243 3901 antiqua·

192 3919 325 3983 riorum
355 3922 566 3985 bibliothecis
595 3922 706 3983 adhuc
736 3933 896 3994 manent,
929 3933 962 3983 et
989 3941 1065 3982 cum
1092 3918 1245 3980 maxime

190 4043 214 4083 a
233 4023 402 4087 Muciano
423 4025 689 4097 contrahuntur,
715 4044 755 4083 ac
776 4023 846 4084 iam
861 4022 1032 4094 undecim,
1053 4032 1092 4081 ut
1106 4019 1242 4098 opinor,

190 4136 349 4187 actorum
382 4125 481 4187 libris
514 4135 547 4186 et
578 4123 689 4186 tribus
726 4123 952 4206 epistolarum
984 4120 1175 4202 composita
1211 4133 1244 4182 et

177 4227 287 4290 *edim
304 4239 398 4289 sunt.
423 4229 483 4291 Ea
503 4226 547 4289 iis
570 4224 717 4306 intelligi
736 4237 868 4307 potest,
898 4225 960 4288 Cn.
988 4221 1188 4301 Pompeium
1212 4234 1244 4283 et

190 4331 246 4392 M.
268 4331 473 4393 Crassum
497 4347 564 4388 non
578 4325 706 4389 uiribus
728 4328 879 4389 modoet
898 4324 1007 4386 armis
1025 4323 1087 4386 sed
1102 4323 1243 4404 ingenio
