2992 4840
1168 357 1227 418 ttt

176 533 254 576 nem
281 531 341 571 nec
364 510 490 574 Calvus
511 510 673 592 argutias
696 529 755 571 nec
779 511 1032 592 parsimoniam
1057 513 1230 576 Salustius

178 637 239 678 nec
265 611 478 695 opulentiam
502 611 634 678 Cicero.

242 716 365 780 Gellius
392 715 416 777 l.
443 718 502 792 10,
527 715 559 777 3.
605 715 718 779 Fortis
744 737 785 777 ac
809 719 985 779 uehemens
1003 729 1127 781 orator
1153 719 1229 781 eai-

177 820 343 884 stimatur
364 839 438 881 esse
460 822 498 881 C.
516 819 705 880 Gracchus.
733 840 833 881 nemo
855 820 891 880 id
910 833 1028 902 negat.
1061 821 1122 882 sed
1139 821 1231 905 quod

178 923 351 985 nonnullis
382 921 518 983 videtur
548 921 722 995 seuerior,
758 921 876 984 acrior
909 923 1125 1006 ampliorque
1156 945 1230 988 esse

178 1027 235 1088 M.
260 1025 398 1098 Tullio,
413 1021 519 1112 ferri
541 1021 577 1084 td
602 1023 661 1105 qui
682 1025 827 1105 potest}²
1027 1079 1034 1096 ,
1120 1065 1122 1071 ,

243 1125 377 1190 Servius
403 1128 442 1186 ad
466 1123 568 1206 Virg.
594 1127 677 1186 Aen.
697 1127 769 1200 Xl,
794 1127 870 1187 301.
915 1127 1075 1191 Maiores
1098 1131 1229 1190 nullam

179 1229 374 1292 orationem
395 1227 462 1290 nisi
482 1227 649 1289 invocatis
673 1229 869 1290 numinibus
893 1230 1116 1306 inchoabant,
1141 1231 1231 1294 sicut

179 1345 260 1394 sunt
287 1352 404 1394 omnes
432 1330 607 1392 orationes
632 1331 774 1393 Catonis
798 1343 830 1392 et
855 1334 1057 1395 Gracchi.

217 1473 328 1536 Catonis]
367 1491 389 1520 r.
413 1477 562 1520 Testimouin
585 1477 613 1520 de
634 1475 728 1520 Catone
751 1481 848 1521 oratore
871 1491 924 1535 pag.
942 1475 981 1522 19.

244 1631 422 1698 Frontonis
449 1633 555 1716 Epist.
584 1635 606 1696 l.
635 1633 667 1696 3.
697 1655 749 1715 ep.
777 1633 828 1696 18.
866 1634 918 1695 Μ.
950 1632 1069 1697 Caesar
1098 1635 1229 1699 scribitt

181 1742 224 1803 In
257 1749 425 1821 quantum
464 1759 516 1798 me
549 1736 674 1799 iuverit
707 1736 809 1798 lectio
842 1737 1042 1799 orationum
1083 1739 1232 1800 istarum

181 1839 383 1912 Gracchi,
408 1857 486 1902 noun
501 1860 588 1921 opus
611 1852 663 1902 est
687 1861 739 1902 me
763 1840 893 1914 dicere,
919 1861 997 1902 cum
1026 1841 1117 1902 scias
1140 1841 1229 1922 opti·

182 1965 251 2018 me,
275 1942 334 2024 qui
359 1963 431 2015 me,
461 1953 499 2004 ut
524 1963 584 2004 ens
606 1944 771 2025 legerem,
808 1942 1008 2006 doctissimo
1036 1943 1165 2007 iudicio
1190 1963 1231 2004 ac

183 2043 433 2126 benignissimo
460 2057 520 2107 tuo
543 2045 660 2108 animo
681 2047 840 2107 hortatus
862 2067 909 2108 es.

245 2150 370 2211 Fronto
394 2169 429 2228 p.
453 2149 525 2208 171.
571 2147 801 2211 Contionatus
824 2151 909 2211 Cato
934 2146 1079 2237 infeste,
1104 2151 1232 2211 Grac-

182 2252 286 2312 chus
308 2251 577 2324 turbulente,
605 2249 742 2312 Tullius
762 2249 918 2331 copiose,·
939 2250 1011 2311 iam
1032 2252 1068 2311 in
1092 2251 1230 2314 iudiciis

183 2353 291 2414 saevit
309 2352 401 2414 idem
427 2355 534 2426 Cato,
558 2351 750 2432 triumphat
776 2352 913 2427 Cicero,
938 2355 1231 2414 tumultuatur

183 2457 426 2527 Gracchus,
450 2457 575 2519 Calvus
597 2453 751 2515 rixatur.

250 2555 442 2620 Claudianus
469 2557 650 2620 Mamertus
671 2555 702 2616 iu
727 2553 832 2636 Epist.
854 2557 894 2617 ad
916 2556 1094 2618 Sebaudum
1120 2555 1232 2618 rheto-

184 2681 251 2723 rem
286 2661 443 2738 (Baluzz.
472 2658 614 2722 Miscell.
638 2661 689 2721 ed.
715 2657 821 2722 Paris.
847 2657 918 2720 l.6.
943 2679 977 2738 p.
1001 2658 1088 2736 535).
1136 2661 1231 2722 Nae-

183 2763 261 2826 vius
292 2774 325 2824 et
346 2766 491 2826 Plautus
516 2763 578 2825 tihi
603 2763 650 2823 ad
675 2761 901 2844 elegantiam,
933 2764 1019 2824 Cato
1044 2760 1091 2821 ad
1116 2761 1234 2842 grani·

184 2877 308 2940 tatem,
330 2869 446 2930 Varro
467 2866 513 2927 ad
528 2865 711 2947 peritiam,
730 2866 906 2927 Gracchus
926 2863 972 2923 ad
992 2863 1233 2937 acrimoniam,

184 2972 314 3030 Fronto
334 2968 381 3028 ad
396 2988 576 3050 pompam,
600 2967 719 3031 Cicero
742 2965 1036 3048 conloquentium
1056 2985 1235 3046 capessen·

186 3069 269 3130 dam
294 3071 374 3133 usui
399 3071 481 3132 sint.

222 3207 281 3257 Cato
302 3213 336 3258 ad
360 3213 524 3274 grauitatem]
561 3216 605 3259 hoc
628 3216 657 3259 iis
677 3229 771 3273 quoque
791 3217 922 3260 addendum
943 3216 1103 3268 testimoniis,
1125 3229 1184 3272 quus
1206 3216 1234 3258 de

257 3301 348 3347 Catone
373 3317 445 3358 supra
469 3317 492 3359 p.
511 3301 550 3351 19.
576 3305 727 3362 collegimus.

526 3534 552 3589 1.
592 3532 691 3590 Oratio
714 3550 766 3604 pro
789 3534 896 3590 Vettio.

254 3683 302 3744 Ea
331 3681 432 3763 prima
464 3682 526 3744 tuit
552 3704 666 3757 eausa,
700 3703 762 3766 qua
791 3680 833 3744 C.
863 3681 1030 3744 Gracchus
1059 3685 1142 3764 apud
1167 3681 1265 3763 ple·'

188 3785 260 3846 bem
287 3805 401 3848 nomen
430 3797 460 3847 et
490 3785 602 3848 lamam
630 3784 755 3847 meruit.
804 3785 877 3864 Quo
907 3795 1008 3846 autem
1035 3805 1116 3847 anno
1142 3781 1239 3844 fuerit

189 3899 276 3962 acta,
300 3907 364 3950 nnn
383 3899 521 3951 constat.

253 3990 341 4052 Plut.
366 3987 408 4053 C.
435 3992 576 4052 Gracch.
608 3997 638 4050 t.
671 3985 758 4054 Ἐπεὶ
783 3992 817 4054 δὲ
840 3985 1013 4076 προϊόντος
1040 3987 1099 4050 τοῦ
1117 3978 1239 4068 χρόνον

190 4088 248 4156 τόν
279 4116 311 4156 τε
346 4087 471 4177 τρόπον
507 4087 612 4176 ἡσυχῆ
645 4092 811 4180 διέφαινεν
847 4089 965 4179 ἀργίας
993 4091 1050 4151 καὶ
1074 4085 1241 4172 μαλακίας

189 4199 246 4260 καὶ
264 4189 374 4260 πότων
396 4199 451 4260 καὶ
463 4191 700 4280 χρηματισμῶν
724 4188 901 4280 ἀλλότριον
922 4187 1002 4254 ὄντα
1026 4194 1082 4254 καὶ
1104 4183 1162 4252 τὸν
1186 4182 1242 4252 λό-

189 4321 250 4378 γον
269 4287 376 4386 ὥσπερ
393 4291 564 4385 ὠκύπτερα
583 4287 906 4378 κατασκευαζόμενος
925 4293 975 4356 ἐπὶ
997 4286 1056 4369 τὴν
1078 4290 1244 4356 πολιτείαν
