2984 4842
277 373 338 436 tot

276 531 312 594 in
328 540 451 592 senata
465 527 658 599 habuisses,
676 521 891 606 perscripsit.
928 522 991 584 Sed
1015 519 1106 583 aliter
1128 521 1207 582 haec
1225 520 1324 582 verba

275 630 514 712 interpretanda
553 626 690 708 opinor:
730 624 851 689 Cicero
885 622 966 686 enim
1004 644 1067 687 noo
1106 626 1144 686 de
1176 621 1325 686 oratione

278 731 396 813 scripta
419 729 580 816 loquitur,
611 731 666 792 sed
695 730 733 791 de
762 748 819 801 eo,
850 728 939 811 quod
972 724 1005 788 iu
1033 736 1142 789 senatu
1164 723 1325 788 benevole

277 835 390 916 Nepos
413 843 444 895 et
465 830 565 894 amice
589 833 627 894 de
650 851 684 894 se
707 829 841 895 dixerat.

585 1005 702 1063 LXXX.
745 1005 774 1062 0.
795 1003 884 1060 lutiae
906 1003 1016 1060 Cmear.

341 1122 441 1184 Natus
463 1141 493 1183 e.
518 1121 580 1183 666
603 1120 713 1199 (100),
743 1137 800 1180 sex
822 1115 910 1178 anuis
939 1127 1012 1178 natu
1037 1113 1142 1178 minor
1164 1112 1327 1178 Cicerone

277 1234 309 1286 et
330 1219 505 1302 Pompeio.
550 1221 713 1301 Quaestor
736 1241 766 1281 a.
790 1218 851 1280 687
875 1219 957 1295 (67).
989 1239 1021 1279 v.
1047 1218 1087 1280 F.
1112 1215 1154 1286 A.
1177 1217 1274 1278 Woll
1295 1215 1326 1278 iu

278 1325 411 1386 Sueton.
437 1320 533 1385 Caes.
567 1324 598 1385 7.
630 1332 661 1385 et
690 1319 824 1385 Clioton
855 1320 894 1381 ad
916 1321 946 1384 h.
970 1340 1012 1393 a.,
1035 1318 1199 1382 Drumanu
1223 1330 1326 1381 autem

277 1436 302 1488 t.
320 1425 349 1489 8.
366 1446 399 1505 p.
420 1425 494 1486 160.
518 1434 720 1508 quaesturam
744 1442 827 1485 auno
851 1421 912 1482 686
929 1421 998 1500 (68)
1016 1419 1177 1504 assignare
1195 1411 1326 1481 mavult.

278 1524 406 1590 Aedilis
422 1546 452 1587 a.
477 1525 538 1589 689
562 1525 644 1606 (66).
670 1526 860 1586 Praetura.
885 1523 946 1584 690
970 1523 1048 1601 (60).
1074 1520 1195 1585 Consul
1218 1543 1248 1584 a.
1267 1521 1329 1584 696

276 1626 361 1707 (69).
391 1627 573 1690 Proconsul
607 1625 732 1688 Galliae
764 1628 803 1685 ab
834 1644 917 1687 anno
950 1623 1011 1686 696
1045 1624 1113 1700 (68)
1146 1625 1185 1685 ad
1213 1645 1243 1684 a.
1269 1625 1328 1685 706

277 1729 357 1807 (69).
391 1727 544 1792 Dictator
574 1748 604 1789 a.
637 1728 696 1787 707
729 1723 799 1806 (67)
829 1735 860 1786 et
893 1724 1004 1786 consul
1040 1723 1167 1786 iterum.
1204 1723 1330 1788 Consul

276 1828 410 1892 tertium
435 1849 465 1890 a.
491 1826 551 1890 708
574 1829 654 1906 (66).
680 1824 805 1922 §ansul
827 1836 973 1910 quactum
996 1847 1027 1888 a.
1052 1827 1113 1888 709
1137 1827 1216 1904 (66).
1242 1825 1332 1891 Con·

280 1929 329 1993 sul
362 1928 506 2013 quintum
541 1949 572 1990 a.
612 1930 673 1988 710
706 1929 777 2006 (66)
809 1925 996 1989 interfectus
1024 1939 1081 1990 est.
1121 1927 1201 1989 Eius
1235 1928 1330 1991 vitam

280 2030 422 2095 confecit
444 2030 610 2093 Drumauu
632 2039 656 2090 t.
682 2028 713 2090 3.
740 2049 773 2109 p.
801 2028 981 2091 109-760.

343 2132 417 2197 Cic.
442 2132 536 2193 Brut.
562 2131 623 2206 70,
648 2130 722 2192 060.
768 2133 822 2193 De
837 2133 985 2195 Caesare
1007 2132 1058 2192 ita
1080 2132 1216 2206 iudico,
1234 2133 1331 2194 illum

278 2234 433 2300 omnium
456 2230 547 2321 fere
577 2243 759 2298 oratorum
793 2230 899 2294 latine
935 2233 1029 2315 loqui
1062 2235 1330 2316 elegantissime,

279 2357 340 2399 nec
355 2335 392 2398 id
407 2336 518 2396 solum
533 2332 719 2397 domestica
741 2333 1004 2406 consuetudine,
1026 2335 1105 2410 sed,
1123 2357 1331 2420 quamquam

278 2438 316 2502 id
351 2456 484 2519 quoque
517 2435 621 2496 credo
641 2432 790 2523 fuisse,
828 2446 944 2497 tamen
980 2447 1018 2498 ut
1052 2448 1141 2499 esset
1170 2436 1334 2527 perfecta

279 2539 340 2602 illa
363 2538 446 2600 bene
469 2536 629 2620 loquendi
656 2539 751 2611 laus,
781 2537 900 2599 multis
925 2537 1050 2599 litteris
1071 2549 1105 2600 et
1127 2538 1171 2600 iis
1195 2539 1343 2622 quidem·

281 2638 469 2703 reconditis
483 2650 517 2700 et
539 2638 724 2721 exquisitis
750 2659 952 2722 summoque
974 2639 1088 2702 studio
1102 2652 1135 2702 et
1150 2639 1334 2722 diligentia

199 2769 209 2778 -
279 2751 328 2804 est
350 2750 565 2803 consecutus.
594 2761 624 2801 c.
650 2740 703 2802 76.
735 2743 853 2803 Solam
877 2751 910 2802 et
937 2739 1038 2822 quasi
1058 2739 1334 2827 fundamentum

278 2841 431 2906 oratoris
452 2841 543 2904 uides
569 2841 775 2904 locutionem
808 2840 1024 2903 emendatam
1052 2854 1085 2905 et
1113 2844 1270 2907 latinam.
1299 2866 1331 2906 c.

281 2945 333 3008 76.
357 2947 487 3008 Caesar
513 2954 629 3004 autem
662 2941 832 3004 rationem
854 2943 1018 3005 adhibens
1050 2945 1333 3008 consuetudinem

279 3045 438 3109 vitiosam
461 3055 495 3106 et
518 3055 719 3125 corruptam
742 3064 837 3125 pura
861 3056 894 3108 et
924 3044 1128 3128 incorrupta
1147 3059 1332 3110 consuetu·

278 3147 358 3209 dine
385 3145 557 3208 emendat.
601 3149 721 3228 Itaque
745 3166 823 3206 cum
845 3145 892 3207 ad
918 3148 1005 3208 hanc
1026 3149 1234 3229 elegantiam
1257 3170 1333 3209 ver-

278 3249 401 3311 borum
430 3247 619 3308 latinorum
650 3246 812 3328 adiungit
845 3247 905 3309 illa
935 3249 1094 3311 oratoria
1127 3262 1333 3312 ornamenta

279 3348 430 3424 dicendi,
460 3359 533 3410 tum
558 3347 694 3410 videtur
723 3358 898 3431 tamquam
933 3349 1069 3413 tabulas
1103 3350 1185 3412 bene
1219 3350 1334 3431 pictas

280 3452 448 3513 collocare
470 3450 506 3511 in
532 3449 620 3512 bono
646 3449 785 3512 lumine.
829 3453 929 3513 Hanc
948 3471 1026 3515 cum
1053 3451 1176 3513 habeat
1199 3451 1335 3534 praeci·

278 3572 387 3634 paam
407 3551 544 3613 laudem
565 3550 601 3613 in
630 3549 887 3626 communibus,
915 3572 984 3614 non
1011 3551 1110 3616 uideo
1135 3553 1192 3614 cui
1213 3553 1335 3615 debeat

281 3653 412 3715 cedere.
438 3651 659 3735 Splendidam
674 3651 848 3736 quandam
867 3652 1071 3736 minimeque
1089 3654 1334 3718 veteratoriam

281 3755 450 3817 rationem
482 3753 616 3817 dicendi
647 3763 755 3828 tenet,
793 3774 888 3827 uoce,
924 3766 1042 3830 mota,
1074 3753 1201 3841 forma
1227 3755 1333 3818 etiam

281 3854 474 3940 magnifica
496 3867 529 3918 et
550 3875 721 3938 generosa
746 3853 1013 3936 quodammodo.
1051 3857 1238 3922 Orationes
1258 3856 1334 3940 qui·

280 3958 359 4021 dem
398 3957 473 4019 eius
509 3954 593 4018 milri
625 3957 838 4018 vehementer
876 3957 1095 4037 probantur,
1139 3961 1334 4041 complures

280 4070 398 4120 autem
420 4057 502 4140 legi.

342 4158 490 4222 Velleius
513 4159 548 4233 0,
572 4157 625 4221 36.
680 4160 756 4221 Iam
778 4175 875 4240 pene·
901 4179 1199 4240 superuacaneum
1225 4162 1334 4228 uideri

277 4268 410 4336 potest,
432 4258 652 4322 eminentium
667 4258 887 4340 ingeniorum
902 4271 1026 4324 notare
1048 4274 1218 4344 tempora.
1243 4263 1334 4345 Quis
