2970 4836
281 311 300 376 8

282 472 337 536 rio
344 470 538 554 principem
549 483 690 534 senatus
704 471 819 555 ipsum
832 475 873 536 L.
888 473 1066 537 Valerium
1077 495 1253 538 censorem
1265 477 1331 541 lec·

281 573 513 648 luminosum,
528 595 605 636 curn
621 575 859 657 superioribus
875 575 985 637 tribus
1000 578 1121 640 lustris
1134 577 1331 668 Africanus

269 675 424 769 suisset,
445 676 614 760 quonism,
638 678 706 740 nisi
721 691 758 740 ut
780 678 836 739 ille
857 690 979 739 senatu
1001 694 1205 758 moveretur,
1226 705 1330 767 quam

281 791 399 842 notam
421 801 521 842 nemo
541 780 727 844 memoriae
744 779 913 862 prodidit,
935 781 1027 844 alius
1047 783 1210 868 princeps
1225 786 1262 848 in
1280 789 1330 849 lo·

281 903 359 944 eum
374 882 449 944 eius
464 883 570 945 lectus
586 903 653 946 non
674 893 775 945 esset.
810 883 986 946 Antiatem
1005 898 1182 949 auctorem
1199 885 1331 976 refellit

281 983 441 1046 tribunus
456 985 564 1065 plebis
580 988 634 1049 M.
648 985 814 1060 Naeuius,
836 987 1002 1050 aduersus
1021 1009 1121 1071 quem
1141 991 1257 1053 oratio
1277 990 1330 1052 in·

281 1087 412 1169 scripta
427 1090 466 1150 P.
478 1084 641 1176 Africani
657 1098 721 1150 est.
745 1087 812 1151 Hie
830 1088 984 1152 Naeuius
1004 1090 1040 1151 in
1060 1091 1331 1175 magistratuum

282 1189 380 1252 libris
391 1200 443 1251 est
452 1189 611 1252 tribunus
619 1190 728 1270 plebis
738 1193 775 1253 P.
783 1191 928 1255 Claudio
939 1195 979 1254 L.
990 1192 1114 1256 Porcio
1122 1195 1328 1268 consulibus,

285 1292 347 1355 sed
360 1291 439 1356 iniit
458 1291 704 1374 magistratum
719 1296 788 1374 Ap.
801 1294 946 1357 Claudio
965 1298 1020 1359 M.
1032 1297 1235 1378 Sempronio
1250 1317 1330 1359 con-

284 1395 416 1458 sulibus
433 1407 512 1456 ante
530 1394 619 1456 diem
640 1408 804 1478 quartum
820 1396 905 1461 Idus
921 1399 1144 1462 Decembres:
1166 1398 1245 1463 inde
1262 1411 1331 1464 tres

284 1521 415 1562 menses
437 1498 485 1560 ad
505 1499 589 1562 Idus
606 1499 761 1562 Martias
783 1511 880 1573 sunt,
901 1500 1022 1582 quibus
1041 1504 1079 1563 P.
1098 1501 1264 1564 Claudius
1287 1507 1329 1565 L.

284 1602 427 1666 Porcius
439 1603 655 1663 consulatum
668 1601 832 1665 inierunt.
852 1605 910 1666 lta
920 1612 952 1664 et
966 1602 1094 1663 uixisse
1106 1602 1140 1663 in
1151 1603 1332 1666 tribunatu

283 1703 410 1770 Naevii
424 1703 560 1766 videtur
575 1703 713 1787 diesque
725 1704 758 1766 ei
771 1704 839 1766 dici
853 1704 896 1765 ab
911 1725 952 1766 eo
960 1703 1128 1784 potuisse,
1145 1704 1331 1770 decessisse

285 1819 401 1870 autem
417 1817 498 1869 ante
513 1810 553 1869 L.
568 1807 701 1872 Valerii
715 1817 749 1868 et
765 1809 819 1870 M.
830 1806 947 1871 Porcii
957 1827 1151 1868 censuram.

348 1907 548 1972 Protulimus
560 1929 655 1990 supra
669 1931 710 1970 ex
723 1907 831 1970 Gellio
846 1911 977 1970 brevem
992 1907 1138 1971 Africani
1152 1908 1329 1974 orationem

284 2015 322 2074 ed
335 2011 500 2094 populum,
518 2015 723 2095 eamdemque
738 2009 839 2073 refert
851 2009 975 2085 Livius,
993 2013 1047 2074 ssd
1063 2012 1161 2075 multo
1174 2012 1328 2086 ornatius,

285 2107 470 2189 tib.'38,50.
504 2115 626 2178 Iussus
647 2114 760 2176 dicere
779 2134 939 2188 causam,
964 2115 1037 2176 siue
1059 2117 1130 2176 ulla
1147 2115 1330 2178 criminum

286 2217 455 2279 mentione
477 2217 671 2279 orationem
694 2217 782 2278 adeo
803 2215 1029 2299 magnificam
1048 2218 1089 2279 de
1111 2217 1213 2280 rebus
1232 2219 1275 2281 ab
1295 2239 1331 2282 se

284 2318 392 2401 gestis
403 2330 454 2380 cst
466 2335 627 2392 eerorsus,
643 2331 681 2381 ut
692 2316 778 2380 satis
791 2331 977 2394 constaret,
990 2320 1158 2382 neminem
1167 2341 1332 2403 umquam

284 2442 390 2504 neque
407 2421 529 2482 melius
545 2441 651 2504 neque
664 2424 778 2486 ueritis
790 2423 971 2485 laudatum
982 2443 1068 2484 csse.
1080 2457 1121 2468 -
1130 2457 1171 2470 -
1190 2423 1331 2486 Oratio-

284 2525 384 2586 nibus
399 2524 435 2585 in
449 2536 583 2586 noctem
594 2527 782 2605 perductis,
798 2526 960 2608 prodicta
973 2526 1046 2587 dies
1062 2537 1127 2588 est.
1152 2524 1215 2588 Ubi
1226 2545 1269 2588 ea
1279 2547 1332 2588 ve-

285 2628 345 2700 nit,
363 2626 493 2688 tribuni
508 2627 543 2688 in
560 2629 697 2691 Rostris
710 2629 830 2711 prima
844 2631 917 2690 luce
932 2628 1171 2690 consederunt.
1196 2627 1331 2691 Citatus

285 2751 365 2793 reus
379 2751 507 2812 magno
522 2731 661 2811 agmine
677 2731 870 2792 amicorum
886 2728 1127 2809 clientiumque
1146 2749 1209 2808 per
1228 2727 1332 2788 medi·

284 2853 342 2893 am
352 2831 550 2894 concionem
560 2833 606 2891 ad
614 2834 744 2894 Rostra
756 2831 871 2903 subiit,
888 2827 1091 2909 silentioque
1093 2827 1217 2918 facto.
1242 2831 1329 2904 Hoc,

285 2934 414 3017 inquit,
439 2933 505 3007 die,
528 2933 658 2995 tribuni
676 2932 783 3014 plebis
802 2952 926 3014 vosque
946 2929 1112 3010 Quirites,
1136 2952 1213 2992 cum
1235 2935 1331 2996 Han·

285 3037 396 3098 nibede
419 3048 452 3099 et
478 3035 819 3117 Carthaginiensibus
843 3033 955 3114 signis
980 3033 1115 3096 collatis
1140 3033 1177 3097 in
1200 3032 1332 3125 Africa

284 3140 365 3201 bene
382 3159 424 3199 ac
433 3136 596 3227 feliciter
611 3137 777 3220 pugnavi.
800 3139 922 3218 Itaque
941 3156 1019 3197 cum
1037 3135 1138 3197 hodie
1159 3136 1277 3200 litibus
1298 3148 1332 3200 et

284 3241 411 3323 iurgiis
431 3239 647 3321 supersederi
666 3259 813 3320 aequum
835 3239 894 3314 sit,
918 3259 984 3321 ego
1003 3238 1079 3300 hinc
1101 3241 1275 3322 extemplo
1295 3238 1330 3299 in

286 3342 495 3425 Capitolium
512 3341 559 3403 ad
577 3344 694 3406 Iovem
709 3341 877 3422 optimum
895 3340 1088 3403 maximum
1099 3343 1332 3424 Iunonemque

286 3457 318 3507 et
329 3445 527 3508 Minervam
544 3455 741 3526 ceterosque
762 3443 857 3520 deos,
873 3443 932 3527 qui
950 3444 1121 3526 Capitolio
1137 3455 1240 3527 atque
1257 3441 1332 3504 arci

186 3527 190 3536 ’
282 3547 497 3630 praesident,
515 3547 717 3609 salutandos
735 3546 801 3621 ibo,
820 3547 938 3630 hisque
955 3545 1092 3629 gratias
1106 3565 1223 3626 agam,
1241 3543 1333 3625 quod

288 3649 370 3712 mihi
387 3661 421 3710 et
435 3652 498 3712 hoc
517 3649 594 3732 ipso
613 3649 667 3711 die
687 3659 719 3710 et
738 3669 839 3731 saepe
857 3651 946 3712 alias
965 3647 1105 3729 egregie
1126 3644 1333 3725 reipublicae

286 3753 460 3834 gerendae
481 3765 627 3815 mentem
638 3750 922 3842 facultatemque
944 3748 1123 3811 dederunt.
1169 3747 1331 3810 Vestrum

286 3874 418 3936 quoque
440 3855 562 3938 quibus
584 3855 800 3918 commodum
823 3865 895 3927 est,
919 3852 964 3912 ite
986 3867 1138 3922 mecum,
1161 3848 1329 3932 Quirites,

286 3967 319 4018 et
340 3968 437 4018 orate
458 3956 551 4032 deos,
575 3969 614 4018 ut
634 3959 700 4019 mei
723 3956 852 4019 similes
872 3951 1045 4034 principes
1065 3952 1231 4016 habeatis.
1275 3953 1332 4016 lta

286 4058 317 4120 si
331 4059 374 4121 ab
390 4060 490 4121 annis
512 4056 751 4142 septemdecim
763 4056 811 4118 ad
828 4065 1033 4118 senectutem
1048 4076 1181 4137 semper
1198 4073 1257 4118 vos
1273 4072 1330 4115 ae·

287 4172 392 4223 tatem
418 4183 527 4225 meam
551 4161 739 4224 honoribus
763 4156 887 4219 vestris
907 4156 1084 4232 anteistis‚
1109 4179 1175 4242 ego
1200 4167 1331 4220 uestros

284 4265 432 4328 bonores
452 4263 553 4327 rebus
573 4261 735 4345 gerendis
751 4258 937 4342 praecessi.
950 4293 992 4306 -
