2976 4844
250 357 292 418 et

251 535 382 588 comus,
407 515 572 576 honorem
596 531 647 574 me
671 509 767 584 dium
794 510 1043 574 immortalium
1070 509 1169 574 velim
1191 512 1299 575 habu·

251 618 332 680 isse.
359 615 461 689 servi,
487 613 645 687 ancillae,
674 614 805 697 siquis
831 634 951 677 eorum
975 614 1039 676 sub
1059 625 1203 678 centone
1226 637 1299 678 ore·

248 720 342 802 puit,
364 718 457 802 quod
481 737 547 800 ego
567 737 635 781 non
658 716 762 790 sensi,
787 718 920 778 nullum
941 715 1026 779 mihi
1050 715 1170 778 uitium
1180 714 1297 806 fucit.

251 823 283 884 si
311 822 367 883 eui
394 821 518 884 ibidem
551 841 651 882 servo
682 830 744 882 out
776 819 922 881 anciliae
951 818 1138 882 dormienti
1168 818 1297 892 euenit,

169 919 177 924 ’
251 925 344 1008 quecui
369 923 511 987 comitio
533 923 716 1006 prohibere
744 924 843 996 solet,
868 941 910 984 ne
935 919 966 984 is
991 920 1129 1004 quidem
1147 920 1232 984 mihi
1251 923 1299 984 ui·

252 1027 339 1090 tium
352 1024 468 1118 facit.

287 1170 318 1217 de
339 1170 489 1233 eueritegio]
516 1172 685 1230 corrigendum
706 1169 736 1215 de
758 1167 900 1234 sacrificio.

287 1296 365 1342 Domi
385 1311 441 1341 eum
463 1294 639 1355 auspicamus]
680 1295 796 1353 lniettigii
822 1307 896 1352 genus
924 1293 982 1338 iliud
1010 1297 1128 1350 auspicii,
1160 1300 1222 1354 quod
1246 1303 1301 1352 post

322 1387 424 1430 mediam
447 1390 541 1430 noctem
560 1385 622 1428 domi
639 1385 779 1438 captabatur
801 1388 824 1426 et
843 1381 1010 1436 appellabatur
1031 1383 1171 1428 sitentium.
1212 1385 1300 1429 Cicero

322 1474 352 1519 de
370 1475 450 1521 Diviu.
476 1472 500 1527 2,
525 1468 566 1520 34.
604 1473 690 1516 Festus
713 1485 735 1525 p.
752 1466 812 1517 348.
849 1468 966 1522 (silentio
985 1473 1105 1530 surgere)
1123 1473 1160 1516 uit
1178 1472 1239 1527 diei,
1259 1473 1302 1516 ubi

321 1562 364 1620 qui
380 1567 440 1619 poet
457 1559 566 1605 medium
584 1563 690 1613 (noctem
709 1556 872 1616 uuspi)eandi
887 1571 967 1601 caueu
985 1572 1019 1602 ex
1036 1559 1126 1603 terreto
1145 1574 1191 1604 suo
1209 1561 1301 1614 eitlene

323 1644 464 1708 eurr)exit‚
491 1654 514 1692 et
536 1647 659 1690 liberatus
681 1661 698 1690 n
716 1647 797 1698 lecto,
823 1646 850 1689 in
873 1644 953 1689 solido
978 1641 1016 1704 (ee
1032 1648 1129 1704 poenit,
1154 1647 1299 1706 ee)detque,

324 1751 355 1780 ne
373 1735 433 1796 quid
454 1749 482 1779 eo
502 1741 612 1792 tempore
634 1734 745 1789 deiciet,
765 1713 888 1788 (currens,
911 1732 1001 1785 donee)
1023 1747 1050 1778 se
1072 1735 1099 1778 in
1116 1737 1208 1780 tectum
1229 1749 1301 1793 repo-

325 1825 397 1870 suit:
420 1821 465 1868 hoe
489 1823 556 1872 enirn
578 1829 616 1867 eet
639 1824 755 1881 (proprie
775 1823 929 1878 sistentium,
951 1823 1035 1868 ornnie
1055 1825 1110 1869 vitei
1131 1826 1157 1869 in
1176 1827 1302 1884 auspiciis

324 1912 449 1958 occuitus.

288 2036 369 2097 dium]
400 2039 418 2085 i.
443 2052 465 2086 e.
485 2038 575 2092 dirum,
599 2037 717 2090 diuorum,
741 2037 850 2081 deorum.

289 2163 335 2208 sub
357 2161 470 2222 centone]
498 2163 541 2206 sub
560 2163 684 2221 stragulis.
721 2161 837 2206 [lecerius
858 2139 892 2204 ud!
906 2163 1004 2206 Festum
1023 2176 1047 2218 p.
1060 2161 1118 2209 597.
1139 2167 1177 2208 ed.
1191 2165 1301 2211 Lindem-

289 2287 397 2346 crepuit]
428 2289 464 2331 De
486 2287 640 2332 innoininatis
661 2287 742 2331 verbis
764 2289 944 2346 intelligendum
967 2288 1083 2336 arbitror.
1130 2288 1253 2334 Gesnerus
1278 2291 1302 2334 in

325 2377 478 2422 Praefatione
500 2377 617 2420 Thesauri
641 2389 695 2434 pag.
717 2375 788 2420 xiv.
810 2377 838 2420 de
861 2388 932 2420 sensu
955 2376 1089 2421 dubitabat.
1127 2376 1248 2420 Weber-us
1268 2383 1302 2421 at-

326 2479 370 2521 que
388 2465 482 2508 Freund
503 2465 527 2508 iu
549 2463 639 2508 Lexico
661 2465 689 2508 de
710 2465 801 2518 crepitu
822 2465 912 2507 ventris
932 2465 1129 2524 interpretentur,
1150 2466 1211 2520 quod
1226 2465 1303 2519 ipsam

326 2555 452 2598 ruditstein
478 2552 578 2597 Catonis
600 2553 716 2597 excedere
733 2552 836 2599 videtur.
873 2551 983 2606 Constat,
1005 2551 1128 2595 Romanos
1149 2551 1303 2596 vehementer

325 2642 490 2697 susperstituoui
512 2641 659 2695 indulsisse,
694 2645 718 2683 et
741 2653 772 2684 ex
793 2639 903 2684 omuibus
928 2642 1001 2686 rebus
1027 2642 1154 2699 verbisque
1178 2644 1214 2686 vei
1240 2641 1303 2686 laetu

324 2728 362 2774 vel
381 2730 459 2773 tristia
480 2729 580 2786 auguria
606 2728 709 2782 cepisse.
752 2728 854 2782 Dionys.
878 2731 1002 2784 untiquin.
1026 2726 1069 2772 tib.
1090 2727 1116 2783 2,
1143 2727 1167 2772 ⁶.
1213 2730 1304 2775 Mittler

325 2818 370 2862 Die
393 2817 512 2860 Etrusker
534 2813 565 2862 Τ.
590 2812 615 2858 2.
639 2829 663 2870 p.
690 2811 747 2859 134.

290 2937 371 2997 neie]
404 2953 435 2984 ne
454 2939 482 2983 id
498 2937 595 2983 Dacier.
632 2939 714 2984 Recte.

320 3058 505 3125 Priscianus
536 3062 578 3122 T.
606 3065 635 3122 t.
661 3083 692 3142 p.
717 3061 791 3122 246.
830 3062 917 3124 Cato
943 3059 984 3120 cie
1007 3057 1186 3135 sacrificio
1211 3079 1303 3120 eom·

257 3163 384 3227 misso:
410 3165 533 3226 Mense
555 3163 696 3227 Octobri
710 3161 892 3253 fecimus,
917 3161 1124 3226 Nouembris
1148 3161 1302 3246 reliquus

255 3275 343 3328 erat.

285 3407 411 3471 serimus]
438 3414 595 3468 supplendum
617 3425 704 3462 encra.

290 3535 450 3596 Novembris]
470 3539 653 3582 Vetustissimos
673 3538 696 3581 iu
710 3537 857 3584 nominativo
877 3551 923 3582 nou
935 3535 1082 3592 November,
1102 3540 1143 3582 sed
1155 3535 1303 3582 Nouembris

325 3628 465 3681 protulisse,
486 3628 555 3670 docet
572 3627 722 3670 Priscianus.

319 3744 503 3809 Priscianus
528 3750 573 3808 Τ.
598 3749 628 3808 1.
656 3767 690 3826 p.
715 3746 790 3807 ist.
837 3749 923 3808 Cato
953 3741 1139 3807 Censorius
1166 3741 1207 3803 de
1235 3745 1301 3808 Ve-

255 3849 368 3910 turio:
396 3852 541 3912 Hostem
567 3848 738 3913 Ninnium
761 3847 834 3909 icit.

290 3991 421 4052 Nomium]
450 3994 508 4048 „Sis
531 3994 577 4035 duo
598 3992 668 4036 codd.
692 3990 838 4034 Germanici.
877 3989 925 4034 siti
942 3988 1058 4044 nimium,
1079 3992 1119 4036 elii
1137 4007 1254 4047 nnumin,
1279 4000 1303 4037 ut

325 4083 433 4135 „editt.,
453 4095 512 4124 uuus
533 4092 592 4122 non.
629 4079 693 4122 Edit.
715 4078 817 4122 Havete.
838 4075 939 4121 Hostem
959 4078 1041 4121 nnmii
1061 4079 1115 4122 eit?
1152 4083 1191 4126 Sic
1211 4082 1301 4140 sagius

325 4170 381 4224 „IX
407 4183 481 4227 saec„
503 4170 544 4212 sed
564 4169 626 4210 iuter
648 4167 690 4214 tin.
709 4167 792 4210 eadem
816 4179 886 4210 menn
906 4167 952 4212 ini.
961 4167 974 4188 ‘¹
992 4165 1114 4217 Dnebner.

320 4304 507 4371 Priscianus
530 4307 570 4372 T.
590 4309 617 4368 1.
638 4327 672 4388 p.
691 4303 765 4370 229.
796 4304 888 4370 Anio
909 4303 1003 4370 etiam
1021 4305 1183 4381 Anienis,
1213 4309 1302 4390 qiiod
