2976 4844
197 557 266 599 mco
292 545 357 596 tum
381 533 580 615 potissimum
604 557 673 598 eum
698 557 733 598 ea
759 539 797 600 ds
819 559 854 600 re
878 536 995 600 dixisse
1020 536 1149 617 opinor,
1173 561 1242 600 curu

194 641 246 702 lex
273 635 424 702 Cornelia
453 637 570 700 ldaebia
601 641 640 701 de
671 638 790 702 ambitu
822 661 852 702 a.
884 640 946 702 573
974 641 1064 715 (181)
1090 641 1242 704 ferretur.

195 740 311 803 Livius
336 740 359 802 l.
388 742 438 813 tu,
463 741 512 804 19.
537 745 667 823 Legem
690 743 733 803 de
752 743 884 805 ambitu
901 745 1058 805 consules
1077 741 1142 824 (Μ.
1163 745 1243 805 Bae·

195 842 264 906 hius
290 841 481 923 Tamphilus
505 856 536 905 et
561 845 611 904 M.
637 843 742 908 Corn.
764 843 944 923 Cethegus)
966 869 1011 907 ear
1033 847 1243 910 auctoritate

195 957 336 1008 senatus
363 945 411 1007 ad
435 949 604 1028 populum
635 949 801 1010 tulerunt.
847 946 979 1010 Scholia
1011 948 1181 1010 Bohieusia
1212 950 1243 1014 in

198 1048 291 1113 Orat.
316 1046 390 1113 Cic.
422 1070 456 1129 p.
483 1047 571 1128 Sylla
596 1070 629 1130 p.
657 1049 731 1112 301.
781 1051 950 1114 Damnati
981 1053 1056 1133 lege
1084 1053 1246 1117 Cornelia

196 1149 345 1230 (Baebia)
382 1152 445 1214 hoc
475 1171 586 1234 genus
611 1171 744 1234 poenae
767 1149 952 1242 ferebant,
986 1164 1024 1216 ut
1059 1154 1246 1238 magistra·

194 1265 293 1318 tuam
310 1251 476 1335 petitione
497 1275 561 1336 per
584 1253 700 1316 decem
721 1275 834 1317 annos
858 1254 1084 1318 abstinerent.

258 1353 437 1418 Maiensius
459 1377 493 1436 p.
519 1357 558 1418 11
582 1359 622 1419 ad
643 1359 777 1420 eundern
795 1379 908 1420 annum
932 1357 1108 1422 orationem
1127 1357 1239 1424 refert.

258 1457 389 1520 Ellendt
413 1471 515 1522 autern
538 1480 572 1539 p.
598 1459 723 1523 XXIII
746 1457 877 1536 scribit,
907 1459 1084 1523 orellonem
1112 1464 1151 1524 dc
1178 1483 1244 1524 sm-

197 1561 266 1623 bitn
289 1559 427 1624 fortasse
451 1559 483 1624 in
510 1560 666 1642 petitione
690 1583 842 1624 censurae
866 1583 935 1626 esse
961 1561 1099 1626 habitam
1125 1585 1154 1626 a.
1182 1565 1242 1628 509

196 1663 304 1743 (185),
336 1683 407 1725 cum
445 1676 566 1727 certum
596 1663 656 1742 sit,
691 1663 922 1746 competitores
948 1687 1100 1729 censurae
1126 1689 1245 1730 summa

194 1766 453 1832 contentiones!
479 1766 597 1830 ambitu
623 1769 707 1832 hunc
733 1768 890 1832 honorem
916 1767 1152 1848 concupivisse.

260 1869 446 1934 Priscianus
480 1881 505 1932 t.
541 1872 572 1934 1.
607 1893 642 1953 p.
676 1869 750 1934 208.
800 1873 887 1935 Gato
914 1871 957 1933 de
987 1871 1142 1934 ambitu:
1178 1873 1245 1936 Sed

196 1985 276 2036 sant
307 1974 462 2056 partim,
501 1973 561 2056 qui
595 1973 746 2036 duarum
786 1995 905 2037 rerum
946 1973 1090 2036 alterius
1130 1974 1244 2038 utrius

195 2097 301 2138 causa
324 2077 573 2160 magistratum
591 2087 727 2159 petunt.

260 2177 346 2241 Ihid.
371 2199 405 2259 p.
429 2177 489 2240 243
514 2180 621 2242 eadem
643 2182 741 2242 verba
764 2179 925 2264 leguntur.

262 2280 413 2364 Sigonius
439 2281 462 2343 l.
489 2281 521 2343 9.
547 2283 585 2343 de
615 2279 718 2345 Iudic.
746 2283 799 2346 30.
834 2285 896 2346 huc
926 2281 1127 2348 referendum
1154 2292 1244 2366 putat

197 2385 328 2447 alterurn
352 2383 568 2468 fragmentum
591 2383 735 2459 Catonis,
763 2387 852 2469 quod
872 2389 956 2466 apud
979 2387 1107 2450 Festum
1132 2409 1163 2448 u.
1187 2407 1244 2448 ro·

195 2499 257 2570 gat
280 2485 564 2571 p.2821egirnus:
600 2491 687 2552 Cato
706 2487 742 2550 in
761 2487 990 2564 dissuasione,
1019 2509 1060 2550 ne
1083 2491 1142 2550 lex
1157 2491 1244 2550 Bae·

196 2589 253 2652 bio
270 2589 503 2673 derogaretur
524 2590 597 2652 ait:
629 2592 691 2652 hoc
712 2590 831 2671 potius
852 2611 977 2672 agam,
999 2590 1091 2672 quod
1111 2588 1166 2651 hic
1187 2608 1243 2653 ro·

195 2703 270 2774 gat.
317 2693 394 2755 Item
423 2692 648 2756 Gotholredus
677 2693 716 2754 ad
745 2693 888 2756 Festum.
935 2689 1036 2754 Conl.
1066 2690 1178 2755 Duker
1207 2693 1245 2756 ad

197 2793 326 2856 Livium
344 2794 367 2857 l.
390 2797 440 2868 10,
463 2799 515 2857 tt.
563 2793 720 2878 Equidem
744 2793 831 2858 Festi
853 2793 959 2858 locum
980 2797 1018 2856 ad
1040 2792 1169 2856 alteram
1196 2795 1243 2858 le·

196 2919 275 2980 gem
297 2897 461 2960 Baebium
482 2898 522 2960 de
546 2918 691 2960 numero
710 2909 916 2979 praetorum
944 2895 1055 2972 retuli,
1086 2909 1119 2960 ut
1144 2895 1241 2977 paulo

197 3010 271 3080 post
296 2998 449 3088 dicemus.

366 3253 413 3310 51.
449 3253 597 3309 Dissuasio
621 3269 657 3308 no
681 3254 725 3309 lex
745 3251 853 3309 Baebia
872 3254 1071 3322 derogaretur.

262 3399 346 3466 Cato
370 3401 547 3466 orationem
573 3401 721 3466 hahuisse
748 3401 873 3464 videtur
898 3421 980 3466 anno
1004 3402 1066 3465 574
1088 3402 1189 3484 (180).

262 3500 399 3585 Pighius
423 3501 456 3564 iu
483 3502 660 3568 Annalibus
684 3506 726 3566 T.
752 3504 783 3567 2.
805 3527 839 3586 p.
867 3504 928 3568 339
955 3503 1090 3568 scribit:
1121 3505 1247 3578 „Vide-

198 3616 255 3666 tur
281 3607 336 3670 M.
360 3605 508 3668 Raebias
532 3617 679 3687 praetor
709 3608 819 3689 Iegem
846 3629 892 3668 ear
922 3618 1063 3670 senatus
1094 3608 1247 3672 auctori-

198 3717 267 3768 tate
291 3707 411 3770 tulisse
437 3709 484 3770 ad
510 3712 697 3792 populum,
730 3721 767 3770 ut
796 3709 940 3772 alternis
965 3709 1067 3774 annis
1096 3723 1246 3795 quatuor

198 3811 415 3872 solummodo
447 3822 631 3892 praetores
679 3823 895 3894 crearentur.
974 3816 1088 3895 Quam
1132 3823 1247 3874 tamen

197 3911 345 3974 otiosam
367 3914 415 3974 ad
438 3933 567 3979 annum
592 3913 653 3976 571
681 3935 787 4000 usque
814 3913 924 3990 (conl.
949 3915 1028 3976 Liv.
1050 3917 1102 3988 tu,
1122 3915 1190 3988 11.)
1213 3923 1246 3976 et

194 4025 319 4094 postea
341 4015 446 4078 etiarn
465 4017 684 4092 remansisse,
710 4039 756 4081 ex
783 4017 1022 4100 superioribus
1034 4013 1154 4104 facile
1176 4016 1245 4076 col·

197 4115 305 4198 ligere
330 4128 394 4190 est,
423 4129 459 4178 ut
486 4141 532 4180 ear
562 4119 778 4202 sequentibus
810 4119 1001 4191 constabit,
1030 4114 1168 4198 quando
1193 4116 1246 4177 ni.

198 4217 325 4282 mirram
356 4240 434 4284 cum
462 4223 549 4284 mole
575 4220 713 4303 imperii
736 4219 964 4284 crescentibus
989 4215 1084 4280 bellis
1104 4229 1246 4296 praeto·

199 4343 277 4383 rum
306 4341 489 4385 numerum
522 4321 697 4406 adaugere
728 4324 841 4406 magis
869 4340 974 4403 quarn
1004 4317 1158 4382 minuere
1189 4339 1247 4380 ae·
