2992 4844
299 383 360 447 290

300 555 339 606 tu
361 540 479 604 omnia
505 539 541 601 in
567 556 674 600 causa
699 533 894 615 superiora,
923 531 1007 605 vim,
1025 528 1186 621 fugam,
1214 531 1350 612 lapida-

299 646 445 717 tionem,
470 639 708 704 crudelitatem
731 633 947 698 tribunitiam
972 633 1007 695 in
1037 632 1221 715 Caepionis
1247 635 1351 715 gravi

301 743 552 826 miserabilique
577 763 660 804 casu
684 740 719 802 in
745 738 911 800 iudicium
936 736 1093 807 vocabas,
1116 735 1237 796 deinde
1250 736 1350 816 prin-

300 849 408 929 cipem
437 857 470 907 et
500 856 641 906 senatus
663 855 696 904 et
719 841 888 914 ciuitatis,
916 841 971 901 M.
1003 836 1208 912 Aemilium,
1233 839 1350 920 lapide

297 968 502 1031 percussum
532 965 606 1007 esse
632 943 829 1016 constabat,
862 940 895 1002 vi
920 943 1059 1022 pulsum
1091 962 1138 1001 ear
1162 943 1287 1021 templo
1305 945 1349 1002 L.

301 1055 438 1116 Cottam
462 1059 495 1110 et
519 1051 562 1110 Τ.
588 1047 746 1119 Didium,
771 1065 850 1105 cum
867 1042 1076 1105 intercedere
1099 1045 1219 1104 vellent
1243 1063 1350 1126 roga-

301 1153 400 1225 tioni,
423 1171 522 1212 nemo
537 1160 675 1231 poterat
698 1167 838 1230 negare.

337 1295 374 1340 M.
394 1291 540 1351 Aetnilium]
577 1294 610 1337 M.
636 1292 751 1336 Aemilius
780 1292 883 1335 Scaurus
911 1291 934 1333 in
963 1303 1034 1334 causa
1060 1289 1166 1334 Norbani
1186 1291 1350 1333 testimonium

374 1388 457 1428 contra
477 1395 531 1426 sum
550 1382 617 1424 dixit.
638 1379 709 1424 Conl.
730 1381 814 1424 Vater.
834 1379 902 1421 Max.
924 1375 938 1421 8
950 1409 956 1431 ‚
978 1375 1002 1427 5,
1023 1375 1048 1424 2.

366 1502 404 1564 Iu
428 1501 534 1564 eadem
564 1521 656 1561 causa
686 1494 846 1559 fortunam
877 1495 940 1559 Cn.
971 1493 1087 1558 Manlii
1110 1505 1141 1556 et
1164 1497 1205 1576 O,
1229 1493 1352 1556 Marcii

305 1603 408 1685 Regis
432 1601 649 1683 deploravisse
672 1599 868 1673 Antonium,
893 1597 1012 1661 Cicero
1036 1608 1169 1659 testatur
1192 1599 1230 1658 de
1254 1597 1351 1660 Orat.

306 1709 342 1780 i,
368 1705 425 1778 28,
451 1705 522 1766 125.
568 1703 636 1764 Eos
664 1699 745 1762 enim
775 1699 883 1762 itidem
909 1698 1081 1780 Caepionis
1104 1699 1197 1779 culpa
1220 1720 1236 1759 a
1261 1696 1352 1762 Cim·

305 1805 375 1870 bris
403 1805 550 1868 devictos
577 1815 608 1866 et
639 1801 764 1865 occisos
793 1802 929 1865 sortasse
960 1800 1090 1883 opinor.
1135 1805 1171 1864 ln
1198 1801 1258 1862 alia
1280 1823 1353 1863 sen·

308 1906 407 1971 tentia
430 1918 489 1969 stat
512 1905 641 1968 Ellendt
662 1927 696 1987 p.
722 1907 836 1967 LXV.
859 1916 890 1966 et
912 1907 950 1965 ad
974 1903 1046 1969 Cic.
1071 1907 1107 1965 de
1125 1903 1219 1967 Orat.
1245 1885 1278 1978 2ss
1301 1903 1353 1979 28,

308 2011 380 2072 125.
404 2008 459 2094 qui
480 2019 581 2090 putat,
605 2005 753 2070 Mallium
777 2019 807 2070 et
830 2006 989 2069 Marcium
1012 2009 1055 2070 ob
1080 2009 1207 2069 eandem
1231 2007 1352 2070 cladem

309 2111 502 2176 Cimbricam
526 2121 691 2174 accusatos
715 2121 746 2172 et
768 2113 808 2172 ab
831 2107 976 2174 Antonio
1000 2109 1156 2176 defensos.

580 2335 609 2390 l.
650 2331 749 2389 Oratio
768 2347 822 2402 pro
841 2347 874 2388 se
894 2333 957 2401 lege
977 2331 1075 2388 Varia.

372 2467 421 2528 Ea
438 2463 521 2526 dicta
544 2474 591 2526 est
613 2484 643 2524 a.
668 2463 730 2524 661
753 2462 833 2541 (90).
877 2461 991 2524 Italico
1015 2462 1101 2524 bello
1124 2475 1260 2538 exorto,
1283 2483 1354 2523 cum

309 2569 351 2631 ob
382 2565 479 2630 sociis
511 2576 657 2648 negatam
689 2563 849 2626 civitatem
872 2563 1022 2627 nobilitas
1055 2563 1087 2626 in
1118 2564 1236 2627 invidia
1260 2576 1355 2642 esset,

310 2671 354 2749 Q.
384 2667 504 2731 Varius
536 2667 683 2728 tribunus
711 2665 757 2747 pl.
789 2666 892 2750 legem
915 2665 1002 2740 tulit,
1031 2677 1065 2726 ut
1088 2679 1295 2750 quaereretur
1317 2671 1357 2730 de

308 2769 359 2845 iis,
382 2791 518 2852 quorum
541 2789 603 2849 ope
626 2767 804 2831 consiliove
834 2767 916 2830 socii
946 2781 1058 2832 contra
1080 2769 1233 2850 populum
1249 2791 1357 2834 roma-

309 2894 382 2933 num
406 2893 492 2933 arma
522 2869 718 2933 sumsisseut.
764 2869 925 2934 Asconius
954 2869 986 2932 in
1015 2870 1218 2933 Scaurianam
1241 2894 1275 2953 p.
1300 2873 1355 2934 22.

309 2973 513 3036 Henrichsen
536 2976 575 3034 ad
597 2971 670 3036 Cic.
695 2975 733 3034 de
758 2975 851 3036 Orat.
877 2973 916 3048 1,
941 2972 992 3048 25,
1020 2975 1092 3035 117.
1137 2974 1245 3058 Atque
1268 2973 1359 3036 multi

310 3075 435 3136 nobiles
458 3097 493 3138 ca
521 3077 592 3158 lege
616 3074 648 3136 in
671 3073 823 3138 iudicium
847 3072 955 3138 vocati
978 3087 1066 3151 sunt,
1091 3074 1176 3138 inter
1198 3099 1278 3162 quos
1303 3077 1357 3138 M.

309 3175 467 3238 Aemilius
498 3179 656 3254 Scaurus,
692 3177 734 3240 C.
772 3175 925 3240 Aurelius
956 3175 1070 3253 Cotta,
1107 3181 1150 3260 Q.
1184 3177 1358 3261 Pompeius

311 3277 415 3340 Rufus
439 3289 470 3340 et
492 3280 544 3341 M.
570 3277 743 3342 Antonius.

376 3377 447 3442 Cic.
475 3381 607 3442 Tuscul.
632 3382 668 3456 2,
693 3381 746 3442 21.
791 3382 909 3463 Quid?
940 3381 999 3465 qui
1021 3384 1138 3445 volunt
1159 3385 1360 3444 exclamare

312 3481 443 3556 maius,
474 3505 556 3545 num
589 3483 675 3544 eatis
707 3484 830 3545 habent
870 3485 998 3558 latera,
1023 3484 1172 3574 fauces,
1203 3483 1360 3566 linguam

311 3582 504 3659 intendere,
538 3585 700 3669 equibus
726 3585 803 3648 eiici
843 3607 957 3648 vocem
989 3597 1021 3648 et
1033 3585 1153 3676 fundi
1181 3585 1360 3680 videmus?

313 3688 403 3748 Toto
438 3684 582 3767 corpore
618 3699 720 3770 atque
755 3687 913 3750 omnibus
946 3689 1106 3770 nugalia,
1144 3701 1183 3750 ut
1219 3688 1357 3763 dicitur,

311 3787 521 3849 contentioni
555 3789 645 3850 vocis
682 3790 884 3851 asserviant.
941 3795 1040 3854 Genu
1079 3793 1267 3854 mehercule
1306 3792 1361 3853 M.

312 3889 504 3950 Antonium
527 3889 608 3964 uidi,
639 3911 717 3950 cum
738 3902 893 3953 contente
917 3914 986 3975 pro
1011 3914 1047 3955 se
1069 3893 1142 3976 ipse
1158 3896 1232 3976 lege
1251 3892 1362 3958 Varia

313 3988 458 4063 diceret,
485 4001 617 4053 terram
640 4002 796 4073 tangere.

530 4185 559 4240 8.
601 4185 700 4242 Oratio
720 4200 773 4256 pro
791 4187 832 4244 Μ.
852 4189 945 4246 Mario
966 4188 1146 4247 Gratidiano.

379 4313 453 4392 Quo
477 4333 558 4376 anno
582 4317 660 4378 hacc
683 4337 775 4378 causa
798 4317 923 4398 privata
947 4331 1017 4383 acta
1039 4320 1098 4397 sit,
1123 4318 1247 4383 nescio.
