2966 4842
242 356 305 420 stu

571 477 601 570 2.
624 512 724 570 Oratio
743 530 796 585 pro
815 514 962 572 Liburnia.

309 607 448 670 Eandem
472 627 597 670 causam
621 611 768 670 tuebatur
791 607 922 674 Asinius
946 608 1066 672 Pollio.
1112 611 1187 676 Huc
1213 609 1299 674 enim

245 709 458 782 referendum,
472 711 557 791 quod
577 707 608 771 in
631 708 829 790 Quintiliano
844 715 894 787 10,
912 715 941 788 1,
955 712 995 774 23
1016 711 1175 796 legimus:
1202 716 1299 796 Quin

241 811 629 886 etiam‚easdemcausas
639 825 676 874 ut
709 814 852 896 quisque
874 814 995 895 egerit,
1013 814 1095 878 utile
1109 816 1177 878 erit
1193 817 1299 881 seire.

247 918 343 985 Nam
365 913 406 976 cle
428 916 531 978 domo
554 916 728 980 Ciceronis
751 916 844 978 dixit
867 916 1039 994 Calidius,
1071 930 1106 980 et
1131 940 1199 1000 pro
1223 919 1298 984 Mi-

246 1019 324 1084 lone
346 1018 539 1082 orationem
561 1021 689 1082 Brutus
714 1019 973 1083 exercitationis
994 1021 1116 1102 gratia
1143 1020 1297 1104 scripsit,

243 1132 276 1184 et
309 1122 419 1184 Pollio
440 1132 472 1182 et
495 1124 650 1184 Messala
672 1119 904 1203 defenderunt
932 1122 1082 1187 eosdem.
1122 1122 1171 1186 De
1201 1144 1300 1206 argu·

247 1234 353 1287 mento
374 1245 486 1286 causae
508 1245 602 1305 supra
629 1222 764 1286 diximus
793 1244 827 1303 p.
853 1223 926 1286 197.

311 1327 424 1390 Festus
449 1349 481 1407 p.
507 1327 582 1390 359.
641 1328 763 1388 Tabem
784 1345 851 1388 eam
874 1345 955 1408 quae
981 1325 1103 1388 laceret
1118 1330 1293 1404 tabescere,

246 1433 330 1514 apud
353 1428 500 1514 antiquos
525 1439 722 1509 usrrrpatum.
754 1464 792 1476 -
821 1427 1004 1494 Coruinius
1020 1451 1088 1511 pro
1111 1430 1298 1492 Liburnia:

244 1545 389 1616 propter
411 1534 498 1598 lianc
519 1532 630 1594 tabem
651 1544 753 1614 atque
773 1530 960 1613 perniciem
991 1532 1115 1595 domus
1137 1532 1254 1596 totius.

284 1675 428 1735 Coruinius]
465 1674 598 1720 Corvinum
623 1678 802 1734 intelligendum
828 1690 896 1732 esse,
925 1681 997 1720 etrum
1020 1677 1050 1721 C.
1075 1675 1107 1721 0.
1139 1677 1229 1722 titillor
1257 1691 1299 1733 ap.

321 1766 443 1821 probarit,
470 1779 513 1808 nec
533 1767 604 1810 atrior
618 1765 712 1810 Fslaier
734 1765 757 1808 io
778 1765 905 1808 Memoriis
923 1765 1041 1810 Obsessis
1064 1778 1087 1820 p.
1109 1763 1151 1812 41.
1174 1767 1298 1812 iudicanti·

333 1951 346 1970 ⁹
569 1883 597 1939 3.
619 1881 718 1938 Oratio
737 1897 790 1952 pro
810 1881 984 1954 Pythodoro.

311 1978 543 2061 Argumentum
569 1975 736 2038 incertum.
767 1978 818 2038 An
832 1975 914 2038 idem
928 1979 1136 2056 Pythodorus
1149 1977 1296 2040 sitTral-

247 2079 358 2154 liaeus,
387 2078 505 2142 amicus
538 2077 599 2147 Cn.
624 2076 773 2160 Pompeii
797 2079 933 2162 Magni,
964 2080 1019 2164 qui
1042 2081 1073 2143 in
1096 2081 1183 2144 bello
1211 2080 1300 2142 civili

247 2205 263 2246 a
308 2181 450 2246 Caesare
488 2184 638 2244 offensam
674 2193 828 2262 expertus
865 2194 929 2258 est,
964 2182 1117 2267 cuiusque
1158 2182 1300 2246 meminit

248 2287 367 2350 Strabo
393 2284 451 2347 lib.
479 2288 574 2366 11.ρ.
595 2284 669 2346 nte.
696 2296 789 2368 atque
807 2283 937 2348 Clinton
948 2294 972 2347 t.
988 2286 1019 2353 3.
1046 2308 1080 2366 p.
1104 2287 1179 2360 551,
1201 2307 1301 2369 quiae·

253 2387 348 2451 ritus.

313 2493 432 2555 Seneca
460 2490 622 2555 Contrua.
648 2489 704 2552 lib.
732 2491 763 2553 2.
790 2489 838 2551 12.
866 2513 899 2571 p.
928 2490 998 2554 192.
1043 2493 1199 2554 Messala
1222 2511 1302 2552 eum

247 2595 400 2656 audisset
422 2597 609 2658 Latronem
634 2595 890 2668 declamantem,
919 2593 1124 2655 dixitrsua
1145 2596 1157 2655 l
1164 2593 1177 2654 i
1185 2613 1206 2653 n
1213 2613 1304 2676 gua

249 2697 449 2758 disertus
480 2709 555 2759 est.
601 2697 783 2779 Ingenium
813 2697 864 2758 illi
891 2695 1078 2770 concessit,
1109 2717 1304 2758 sermonem

248 2799 380 2862 obiecit.
426 2801 506 2862 Non
538 2799 617 2860 tulit
638 2801 725 2859 lianc
746 2798 986 2861 contumeliam
1011 2801 1138 2870 Latro,
1172 2809 1203 2860 et
1220 2819 1303 2879 pro

250 2901 510 2986 Pythodoro
548 2903 771 2963 Messalae
804 2900 1048 2962 orationem
1088 2899 1303 2962 disertis·

249 3003 398 3066 simam
421 3005 600 3076 recitauit,
625 3025 770 3086 orcarum
798 3003 1024 3086 compositam
1055 3021 1153 3064 suam
1180 3023 1301 3066 straso-

249 3104 340 3167 riam
373 3107 414 3168 cle
438 3108 619 3170 Theodoto
641 3107 844 3169 declamavit
863 3117 940 3188 post
961 3104 1128 3167 triduum.

284 3248 373 3306 Latro]
410 3253 437 3294 de
457 3267 503 3310 quo
522 3253 584 3296 infra
605 3254 721 3302 dicemus.

503 3371 531 3426 1.
557 3371 656 3427 Oratio
673 3377 773 3426 eontra
787 3371 905 3428 Antonii
927 3372 1046 3428 litteras.

309 3482 425 3548 Oratio
459 3483 540 3544 dicta
572 3482 697 3544 videtur
726 3506 755 3544 a.
782 3482 842 3543 722
868 3479 948 3566 (32).
975 3481 1041 3549 Dia
1068 3484 1119 3557 50,
1136 3484 1167 3546 2.
1220 3480 1303 3544 Cum

253 3585 413 3652 Antonius
436 3584 582 3648 triumvir
613 3583 757 3664 epistolis
781 3588 820 3647 ad
844 3596 983 3646 senatum
1012 3583 1115 3650 missis
1141 3594 1171 3646 et
1198 3584 1301 3646 divul-

252 3687 335 3770 gatis
362 3694 409 3763 (v.
435 3707 510 3768 pag.
542 3689 630 3764 157.)
660 3689 870 3752 Octavianum
908 3689 1084 3763 laceraret,
1117 3685 1306 3769 amicosque

252 3789 329 3864 eius,
358 3787 413 3872 qui
438 3790 476 3850 ab
516 3810 548 3850 se
574 3793 612 3852 ad
638 3789 725 3852 illum
752 3789 961 3865 transierant,
985 3789 1068 3852 inter
1097 3809 1180 3872 quos
1212 3789 1305 3850 Mes-

252 3891 315 3956 sala
343 3890 471 3976 aiiique‚
499 3892 654 3956 conviciis
682 3905 855 3964 onerasset,
870 3892 1011 3956 Messala
1028 3889 1207 3954 orationem
1225 3911 1306 3954 con·

252 4005 302 4059 tra
320 4015 389 4058 eum
411 3993 491 4058 dixit
513 3995 562 4057 vel
580 3996 641 4060 alio
659 3997 796 4079 qrrodam
819 4016 936 4078 geuene
952 3993 1147 4074 scriptorum
1163 3991 1307 4072 rescrip-

250 4095 291 4157 sit
320 4097 582 4173 (eommentarios
634 4095 804 4159 historicos
843 4096 993 4180 intelligit
1026 4094 1138 4158 Wiese
1173 4115 1204 4175 p.
1239 4094 1307 4170 73.)

251 4196 340 4259 Idem
357 4198 436 4261 fecit
461 4198 591 4261 Asinius
615 4197 735 4274 Pollio,
762 4212 795 4262 ut
826 4221 868 4262 ex
890 4199 955 4261 eius
981 4197 1145 4261 oratione
1175 4207 1304 4258 contra

251 4299 434 4361 maledicta
456 4301 599 4362 Antonii
627 4303 662 4380 (v
685 4324 718 4382 p.
744 4301 832 4379 199.)
862 4311 1009 4382 apparet.
