2992 4844
310 381 370 444 292

376 539 495 604 Cicero
510 540 613 602 Bruto
637 561 665 600 c.
691 539 745 600 36.
791 539 868 620 liga
893 537 942 599 sle
969 537 1142 611 existimo,
1169 538 1361 602 Antonium

311 649 540 725 Crassumque
581 653 739 703 oratores
765 637 892 729 fuisse
931 639 1121 712 maximos,
1160 651 1193 702 et
1229 640 1265 702 in
1304 642 1361 702 bis

311 746 559 830 primumcum
580 764 788 826 graecorum
809 741 925 824 gloria
946 741 1052 804 latine
1074 741 1210 804 dicendi
1224 743 1360 824 copiam

311 858 507 932 aequatam.
530 867 560 908 o.
584 845 635 910 38.
678 848 766 910 Erat
795 844 840 922 (in
871 843 1006 923 Crasso)
1028 865 1164 906 summa
1185 845 1355 928 gravitas,

312 961 389 1014 erat
403 971 481 1012 cum
503 947 675 1030 gravitate
696 948 833 1010 iunctus
841 944 1068 1036 facetiarum
1090 958 1124 1009 et
1150 947 1360 1011 urbanitatis

312 1052 502 1127 oratorius,
519 1072 588 1114 non
604 1050 763 1112 scurrilis
777 1053 885 1132 lepos,
902 1049 1008 1112 latine
1020 1051 1181 1134 loquendi
1195 1063 1361 1113 accurata

312 1167 345 1219 et
361 1155 433 1217 sine
449 1153 607 1216 molestia
620 1153 768 1235 diligens
781 1151 971 1235 elegantia,
995 1153 1030 1214 in
1051 1153 1252 1216 disserendo
1269 1152 1361 1215 mira

313 1256 520 1339 explicatio,·
535 1277 612 1318 cum
636 1256 677 1316 de
704 1255 779 1318 iure
805 1255 908 1328 civili,
933 1276 1013 1316 eum
1036 1255 1077 1316 de
1099 1277 1209 1338 aequo
1223 1267 1256 1316 et
1271 1255 1360 1318 bono

310 1361 563 1442 disputaretur,
586 1370 877 1440 argumentorum
901 1368 934 1419 et
959 1357 1226 1420 similitudinum
1245 1357 1357 1439 copia.

311 1485 342 1526 c.
375 1461 428 1526 39.
480 1463 582 1526 Nam
608 1473 647 1524 ut
680 1461 853 1525 Antonius
882 1460 1082 1524 coniectura
1103 1461 1269 1524 movenda
1296 1471 1359 1522 aut

310 1565 464 1628 sedanda
486 1563 680 1645 suspicione
709 1576 771 1626 aut
803 1563 991 1626 excitanda
1023 1563 1256 1626 incredibilem
1290 1563 1360 1626 vim

310 1667 469 1740 habebat,
494 1667 544 1729 sie
566 1666 602 1727 in
625 1666 906 1747 interpretando,
937 1667 973 1727 in
996 1665 1213 1743 definiendo,
1237 1666 1273 1728 in
1295 1688 1359 1728 ex·

308 1769 470 1852 plicando
490 1769 663 1852 aequitate
685 1768 771 1830 nihil
791 1780 867 1831 erat
888 1773 1017 1834 Crasso
1038 1769 1230 1850 copiosius.
1254 1790 1286 1831 c.
1303 1769 1357 1830 43.

311 1876 461 1936 Paratus
475 1870 628 1933 ueniebat
656 1874 821 1946 Crassus,
846 1873 1114 1955 expectabatur,
1137 1872 1358 1936 audiebatur.

310 1995 333 2035 a
360 1973 532 2056 principio
563 1973 704 2047 statim,
741 1974 833 2056 quod
871 1986 948 2036 erat
979 1975 1074 2056 apud
1113 1996 1192 2036 eum
1224 1995 1360 2055 semper

308 2087 521 2149 accuratum,
539 2075 777 2158 expectatione
799 2077 928 2160 dignus
950 2077 1140 2152 videbatur,
1158 2096 1227 2140 non
1249 2078 1360 2138 multa

228 2241 231 2245 .
309 2178 452 2241 iactatio
470 2178 648 2260 corporis,
665 2199 733 2240 non
756 2178 934 2241 inclinatio
959 2178 1069 2254 vocis,
1091 2181 1187 2240 nulla
1201 2178 1358 2240 inambu-

309 2279 412 2356 lati0,
434 2299 502 2342 non
524 2281 645 2355 erebra
667 2281 843 2364 supplosio
862 2281 964 2365 pedis
971 2303 982 2353 ,·
1003 2283 1179 2344 vehemens
1197 2290 1231 2342 et
1250 2280 1358 2342 inter-

308 2383 391 2446 dum
416 2381 510 2444 irata
538 2394 572 2444 et
600 2383 704 2464 plena
730 2382 815 2446 iusti
847 2383 979 2446 doloris
1006 2383 1142 2458 oratio,
1173 2386 1301 2444 multae
1324 2394 1359 2444 et

308 2505 385 2548 aum
415 2483 589 2568 grauitate
604 2481 768 2574 facetiae
775 2507 786 2557 ,·
814 2485 970 2569 quodque
999 2483 1153 2576 difficile
1173 2497 1244 2560 est,
1266 2484 1359 2547 idem

307 2598 341 2650 et
357 2597 568 2670 perornatus
593 2598 626 2650 et
653 2586 842 2670 perbrevis.
887 2591 963 2651 Iam
987 2587 1023 2649 in
1041 2588 1242 2650 altercando
1266 2587 1358 2648 inve·

308 2689 360 2752 nit
367 2709 491 2773 parem
503 2687 685 2751 neminem.
728 2691 895 2754 Ver-satus
910 2702 961 2751 est
979 2689 1015 2752 in
1031 2688 1125 2752 omni
1123 2689 1215 2780 fere
1231 2710 1358 2772 genere

308 2811 514 2864 causarum,
555 2802 690 2853 mature
726 2789 761 2852 in
800 2793 913 2854 locum
943 2792 1143 2874 principum
1175 2803 1358 2856 oratorum

308 2893 412 2956 venit.
449 2914 477 2961 c.
510 2892 563 2955 44.
614 2895 655 2956 In
684 2891 842 2955 omnibus
871 2894 1085 2956 orationibus
1118 2893 1238 2957 Crassi
1266 2893 1358 2954 inest

306 2995 447 3080 quidam
461 2995 534 3060 sine
552 2998 622 3058 ullo
633 2993 732 3085 facco
753 2995 909 3059 veritatis
931 2998 1036 3072 color,
1062 2994 1249 3079 quin-etiam
1264 3015 1358 3056 com-

305 3097 489 3180 prehensio
510 3109 543 3160 et
564 3097 714 3160 ambitus
740 3098 797 3160 ille
827 3098 1008 3162 verborum
1034 3109 1109 3160 erat
1137 3097 1232 3180 apud
1258 3097 1359 3159 illum

306 3211 504 3262 contractus
530 3211 563 3262 et
585 3201 712 3276 brevis,
744 3211 777 3262 et
806 3200 842 3262 in
878 3201 1031 3262 membra
1052 3199 1239 3283 quaedam,
1268 3219 1358 3280 quae

307 3301 396 3366 κῶλα
411 3301 530 3383 graeci
552 3314 685 3378 vocant,
712 3300 935 3384 dispertiebat
956 3301 1149 3367 orationem
1171 3300 1356 3363 lubentius.

312 3404 441 3468 Vellem
453 3406 559 3490 plura
581 3405 709 3470 Crasso
732 3405 886 3468 libuisset
906 3404 1065 3468 scribere.
1084 3437 1123 3450 -
1143 3401 1220 3466 Fuit
1241 3401 1358 3466 innoc

306 3504 410 3568 etiam
430 3506 612 3589 popularis
639 3505 746 3570 dictio
775 3510 964 3581 excellens,
996 3504 1142 3570 Antonii
1169 3523 1281 3586 genus
1303 3503 1357 3565 di·

305 3608 404 3672 cendi
426 3611 534 3672 multo
556 3609 673 3692 aptius
694 3609 833 3673 iudiciis
855 3630 959 3693 quam
979 3607 1212 3672 concionibus.

337 3771 473 3830 popularis
498 3768 586 3829 dictio]
622 3774 645 3816 in
671 3772 829 3818 concionibus
853 3786 947 3830 quoque
974 3771 1124 3830 excellebat,
1152 3771 1270 3815 Antonius
1297 3782 1355 3813 vero

375 3873 421 3902 nan
438 3864 487 3902 tem
505 3860 529 3902 in
548 3857 682 3904 sonciensis
700 3873 789 3918 genere
808 3873 880 3917 quam
897 3861 920 3904 in
941 3859 1047 3905 iudiciali
1065 3861 1194 3914 praestilit.

367 3993 447 4058 ibid.
466 4017 495 4060 c.
520 3995 574 4058 86.
595 4007 597 4012 ’
622 3996 732 4061 Venio
751 3997 799 4058 ad
819 4018 889 4074 eos,
917 3997 953 4060 in
977 3997 1101 4082 quibus
1123 3995 1194 4058 iam
1212 3990 1355 4083 perfec·

305 4107 377 4160 tam
402 4109 510 4180 putas
542 4117 616 4160 esse
641 4098 888 4181 eloquentiam,
920 4120 1006 4184 quos
1039 4119 1106 4182 ego
1136 4097 1255 4160 audivi
1280 4094 1355 4158 sine

304 4199 540 4262 controversia
560 4219 706 4281 magnos
721 4213 880 4266 oratores
902 4206 1066 4266 Crassum
1090 4213 1125 4264 et
1148 4196 1356 4264 Antonium.

305 4302 358 4362 De
373 4301 499 4362 borum
524 4301 682 4364 laudibus
705 4302 768 4365 tibi
785 4290 934 4386 prorsus
955 4301 1145 4376 assentior,
1162 4302 1224 4365 sed
1238 4311 1356 4362 tamen
