2976 4844
1214 389 1253 452 tt

269 549 455 614 Priscianus
483 551 528 612 Τ.
558 552 589 611 1.
615 571 648 630 p.
677 549 751 611 365.
799 551 854 610 Μ.
886 550 972 612 Cato
1003 547 1182 610 censorius
1217 550 1251 608 in

204 657 248 734 Q.
273 655 481 716 Thermum:
511 655 698 735 Postquam
721 650 854 714 diutius
868 649 978 726 fitur.

269 756 383 820 Festus
410 779 443 838 p.
469 755 545 818 986.
586 755 785 819 notissima.
831 756 918 818 Coto
940 753 975 814 in
996 757 1039 835 Q.
1064 755 1119 818 Μ.
1143 755 1252 817 Ther·

206 877 318 920 mum:
348 862 449 941 Erga
475 857 720 939 rempublicam
747 859 856 918 multo
879 855 1049 932 beneficio
1074 857 1253 920 ratissimo

204 972 306 1044 atque
331 960 549 1043 gratiseima.

247 1061 374 1127 Nonius
397 1063 590 1127 Moietrino
615 1084 649 1143 p.
669 1062 721 1124 68.
756 1063 843 1126 Coto
872 1062 908 1123 in
930 1065 1140 1125 Thermum:
1160 1065 1252 1128 Ner·

204 1187 258 1239 uo,
284 1187 434 1240 carcere,
463 1167 657 1227 moletrino.

270 1265 457 1330 Priscianus
481 1270 522 1330 Τ.
545 1271 576 1330 1.
596 1287 630 1348 p.
656 1268 728 1328 108.
774 1271 861 1332 Cato
884 1268 919 1328 in
947 1270 1159 1330 Thermum:
1187 1268 1254 1331 Sed

206 1391 229 1432 a
252 1367 466 1459 beneficiis,
493 1371 536 1432 ab
561 1369 701 1453 optimis
726 1371 863 1432 artibus
875 1367 988 1459 fugit
1012 1373 1168 1433 maxima
1180 1370 1253 1460 su·

204 1475 296 1556 gella
315 1471 583 1554 perpetuiasimo
609 1472 795 1535 curriculo.

241 1617 367 1677 maximo]
398 1633 472 1679 quom
494 1620 610 1662 maxima
632 1633 692 1664 unus
715 1623 769 1664 cod.
793 1623 816 1664 et
837 1619 936 1663 Putscb.
974 1621 1096 1664 Duebuer.

237 1740 352 1806 fugella]
373 1740 469 1805 fugela
491 1747 605 1791 Vossius.
636 1745 747 1808 flagella
769 1750 827 1791 vett.
852 1747 918 1790 editt.

271 1881 456 1946 Priscianus
482 1885 524 1948 T.
548 1887 576 1944 1.
599 1905 632 1964 p.
651 1884 725 1946 513.
760 1886 846 1948 Cato
864 1885 899 1946 in
922 1886 1132 1947 Thermum:
1154 1887 1254 1950 Mor·

206 1997 289 2048 tuus
314 1998 377 2061 est,
406 1985 570 2068 sepelitote
597 1997 661 2049 est.

243 2137 356 2176 mortuus
378 2128 427 2190 eet]
457 2133 483 2175 {n
506 2134 555 2176 edit
582 2135 664 2190 priore
691 2133 736 2176 boc
755 2133 917 2194 fragmentum
941 2133 1044 2177 orationi
1065 2139 1154 2178 eontra
1176 2131 1256 2178 Ther·

277 2233 344 2264 mum
365 2219 395 2264 de
417 2217 561 2265 Ptolemaeo
582 2220 679 2264 minore
695 2221 797 2265 inserui.
835 2220 953 2276 Popmem
975 2223 1037 2266 enirn
1059 2227 1156 2267 secutus
1173 2223 1196 2265 in
1216 2235 1255 2267 er-

280 2321 362 2352 rorem
386 2309 470 2354 incidi.
508 2308 600 2364 Popma
621 2309 728 2364 putabet,
756 2309 793 2352 hic
821 2309 967 2354 mentionem
996 2307 1151 2356 barimoriis
1174 2309 1255 2356 rute-

277 2398 338 2442 maci
367 2395 540 2442 Philometoris
569 2398 643 2454 regis,
673 2409 745 2454 quem
769 2397 852 2440 Livius
880 2399 903 2441 in
929 2397 995 2452 Epir.
1026 2397 1069 2443 iib.
1091 2393 1122 2442 ⁵2
1149 2400 1254 2446 tradidit.

279 2485 324 2534 seu
345 2489 411 2528 errat
434 2484 595 2538 vebetneuter,
619 2497 663 2528 nec
684 2486 712 2529 de
735 2490 812 2528 morte
834 2485 967 2529 Ptolemaei
987 2485 1025 2529 hic
1044 2500 1125 2530 sermo
1143 2500 1197 2532 esse
1213 2501 1256 2547 po·

280 2577 344 2626 test,
368 2573 485 2628 siquidem
505 2573 525 2616 is
542 2585 604 2616 enno
625 2573 720 2616 demum
743 2567 791 2615 608
812 2569 885 2626 (lib)
907 2585 1045 2628 supremum
1067 2573 1156 2618 obierit
1174 2575 1255 2630 diem,

280 2664 305 2706 ut
329 2674 359 2704 ex
383 2662 467 2706 ordine
491 2674 573 2705 :eruin
596 2635 619 2704 11
634 2659 696 2703 Livii
712 2660 823 2714 Epitome
846 2661 888 2704 lib.
905 2657 936 2704 52
959 2665 1111 2705 narratarum
1131 2665 1195 2715 patet
1210 2659 1255 2720 (ei.

280 2747 376 2792 Ctiutou
394 2748 461 2793 Fasti
480 2762 503 2804 p.
526 2745 591 2803 325)
614 2753 684 2807 atque
706 2752 766 2792 adeo
791 2748 867 2792 tribus
889 2749 958 2792 aunis
977 2747 1062 2793 Catoni
1083 2749 1254 2805 supervixerit.

461 2981 508 3040 38.
544 2980 645 3040 Oratio
666 2982 703 3038 de
726 2982 816 3052 signis
837 2983 867 3038 et
887 2982 1003 3041 tabulis.

275 3115 322 3176 Ea
350 3111 457 3176 oratio
485 3124 598 3177 contra
624 3111 830 3176 ambitionem
859 3133 973 3176 eorum
998 3109 1087 3175 dicta
1112 3123 1177 3188 est,
1202 3111 1258 3198 qui

210 3214 272 3279 sibi
293 3216 346 3279 vel
373 3218 496 3282 Romae
521 3215 569 3278 vel
591 3217 623 3276 in
649 3213 828 3297 provinciis
853 3225 970 3279 statuas
993 3225 1025 3278 et
1047 3217 1171 3279 tabulas
1190 3217 1258 3281 col·

210 3317 313 3382 iocari
343 3316 525 3402 cupiebant.
569 3317 636 3381 Hic
664 3316 746 3380 enim
777 3339 847 3382 mos
877 3316 1056 3394 invaserat,
1088 3331 1122 3380 nt
1154 3317 1258 3383 multis

210 3420 292 3484 viris
316 3425 388 3499 (nec
407 3433 511 3484 tamen
532 3417 572 3482 iis
587 3401 727 3498 iactum,
754 3417 810 3506 qui
836 3441 951 3485 revera
975 3423 1039 3484 hoc
1061 3420 1150 3506 digni
1169 3434 1260 3485 erant

210 3524 351 3600 honore)
374 3534 440 3586 tum
462 3522 495 3585 in
521 3519 606 3588 ioris
631 3522 770 3606 publicis
790 3534 855 3585 tum
881 3521 914 3585 in
933 3521 1061 3606 templis
1082 3523 1176 3607 signa
1195 3535 1260 3587 sta·

210 3635 377 3688 tuerentur
399 3637 452 3688 aut
473 3625 612 3703 tabulae,
636 3623 804 3710 inquibus
828 3643 1011 3690 ruscorum
1035 3623 1169 3689 maxime
1190 3623 1259 3688 lau·

213 3724 333 3790 (labiles
356 3726 501 3810 depictae
519 3737 620 3802 erant,
643 3725 829 3810 figerentur.
875 3726 903 3789 li
924 3739 1037 3804 antem,
1057 3726 1259 3814 quignentas

212 3839 245 3891 et
278 3829 462 3894 ambitionis
495 3827 631 3892 maxime
665 3840 757 3892 erent
789 3829 915 3912 cupidi,
945 3851 1061 3915 magun
1087 3829 1259 3893 statuarum

212 3949 346 3994 numeru
367 3933 541 3995 florebant.
587 3931 698 3995 Talem
724 3931 928 3997 ambitionem
949 3944 1131 4018 tantamque
1151 3930 1260 3994 adula-

213 4137 326 4198 modus
349 4135 581 4219 imponeretur.
625 4136 678 4199 Ac
706 4135 878 4200 verisimile
897 4147 955 4210 est,
979 4155 1049 4198 eum
1073 4132 1106 4196 in
1126 4155 1261 4198 censura

211 4239 384 4324 plerasque
418 4249 558 4314 statuas,
588 4257 670 4324 quae
699 4261 759 4302 nee
786 4235 903 4320 populi
932 4234 1019 4298 iussu
1048 4255 1107 4298 nec
1134 4245 1261 4298 senatus

213 4342 344 4405 decreto
368 4339 547 4404 collocatae
575 4352 675 4416 erant,
698 4341 855 4409 tollendas
875 4334 1015 4401 iussisse.
1061 4334 1136 4414 Quo
1157 4346 1262 4399 autern
