2992 4844
286 353 347 414 274

284 533 316 594 p.
345 510 417 572 123.
449 511 488 571 ad
516 506 720 593 rogationem
749 506 947 572 Mamiliam
976 527 1005 569 a.
1035 505 1098 568 644
1126 503 1215 590 (110)
1236 507 1330 571 latam

237 593 241 600 i
283 611 330 697 (v.
345 612 461 675 Salust.
475 612 549 692 Ing.
568 611 621 687 40)
636 609 835 671 referendam
851 609 1082 683 arbitrabatur,
1101 630 1195 694 quam
1208 607 1331 688 dissua-

286 715 363 778 sisse
380 713 547 776 Metellum
561 711 686 786 scribit;
708 731 842 795 eumque
865 710 897 772 in
920 710 996 773 edit.
1021 732 1072 791 pr.
1091 723 1216 773 secutus
1232 733 1329 774 eram.

348 816 475 878 Ellendt
498 827 598 877 autem
622 837 655 896 p.
680 816 746 876 LX
768 812 898 875 scribit:
925 813 959 874 si
976 812 1138 875 Mamilius
1154 814 1330 886 bomotum

282 929 397 1001 potens
418 928 586 998 tantopere
621 917 754 978 Metello
779 915 992 991 obtrectavit,
1022 914 1053 976 in
1077 936 1112 977 ea
1135 914 1330 1000 quaestionis

282 1018 474 1093 severitate,
504 1039 597 1101 quarn
621 1014 773 1079 describit
802 1017 986 1094 Sallustius,
1018 1016 1074 1078 vix
1101 1017 1155 1079 ille
1184 1020 1236 1093 (eo
1258 1017 1330 1098 ipso

285 1124 381 1196 anno)
390 1119 502 1182 consul
518 1118 621 1180 lactus
636 1130 729 1181 esset.
761 1118 869 1180 Alium
887 1118 986 1198 igitur
1001 1118 1160 1180 tribunum
1175 1105 1221 1200 p'l.
1236 1118 1330 1180 intel-

284 1223 445 1306 ligendum
469 1232 576 1302 putat,
603 1220 666 1284 Cu.
691 1220 847 1282 Manlium
878 1222 1075 1296 Maximum,
1104 1243 1173 1282 curn
1203 1219 1329 1284 Rutilio

286 1323 465 1398 consulem,
500 1345 593 1408 quem
622 1321 782 1386 sordidum
813 1333 843 1384 ct
865 1321 1040 1404 ignobilem
1070 1344 1186 1406 genere
1209 1322 1262 1386 diu
1283 1323 1331 1384 ia·

286 1425 388 1488 coisse
411 1424 537 1500 scimus,
560 1424 745 1508 priusquam
769 1427 807 1485 ad
831 1425 1027 1488 consulatum
1051 1424 1245 1506 perveniret.

240 1583 275 1596 .,
348 1527 534 1591 Priscianus
562 1539 586 1589 t.
620 1531 655 1602 1,
685 1549 719 1607 p.
751 1527 825 1590 369.
878 1530 1042 1590 Metellus
1064 1527 1272 1592 Numidicus
1293 1527 1330 1588 in

285 1631 461 1706 oratione,
501 1651 570 1712 qua
601 1630 696 1712 apud
724 1632 891 1712 populum
924 1633 985 1694 Cn.
1021 1629 1158 1693 Manlio
1190 1630 1331 1693 tribuno

282 1732 389 1814 plebis
412 1731 607 1814 respondit:
630 1733 724 1795 Nam
753 1742 792 1793 ut
819 1732 899 1794 aliis
918 1735 1120 1815 plerumque
1142 1732 1331 1796 obvenienti

284 1833 494 1916 magistratu
525 1834 567 1896 ob
593 1830 728 1896 'metum
763 1845 901 1896 statuae
930 1835 1173 1918 polliceantur.
1202 1833 1330 1916 passive

285 1937 558 2020 tnayytttnrcee.

319 2078 363 2125 Cn.
383 2078 492 2138 Manlio]
529 2081 563 2123 sic
589 2083 713 2139 legendum
738 2095 833 2126 censeo.
872 2077 898 2125 C.
920 2079 1019 2126 Manlio
1043 2083 1096 2126 edd.
1118 2087 1172 2126 ante
1190 2081 1264 2125 Krehl
1286 2095 1329 2126 nec

354 2182 399 2212 non
414 2170 467 2212 cod.
483 2168 570 2215 Genel.
586 2170 641 2216 See.
659 2169 706 2212 nt.
728 2174 787 2213 teste
803 2169 941 2214 Duebnero.
978 2166 1004 2214 C.
1019 2168 1127 2214 lilanilr'o
1140 2172 1208 2216 codd.
1222 2170 1326 2217 Kreblii.

318 2254 392 2314 aliis]
430 2270 473 2309 pro
493 2257 554 2299 aliis
575 2270 634 2298 unus
652 2257 745 2300 Krelrlii
765 2258 842 2300 alias.
881 2258 906 2300 ld
927 2272 1010 2301 verum
1028 2260 1131 2303 videtur.

319 2341 468 2399 obvenienti]
506 2358 534 2386 an
556 2343 716 2387 advenienti?
738 2344 892 2403 magistratu
911 2345 1003 2388 dativus
1022 2351 1067 2390 est.

347 2460 468 2524 Gellius
491 2461 525 2536 b,
557 2464 609 2524 tt.
656 2461 737 2526 Cum
765 2461 1024 2546 inquinatissimis
1053 2461 1234 2528 hominibus
1264 2484 1329 2527 non

281 2586 349 2627 esse
377 2563 529 2628 convicio
553 2567 794 2640 decertandum,
826 2601 864 2613 —
895 2588 958 2628 non
983 2565 1082 2629 minus
1105 2589 1151 2628 ex
1172 2567 1330 2629 oratione

280 2657 324 2749 ρ’.
348 2668 483 2730 Metelli
509 2667 710 2740 Numidici,
745 2669 911 2749 sapientis
933 2668 1015 2741 viri,
1041 2667 1198 2751 cognosci
1221 2679 1330 2750 potest

282 2790 375 2852 quam
414 2789 454 2830 ex
485 2768 576 2831 libris
606 2780 637 2831 et
667 2769 844 2850 disciplinis
871 2770 1152 2852 philosophorum.
1215 2771 1330 2836 Verba

281 2872 365 2933 haec
395 2882 476 2932 sunt
502 2872 638 2934 Metelli
667 2872 832 2934 aduersus
861 2877 923 2936 Cn.
954 2873 1129 2937 Manlium
1151 2873 1330 2934 tribunum

279 2975 343 3054 pL,
370 2994 392 3032 a
414 2994 481 3055 quo
503 2973 598 3054 apud
615 2977 784 3055 populum
812 2975 848 3035 in
871 2974 1033 3037 concione
1055 2975 1234 3036 lacessitus
1257 2973 1329 3036 iac-

207 3107 253 3136 s·
283 3084 442 3155 tutusque
467 3072 602 3162 fuerat
630 3075 731 3138 dictis
757 3076 1015 3158 petulantibus:
1044 3078 1146 3139 Nunc
1169 3076 1261 3159 quod
1281 3075 1330 3138 ad

281 3175 378 3237 illum
390 3177 552 3256 pertinet,
569 3178 735 3259 Quirites,
760 3178 924 3260 quoniam
945 3201 981 3241 se
1003 3180 1207 3262 ampliorem
1225 3188 1329 3260 putat

282 3400 389 3461 neque
416 3379 566 3442 amicum
595 3381 723 3462 recipio
753 3402 860 3464 neque
889 3382 1066 3444 inimicum
1095 3383 1259 3464 respici0,
1292 3382 1329 3442 in

282 3504 360 3544 eum
381 3504 446 3565 ego
468 3503 537 3545 non
560 3504 636 3544 sum
659 3485 766 3564 plura
787 3485 957 3548 dicturus.
1002 3488 1096 3549 Nam
1118 3507 1195 3546 eum
1211 3481 1327 3564 indig-

283 3583 461 3646 nissimum
498 3584 668 3658 arbitror,
704 3585 760 3646 eui
792 3608 815 3647 a
849 3587 933 3649 viris
965 3587 1062 3649 bonis
1093 3586 1325 3660 benedicatur,

282 3698 356 3747 tum
377 3708 418 3747 ne
451 3684 611 3748 idoneum
640 3687 794 3770 quidem,
827 3689 883 3750 cui
904 3711 926 3750 a
946 3689 1065 3770 probis
1089 3688 1328 3750 maledicatur.

282 3791 377 3852 Nom
397 3789 428 3850 si
450 3789 485 3848 in
508 3812 548 3852 eo
569 3801 722 3870 tempore
744 3790 979 3853 huiuscemodi
1000 3792 1245 3855 homunculum
1266 3809 1328 3851 no·

282 3890 402 3964 mines,
419 3891 453 3952 in
470 3912 537 3973 quo
548 3892 674 3972 punire
690 3911 758 3952 non.
779 3891 905 3974 possis,
931 3893 1063 3955 maiore
1078 3895 1208 3954 honore
1224 3911 1328 3974 quam

281 3992 488 4055 contumelia
510 3991 668 4082 afficias.

318 4152 439 4214 Quirites,
460 4153 588 4213 quoniam]
625 4153 745 4214 Quirites,
765 4157 808 4214 qni
825 4158 886 4202 Lien
904 4171 934 4202 ex
950 4157 1075 4206 Guelferb.
1096 4149 1197 4214 euinque
1210 4155 1327 4213 sequebar

351 4243 375 4286 in
395 4245 453 4288 edit.
473 4257 512 4297 pr.
