2958 4840
292 317 353 378 olo

288 475 470 548 celebrem,
510 471 605 535 Aelio
638 468 772 534 Aristidi
810 480 842 530 et
875 467 1000 530 Geleuu
1036 473 1355 530 commemoraturus.

295 574 454 640 Niebuhr.

355 675 506 740 Sidonius
530 673 635 758 Epist.
659 674 679 744 l.
697 675 728 736 8.
754 677 805 736 lu.
851 677 905 738 M.
936 671 1073 736 'Polline
1092 673 1128 735 in
1146 671 1357 734 actionibus

293 779 414 842 ceteris
442 791 594 851 ceteroe,
628 799 694 860 pro
723 781 765 840 A.
799 777 955 842 Cluentio
982 775 1055 856 ipse
1088 795 1123 836 se
1157 773 1253 844 cirin·
1289 775 1355 836 M.

294 885 440 956 Fronto,
481 903 558 942 cnm
585 881 727 963 reliquie
752 878 966 941 orationibus
988 878 1170 948 emineret,
1210 876 1245 936 in
1275 879 1355 938 Pe-

293 985 432 1064 lopem
463 1005 499 1044 ee
522 981 587 1044 eibi
614 981 803 1064 praetulit,-
839 983 877 1044 C.
907 979 1037 1042 Plinius
1061 997 1128 1059 pro
1154 977 1252 1042 Attia
1284 980 1321 1042 V
1321 977 1354 1037 ι’-

297 1086 386 1147 riola
416 1086 494 1166 plne
519 1084 654 1166 gloriae
680 1083 726 1144 de·
744 1081 982 1144 centumvirali
1007 1092 1175 1162 enggeetn
1201 1079 1352 1140 domnm

294 1186 431 1260 retulit,
461 1205 565 1269 piram
583 1207 660 1248 cum
679 1187 733 1250 M.
752 1183 870 1266 Ulpio,
895 1183 1158 1264 incomparabili
1175 1181 1349 1262 principi,

293 1288 556 1370 comparabilem
587 1288 836 1372 penegyricnm
868 1285 970 1348 dixit.

544 1399 587 1456 ta.
630 1397 730 1455 Oratio
749 1399 887 1454 adversm
907 1397 1095 1454 Christianos.

358 1501 522 1564 Minucius
551 1500 643 1564 Felix
666 1501 807 1566 Octavio
836 1521 864 1563 c.
885 1500 917 1563 9.
965 1504 1016 1564 De
1041 1501 1195 1563 convivio
1224 1511 1348 1561 notum

293 1614 370 1678 cet,
394 1603 526 1685 paeeim
557 1625 674 1666 omnee
697 1606 897 1688 loquuntur.
942 1603 984 1669 Id
1006 1603 1109 1666 etiam
1130 1600 1349 1666 Cirtensis

294 1707 441 1766 nostri
465 1717 614 1767 testatur
625 1707 760 1768 oratio:
780 1707 827 1767 orl
838 1708 957 1786 epulor
979 1705 1123 1768 solemni
1139 1702 1194 1765 die
1209 1713 1345 1776 coeunt,
1439 1707 1440 1710 ’

294 1825 371 1866 cnm
407 1807 564 1868 omnibns
598 1806 733 1878 liberie,
774 1808 970 1880 eororibne,
1013 1805 1201 1879 matribus,
1238 1825 1349 1866 rexne

295 1907 407 1970 omnis
433 1909 589 1970 homines
620 1920 653 1970 et
681 1909 792 1971 omnir
819 1910 956 1972 oetatie.
1011 1909 1086 1974 Illic
1113 1919 1194 1989 post
1222 1908 1348 1968 mrdtae

296 2011 437 2092 epulae,
481 2011 538 2073 nbi
582 2012 774 2076 conuiuium
810 2012 914 2074 caluit
947 2023 980 2074 et
1012 2011 1160 2073 incertae
1196 2007 1347 2070 libidinie
1444 2075 1445 2080 η

297 2109 459 2174 ebrietate
469 2110 604 2201 servor
626 2113 778 2188 exarsit,
804 2114 917 2189 canie,
937 2114 996 2197 qni
1012 2112 1217 2174 candelabro
1235 2129 1346 2172 nexae

298 2225 365 2287 est,
399 2215 491 2276 iaetu
519 2213 649 2302 offulae
674 2217 767 2277 ultro
790 2215 938 2298 spatinm
969 2216 1095 2288 lineae,
1123 2235 1192 2297 qna
1217 2213 1348 2274 vinctus
1447 2231 1448 2240 ¹

298 2327 367 2390 eet,
404 2316 451 2378 ad
476 2318 641 2398 impetum
664 2329 696 2380 et
728 2319 855 2380 saltum
879 2328 1111 2398 provocatum
1151 2316 1200 2377 sic
1231 2335 1348 2376 euerso

299 2429 331 2480 et
346 2419 501 2482 extincto
516 2420 642 2481 lamine
657 2420 794 2482 conseia
807 2419 1060 2500 impudentibus
1075 2416 1219 2481 tenebris
1236 2435 1348 2477 nerone

299 2517 471 2607 infandae
491 2521 690 2602 cupiditatis
705 2523 879 2584 involvunt
898 2522 1146 2603 perincertum
1167 2519 1291 2592 cortis,
1316 2529 1348 2579 et

300 2624 331 2684 ei
361 2641 429 2684 non
456 2643 574 2684 omnes
601 2645 725 2704 opera,
756 2623 965 2686 conscientia
993 2635 1107 2684 tamen
1133 2622 1268 2703 pariter
1297 2619 1348 2683 in-

298 2721 398 2797 certi,
425 2725 587 2808 qnoniam
611 2738 688 2787 uoto
708 2725 948 2787 uniuersorum
968 2724 1163 2807 adpetitur,
1184 2721 1351 2808 quidquid

298 2826 586 2909 acciderepotest
612 2828 647 2890 in
670 2839 749 2890 octn
777 2827 1007 2912 singulorum.

335 2940 456 2988 Cirtensie
474 2942 567 3004 noent]
604 2946 681 3000 petris
701 2947 831 2994 Frontonis
852 2947 918 2992 Cirta
937 2945 998 3002 fuit,
1019 2945 1075 2990 urbs
1096 2944 1232 2990 Numidiae.
1273 2943 1350 2986 Prou-

371 3037 449 3074 touern
470 3033 530 3075 bunc
550 3035 730 3094 intelligendum
749 3047 811 3086 esee,
832 3047 863 3078 ex
882 3035 965 3088 eodem
986 3034 1084 3076 Minucii
1110 3033 1172 3075 libro
1199 3047 1220 3076 r.
1242 3027 1283 3076 3t.
1309 3043 1350 3084 up-

372 3124 447 3172 puret.
469 3119 539 3164 Ceut.
563 3119 670 3165 Niebuhr
696 3136 719 3176 p.
738 3119 801 3171 XIX
818 3126 888 3180 etque
907 3117 1084 3164 Commendatio
1109 3133 1165 3162 meu
1189 3118 1218 3163 de
1238 3116 1351 3162 Minucio

373 3203 455 3250 Felice
464 3203 555 3252 Tar-tet
569 3203 645 3254 1824.

366 3293 511 3356 lsidorue
536 3295 706 3376 Originum
727 3297 784 3358 lib.
812 3299 859 3360 15.
881 3320 911 3358 c.
938 3300 975 3373 2,
1000 3302 1050 3366 lo.
1096 3298 1305 3386 Cameren,
1334 3319 1352 3358 a

298 3417 363 3481 qno
394 3396 605 3478 prohibemur
628 3396 738 3474 exire,
776 3411 806 3462 et
834 3398 935 3460 dictus
968 3421 1121 3462 carcere
1154 3401 1346 3462 coercendo.

306 3499 395 3563 Hinc
432 3503 578 3562 Fronto:
614 3511 652 3561 ut
674 3504 903 3584 pergraecari
934 3504 1051 3584 potine
1082 3504 1237 3565 amoenis
1265 3501 1348 3563 tocie

304 3623 407 3684 quarn
432 3603 582 3666 coerceri
601 3624 738 3666 carcere
759 3605 967 3667 uiderentur.

338 3715 438 3776 Fronto]
475 3720 554 3763 Murus
574 3733 597 3774 p.
618 3715 677 3764 3³⁵.
698 3735 753 3765 rere
774 3727 907 3776 suspicatus
927 3727 977 3772 eet,
999 3723 1055 3767 haec
1081 3722 1153 3766 verbu
1181 3736 1215 3766 ex
1234 3722 1348 3766 oratione

373 3805 496 3850 adversae
515 3803 673 3852 Christianae
697 3803 751 3854 eree
776 3815 865 3870 sutnttt.
898 3809 1042 3854 Christianis
1067 3811 1129 3856 euim
1155 3816 1208 3854 tune
1234 3811 1348 3864 ternporie

373 3897 468 3938 rnrrimi
488 3897 584 3942 dolores
603 3901 627 3938 et
645 3897 765 3941 crucietur
778 3898 916 3954 plerumque
931 3899 1007 3956 magis
1018 3899 1080 3956 greti
1095 3903 1119 3942 et
1134 3899 1261 3942 decidenti
1283 3903 1349 3942 ersut

373 3997 441 4038 quern
463 3985 570 4037 uoluptas
590 3982 735 4039 deliciaeque
756 3986 835 4026 mundi
856 3989 924 4041 alque
944 3999 1065 4029 carcerem
1085 3999 1211 4028 ernoenurr.
1230 3975 1348 4030 habebunt

376 4069 463 4112 lorum.

338 4162 363 4200 ut
380 4155 561 4215 pergraecari}
600 4161 664 4199 totus
684 4157 720 4199 bic
739 4159 815 4209 locns,
837 4171 889 4200 curn
908 4161 1002 4202 deesset
1022 4160 1044 4202 in
1064 4161 1155 4214 aliquot
1174 4131 1313 4214 codicibus,
1338 4175 1351 4202 s

373 4245 400 4287 ἲ.
422 4241 451 4290 V.
473 4242 571 4301 ottone,
591 4246 629 4300 qui
649 4257 723 4296 nuper
749 4245 835 4288 lsidori
854 4244 968 4302 Origines
993 4245 1079 4299 edidit,
1110 4251 1228 4304 tamquam
1255 4249 1352 4302 spurius

373 4332 461 4372 eiectus
481 4335 525 4373 est.
565 4328 701 4374 immerito!
722 4343 765 4374 nee
783 4333 885 4384 mirum,
907 4332 1025 4376 isidorum
1044 4347 1072 4376 er
1091 4331 1214 4378 Frontone
1244 4336 1353 4388 erempte
