2958 4840
252 369 313 436 009

250 526 320 592 sius
344 523 486 608 explicat
511 524 544 586 in
570 524 591 589 Ι.
617 523 650 586 9.
673 518 768 604 epist.
792 523 844 584 11.
869 531 963 606 atque
988 517 1148 584 luvenalis
1174 519 1245 585 Set.
1272 522 1305 581 1.

252 631 291 692 st
314 650 387 714 sqq.
411 627 513 702 VIII,
547 625 607 688 190
634 623 749 702 (Cani.
778 622 928 702 Weber).
975 621 1107 686 Tacitus
1135 619 1167 684 io
1192 624 1308 684 eadem

252 751 345 794 causa
366 740 479 793 contro
505 750 594 791 reum
623 725 713 796 dixit.

315 831 400 901 Plio.
423 834 485 914 Ep.
511 831 541 906 b,
565 831 619 894 99.
664 828 834 894 Accusavi
856 827 1015 892 Marium
1037 826 1218 901 Priscum,
1244 827 1309 910 qui

251 938 326 1018 lege
344 933 614 1017 repetundarum
636 928 821 992 damnatus
836 929 996 992 utebatur
1008 929 1188 992 clementia
1202 928 1305 1012 legis,

250 1038 348 1100 cuius
376 1035 591 1098 seueritatem
622 1032 838 1096 immanitate
868 1032 1053 1094 criminum
1086 1043 1308 1095 excesserat:

252 1141 428 1222 relegatus
452 1149 516 1200 est.

252 1306 280 1362 6.
308 1303 407 1362 oratio
435 1319 487 1373 pro
513 1301 638 1360 Baeticis
667 1306 767 1358 contra
787 1301 945 1360 Caecilium
966 1301 1145 1369 classicum,
1177 1317 1306 1372 procon-

646 1397 738 1452 sulem
758 1395 903 1454 baeticae.

314 1530 397 1592 Acts
419 1539 467 1591 est
490 1547 581 1590 causa
605 1527 850 1607 repetundorum
880 1545 910 1587 s.
939 1524 1000 1586 853
1022 1527 1123 1604 (100).
1168 1525 1307 1588 Messoa

251 1654 286 1712 p.
316 1631 387 1699 105.
431 1632 665 1712 Argumentum
689 1629 824 1710 exponit
847 1625 972 1691 Plinius
994 1627 1017 1690 l.
1042 1627 1074 1700 3,
1098 1626 1193 1707 epist.
1217 1627 1250 1690 3.
1271 1639 1306 1689 et

255 1734 286 1796 9.
306 1730 474 1796 Caecilius
493 1731 684 1806 Classicus,
707 1732 810 1792 homo
830 1727 961 1812 foedus
982 1740 1014 1792 et
1035 1739 1153 1812 aperte
1176 1731 1303 1802 malus,

251 1834 536 1916 proconsulatum
558 1831 593 1892 in
619 1831 800 1913 prouincia
821 1831 963 1894 Baetica
990 1852 1058 1895 non
1085 1830 1199 1894 minus
1230 1831 1303 1893 vio·

252 1938 361 1997 lenter
393 1954 496 2016 quam
526 1932 665 1995 sordide
697 1946 876 2014 gesserat,
906 1932 1024 1996 eodem
1053 1953 1146 1996 anno
1174 1934 1300 2015 quoin

253 2033 385 2128 Africa
413 2035 557 2100 Marius
585 2034 735 2100 Priscus.
788 2036 856 2102 Sed
884 2036 1042 2100 Marium
1075 2055 1145 2096 una
1180 2035 1302 2098 civitas

248 2139 394 2223 publice,
419 2137 583 2223 multique
600 2137 732 2220 priuati
753 2159 850 2201 reum
869 2149 1092 2222 peregerunt,
1115 2138 1152 2199 in
1170 2137 1298 2200 Classi-

248 2263 326 2305 cum
347 2252 422 2304 tota
440 2240 620 2323 provincia
647 2240 812 2304 incubuit.
870 2243 933 2306 Ille
965 2241 1218 2302 accusationem
1248 2242 1300 2301 uel

238 2341 405 2433 sor-tuito
435 2345 487 2405 vel
507 2343 703 2406 voluntaria
724 2355 833 2406 morte
852 2343 1054 2426 praeuertit.
1098 2341 1179 2406 ibid.
1196 2343 1226 2418 6,
1246 2345 1298 2408 99.

254 2444 372 2536 Aclfui
393 2465 518 2510 rursus
539 2442 658 2508 iisdem
676 2443 843 2523 (Baeticis)
855 2445 1074 2530 querentibus
1096 2443 1137 2506 de
1153 2445 1301 2509 Caecilio

250 2548 412 2612 Classico.
454 2546 658 2628 Quaesitum
690 2557 761 2624 est,
801 2568 847 2610 on
871 2547 1101 2629 provinciales
1129 2559 1167 2610 ut
1188 2547 1302 2612 sccios

254 2651 497 2735 ministrosque
535 2649 757 2731 proconsulis
795 2650 898 2732 plecti
933 2661 1132 2732 oporteret:
1168 2671 1301 2732 poenas

248 2754 398 2816 luerunt.

431 2911 460 2966 7.
488 2910 681 2982 Panegyricus
702 2910 738 2965 td
758 2909 798 2966 M.
821 2909 934 2980 Utptum
955 2909 1120 2965 Traianum.

312 3041 390 3104 Eam
413 3039 603 3115 orationem,
628 3060 709 3123 quae
737 3039 805 3101 sola
829 3050 929 3113 extat,
956 3039 1036 3101 dixit
1063 3037 1199 3114 Plinius,
1226 3061 1297 3100 cum

251 3144 448 3206 consulatum
470 3140 565 3204 iniret
578 3141 728 3206 Calendis
744 3141 984 3224 Septembribus
1007 3162 1037 3205 s.
1062 3165 1093 3203 u.
1111 3141 1172 3204 853
1195 3141 1299 3218 (100).

250 3245 330 3307 Eius
361 3243 501 3306 meminit
532 3244 564 3306 in
599 3241 744 3326 epistolis
776 3245 797 3306 l.
829 3245 860 3306 3.
893 3245 1010 3324 ep.13
1041 3257 1072 3306 et
1096 3243 1147 3308 18.
1194 3241 1297 3307 Cani.

249 3347 473 3408 Westermano
495 3368 529 3426 p.
553 3345 626 3406 989.
653 3347 693 3409 G.
720 3348 765 3408 H.
786 3344 939 3408 Schaeisr
963 3350 1001 3407 ad
1019 3345 1157 3409 Plinium
1170 3367 1202 3428 p.
1215 3346 1296 3408 XL.

281 3541 310 3599 8.
332 3539 432 3598 Oratio
452 3557 505 3612 pro
525 3539 598 3596 Iulio
618 3539 719 3610 Basso,
741 3555 778 3596 ex
798 3540 932 3612 bithynie
953 3541 1177 3613 repetundarum
1197 3557 1257 3596 rso.

315 3675 398 3737 Acta
426 3685 473 3735 cst
499 3692 591 3734 causa
618 3693 648 3734 s.
673 3672 735 3734 854
758 3674 860 3749 (101).
908 3674 1041 3735 Messon
1065 3695 1098 3754 p.
1125 3673 1199 3737 119.
1232 3673 1298 3736 Ar·

249 3788 429 3862 gumentum
450 3796 562 3838 causae
584 3787 711 3837 enarrat
735 3773 859 3837 Plinius
885 3774 906 3836 Ι.
932 3777 966 3846 lt,
990 3775 1021 3840 9.
1066 3775 1110 3836 Et
1131 3773 1162 3836 in
1186 3774 1296 3836 eodem

249 3875 385 3960 epistola
406 3878 486 3938 baec
515 3875 646 3938 scribit:
670 3875 807 3937 habebis
834 3877 920 3936 lianc
949 3876 1088 3938 interim
1117 3877 1299 3959 epistolam

247 3991 284 4040 ut
307 3973 506 4064 πρόδρομον,
522 3976 737 4058 exspectabis
753 3977 945 4040 orationem
965 3981 1102 4062 plenam
1119 3991 1296 4042 onustam-

245 4102 321 4162 que‚
346 4092 378 4142 et
400 4079 614 4161 exspectabis
637 4079 709 4140 sliu.
734 4099 840 4163 neque
862 4080 952 4142 enim
974 4081 1093 4142 leuiter
1115 4094 1149 4144 et
1163 4082 1300 4144 cursim·

247 4193 285 4242 ut
307 4183 348 4244 de
371 4205 408 4244 re
430 4195 528 4244 tanta
549 4181 773 4243 retractanda
794 4193 859 4244 est.

311 4283 395 4345 Plio.
421 4285 526 4364 Epist.
547 4285 576 4356 b,
594 4285 646 4359 99,
665 4287 715 4351 to,
740 4286 866 4346 Tuitus
889 4305 963 4347 sum
986 4285 1112 4350 Iulium
1131 4289 1294 4360 Bassum,
