2992 4844
271 314 332 376 su

260 469 358 560 fuit.
384 475 444 536 Ex
466 473 519 534 nic
536 475 638 536 Cotta
658 485 691 535 et
715 473 886 556 Sulpicius
907 495 985 536 curn
1008 496 1083 536 meo
1105 475 1233 540 iudicio
1247 489 1321 540 tum

273 576 426 638 omnium
437 571 557 662 facile
578 574 712 657 primus
734 578 899 638 tulerunt.

337 677 420 740 lbid.
445 699 476 739 c.
500 678 553 740 55.
600 677 676 740 Fuit
699 678 871 759 Sulpicius
900 680 950 739 ael
978 679 1130 742 maxime
1152 681 1318 757 omniurn,
1343 665 1344 668 Ἴ

272 801 358 862 quos
373 779 510 862 quidem
525 801 592 862 ego
607 779 818 856 audiverim,
842 781 989 863 grandis
1011 793 1055 858 et,
1073 795 1111 845 ut
1130 783 1180 845 ita
1195 783 1319 859 dicam,

272 881 428 964 tragicus
443 894 577 945 orator.
604 885 686 948 Vox
706 905 783 945 cum
808 904 937 967 magna
959 897 1033 948 tum
1047 885 1164 948 suauis
1179 889 1324 968 etsplen-

274 985 368 1058 dida,
386 997 505 1066 gestus
520 997 552 1047 et
573 997 685 1048 motus
708 989 866 1067 corporis
888 991 937 1051 itu
960 1002 1135 1062 venustus,
1155 1001 1193 1052 ut
1208 1002 1323 1052 tamen

273 1087 319 1148 ad
329 1083 484 1174 forum,
509 1109 576 1151 non
599 1089 646 1150 ad
667 1109 803 1151 scenam
826 1091 1005 1154 institutus
1028 1092 1212 1167 uideretur,
1239 1091 1322 1154 inci-

272 1203 348 1252 tata
363 1204 395 1254 et
414 1193 585 1269 volubilis,
610 1215 669 1256 nec
692 1216 734 1256 ea
755 1193 950 1262 redundans
974 1207 1087 1257 lamen
1103 1217 1163 1257 nec
1178 1195 1323 1257 circum·

261 1292 391 1386 fluens
423 1296 549 1358 oratio.
584 1299 749 1360 Crassum
775 1296 830 1358 bic
865 1300 995 1360 uolebat
1031 1297 1183 1372 imitari,
1220 1301 1322 1360 Cotta

275 1398 421 1459 malebat
449 1398 657 1471 Antonium
690 1400 751 1462 sed
779 1401 822 1462 ab
849 1403 911 1464 hoc
942 1401 993 1464 vis
1023 1402 1143 1464 aberat
1166 1399 1322 1472 Antonii,

275 1499 391 1562 Crassi
412 1500 455 1560 ab
477 1500 536 1563 illo
558 1503 666 1582 lepos.

338 1599 417 1664 ibid.
444 1625 472 1671 c.
496 1603 549 1666 97.
595 1606 720 1667 Nonne
750 1605 921 1666 cernimus
945 1607 1006 1666 vix
1030 1604 1179 1684 singulis
1200 1605 1325 1665 aetati-

276 1702 337 1765 bus
359 1703 457 1767 binos
481 1718 640 1768 oratores
662 1705 850 1767 laudabiles
877 1706 1097 1767 constitisse?
1119 1706 1229 1766 Galba
1238 1700 1326 1791 fuit

276 1807 365 1869 inter
396 1819 447 1870 tot
480 1811 637 1890 aequales
669 1829 758 1870 unus
791 1809 979 1878 excellens,
1010 1804 1162 1885 Lepidus
1186 1817 1322 1885 postea,

276 1909 397 1972 deinde
409 1910 539 1982 Carbo;
551 1909 736 1983 Antonius,
751 1912 918 1978 Crassus;
925 1918 1004 1987 post
1013 1909 1126 1979 Cotta,
1138 1907 1324 1988 Sulpicius.

340 2009 413 2074 Cic.
439 2015 477 2074 de
501 2014 596 2076 Orat.
629 2011 667 2085 3,
692 2011 723 2072 8.
775 2013 862 2073 Ecce
889 2021 1090 2092 praesentes
1119 2009 1188 2070 duo
1215 2032 1325 2091 prope

276 2117 436 2197 aequales
459 2114 632 2195 Sulpicius
654 2125 687 2174 et
709 2116 828 2190 Cotta5
854 2111 937 2194 quid
958 2123 1030 2172 tam
1052 2111 1141 2173 inter
1164 2133 1200 2173 se
1224 2111 1326 2173 dissi-

279 2213 383 2279 mile?
405 2216 487 2299 quid
519 2216 647 2277 tamin
677 2236 741 2277 suo
769 2234 894 2296 genere
923 2214 1131 2294 praestans?
1154 2213 1327 2295 Sulpicius

265 2315 476 2408 fortissimo
486 2317 634 2400 quodam
644 2317 753 2378 animi
765 2317 905 2398 impetu,
914 2315 1116 2397 plenissima
1125 2327 1157 2377 et
1169 2316 1326 2378 maxima

281 2444 369 2494 voce,
387 2439 522 2484 summu
544 2419 760 2482 contentione
782 2419 939 2499 corporis
961 2429 994 2480 et
1009 2417 1180 2500 dignitate
1198 2429 1323 2491 motus,

280 2524 459 2586 uerborum
481 2543 613 2605 quoque
640 2543 682 2584 ea
703 2521 874 2604 gravitate
904 2533 936 2583 et
964 2521 1065 2601 copia
1086 2533 1153 2595 est,
1177 2533 1216 2582 ut
1238 2541 1327 2582 rinus

279 2626 326 2686 ad
347 2625 528 2686 dicendum
549 2625 837 2686 instructissimus
865 2647 887 2685 a
910 2636 1039 2686 natura
1061 2644 1133 2685 esse
1157 2623 1325 2685 uideatur.

343 2728 468 2788 Auctor
497 2729 535 2788 dc
565 2728 708 2807 Harusp.
743 2728 845 2806 Resp.
879 2730 908 2787 1.
936 2728 986 2790 19.
1034 2727 1129 2789 Nam
1156 2727 1240 2808 quid
1261 2747 1328 2808 ego

280 2830 320 2890 dc
347 2833 385 2892 Ρ.
409 2829 562 2910 Sulpicio
583 2830 731 2912 loquar?
761 2829 860 2890 cuius
890 2841 988 2890 tanta
1019 2829 1055 2890 in
1078 2828 1222 2890 dicendo
1245 2850 1329 2910 gra-

282 2931 381 3006 uitas,
398 2942 497 2992 tanta
513 2932 727 3006 iucunditas,
745 2942 844 2992 tanta
865 2932 1013 2993 brevitas
1023 2929 1127 3020 fuit,
1146 2942 1184 2992 ut
1197 2942 1324 3012 posset,

280 3036 332 3095 vel
352 3045 391 3095 ut
417 3033 605 3114 prudentes
634 3045 811 3106 errarent,
843 3037 896 3096 uel
924 3045 962 3092 ut
991 3033 1071 3095 boni
1101 3033 1214 3095 minus
1245 3032 1327 3094 bene

281 3135 458 3207 sentirent,
481 3135 655 3218 perficere
677 3135 834 3198 dicendo.

344 3238 483 3300 Velleius
506 3239 540 3313 l,
565 3240 596 3302 9.
641 3240 773 3302 Eodem
795 3251 911 3318 tractu
933 3249 1126 3318 temporum
1148 3238 1327 3299 nituerunt

282 3353 442 3403 oratores
465 3341 578 3422 Scipio
608 3342 823 3404 Aemilianus
851 3340 1073 3421 Laeliusque,
1106 3343 1182 3400 Ser.
1206 3339 1327 3410 Galba,

281 3444 351 3506 cluo
373 3445 538 3518 Gracchi,
564 3447 602 3507 C.
627 3446 788 3517 Fannius,
814 3442 977 3522 Papirius
999 3439 1122 3512 Carbo,
1148 3459 1208 3500 nec
1226 3460 1330 3520 prae-

283 3547 470 3609 tereundus
493 3549 656 3609 Metellus
685 3544 893 3609 Numidicus
922 3553 954 3602 et
984 3545 1155 3613 Scaurus,
1189 3552 1221 3601 et
1250 3553 1330 3602 ante

282 3669 399 3712 omnes
421 3653 463 3710 L.
493 3653 639 3713 Crassus
668 3661 699 3710 et
728 3650 783 3710 M.
816 3642 1001 3708 Antonius.
1036 3646 1195 3724 Quorum
1223 3643 1331 3704 aetati

282 3751 497 3834 ingeniisque
519 3771 712 3812 successere
733 3753 770 3812 C.
789 3751 917 3810 Caesar
931 3745 1067 3818 Strabo,
1087 3746 1125 3806 P.
1143 3745 1328 3827 Sulpicius.

347 3851 483 3916 Ausonii
518 3853 701 3914 Gratiarum
736 3848 821 3912 actio
855 3870 889 3928 p:
921 3848 995 3909 727.
1059 3851 1104 3911 Et
1137 3848 1254 3931 aliqua
1289 3848 1330 3908 de

282 3955 448 4024 oratoriis
473 3955 543 4018 tuis
568 3952 751 4018 virtutibus
785 3951 952 4024 dicerem,
988 3949 1056 4014 nisi
1089 3973 1224 4013 uererer
1248 3948 1332 4012 mihi

282 4057 496 4138 gratificari.
537 4060 617 4121 Non
634 4054 723 4117 enim
739 4053 912 4136 Sulpicius
932 4053 1048 4116 acrior
1064 4052 1097 4124 'm
1114 4051 1331 4115 concionibus

285 4178 344 4220 nec
374 4159 517 4222 maioris
550 4157 697 4222 Gracchi
728 4155 1031 4220 commendabilior
1060 4155 1230 4218 modestia
1253 4152 1331 4238 fuit

284 4279 344 4320 nec
364 4261 477 4340 patris
499 4260 552 4322 tui
573 4259 716 4344 grauior
738 4259 945 4324 auctoritas.
