2984 4842
495 602 524 661 4.
567 604 705 662 λουσοιλο
725 603 817 662 tuliae
838 607 954 662 amitae.

269 736 316 798 En
347 747 394 798 est
426 737 509 800 dieta
539 759 568 800 a.
600 738 661 800 686
692 739 773 818 (68).
807 737 888 802 Cum
914 737 1014 812 lulio,
1045 758 1125 821 quae
1150 735 1253 800 Marii

203 839 309 901 iuerat
339 838 478 913 coniux,
506 852 629 903 mortua
660 851 759 912 esset,
790 839 967 903 orationem
996 838 1163 902 funebrem
1186 860 1251 903 non

203 963 238 1003 ca
255 952 375 1002 tantum
397 962 488 1004 eausa
513 941 595 1004 dixit
619 942 751 1018 Caesar,
776 954 808 1004 ut
839 940 964 1003 amitam
986 962 1073 1003 suam
1098 941 1252 1018 laudaret,

202 1046 258 1105 sed
282 1057 315 1105 ut
337 1044 478 1105 Marium
503 1048 586 1126 apud
615 1045 770 1126 populum
800 1043 831 1107 in
857 1041 1041 1107 memoriam
1064 1054 1247 1108 revocaret.

269 1163 354 1227 Plut.
378 1162 475 1228 Caes.
500 1165 531 1227 5.
581 1166 649 1231 Τοῦ
671 1167 706 1230 δὲ
738 1159 844 1250 δήμου
866 1159 998 1251 πρώτην
1013 1170 1074 1250 μὲν
1088 1158 1255 1244 ἀπόδειξιν

205 1266 263 1346 τῆς
293 1262 376 1353 πρός
406 1261 509 1331 αὑτὸν
540 1261 668 1343 εὐνοίας
697 1267 829 1351 ἔλαβεν,
857 1258 911 1331 ὅτε
924 1262 1016 1354 ’πρὸς
1043 1270 1069 1331 Ι
1072 1270 1149 1332 1αῖον
1181 1269 1253 1331 Ho-

204 1368 312 1434 πίλιον
333 1369 444 1456 ἐρίσας
460 1362 541 1456 ὑπὲρ
560 1370 748 1458 χιλιαρχίας
765 1365 925 1456 πρότερος
941 1363 1165 1459 ἀνηγορεύθη,
1181 1370 1253 1434 δευ-

204 1473 303 1560 τέραν
319 1471 353 1535 δὲ
376 1475 432 1535 καὶ
454 1475 763 1560 καταφανεστέραν,
788 1462 840 1536 ὅτε
862 1472 920 1550 τῆς
939 1472 1076 1560 Μαρίου
1097 1467 1255 1555 χυναικίς

200 1567 348 1649 Ἰουλίας
377 1567 639 1654 ἀποθανούσης,
670 1569 870 1664 ἀδελφιδοῦς
894 1569 937 1639 ὢν
966 1569 1070 1654 αὐτῆς
1094 1567 1254 1659 ἐγκώμιόν

204 1698 237 1740 τε
264 1671 416 1763 λαμπρόν
447 1675 480 1739 ἐν
522 1670 631 1765 ἀχορᾷ
667 1677 789 1756 διῆλθε
821 1680 876 1741 καὶ
910 1680 983 1764 περὶ
1020 1671 1079 1740 τίν
1108 1669 1255 1766 ἐκφορὰν

204 1771 380 1862 ἐτόλμησεν
405 1772 533 1854 εἰκόνας
557 1778 693 1866 Μαρίου
717 1782 921 1868 προθέσθαι
945 1773 1018 1843 τότε
1040 1777 1170 1866 πρῶτον
1188 1772 1253 1869 όφ-

203 1879 326 1956 θείσας
352 1875 436 1964 μετὰ
463 1876 523 1960 τὴν
553 1880 605 1945 ἐπὶ
634 1875 756 1947 Σύλλα
784 1882 968 1960 πολιτείαν,
998 1879 1161 1965 πολεμίων
1190 1879 1255 1944 τῶν

204 1977 332 2070 ἀνὸρῶν
357 1984 551 2069 κριθέντων.
590 1977 669 2048 Ἐπί
694 1978 799 2073 τούτῳ
822 1980 888 2073 χάρ
914 1983 1004 2050 ἐνίων
1021 1976 1254 2066 καταβοησάν-

204 2083 351 2148 σωυτοῦ
376 2083 551 2171 Καίσαρος
580 2079 598 2148 ὁ
622 2085 725 2170 δῆμος
747 2080 909 2171 ἀντήχησε
937 2085 1095 2174 λαμπρῶς
1120 2077 1255 2170 δεξάμε-

204 2207 260 2260 νος
285 2180 392 2276 κρότῳ
415 2189 471 2251 καὶ
505 2181 693 2271 θαυμάσας
726 2178 833 2277 ὥσπερ
868 2186 901 2267 ἐξ
932 2178 1017 2276 ᾅδου
1048 2181 1105 2252 διὰ
1127 2180 1256 2274 χρόνων

204 2288 333 2353 πολλῶν
352 2281 519 2372 ἀνάγοντα
549 2285 609 2365 τάς
632 2290 770 2376 Μαρίου
796 2285 894 2373 τιμάς
917 2285 963 2365 εἰς
985 2285 1044 2368 τίχν
1062 2282 1170 2354 πόλιν.

270 2407 398 2477 Sueton.
421 2407 517 2472 Caes.
550 2411 580 2470 6.
625 2412 799 2492 Quaestor
829 2407 954 2474 Iuliam
984 2408 1129 2471 amitam
1160 2428 1250 2470 uxo·

208 2529 345 2592 remque
378 2511 574 2575 Corneliam
608 2509 796 2599 defunctae
831 2510 985 2572 laudavit
1018 2533 1036 2572 e
1070 2530 1165 2572 more
1184 2531 1252 2592 pro

205 2612 340 2676 rostris.
395 2613 462 2676 Sec!
490 2615 525 2674 in
553 2615 681 2676 amitae
710 2613 847 2697 quidem
875 2611 1075 2675 laudatione
1105 2610 1147 2672 de
1175 2611 1276 2674 τίκτ’

204 2734 245 2775 ac
263 2714 455 2796 patrissui
477 2728 622 2800 utraque
645 2716 782 2797 origine
804 2715 853 2778 nic
876 2714 1009 2805 refert:

268 2836 405 2898 Amitae
421 2857 532 2908 meae,
550 2837 672 2910 Iuliae,
699 2849 893 2899 maternum
913 2855 1024 2917 genua
1045 2834 1088 2895 ab
1109 2833 1251 2916 regibus
1275 2882 1318 2918 N

205 2947 338 3011 ortam,
361 2949 545 3017 paternum
570 2961 648 3000 cum
670 2938 738 3001 tliie
759 2937 1011 3000 immortalibus
1031 2934 1252 2998 coniunctum

204 3050 267 3100 cst.
312 3041 408 3104 Nam
431 3039 474 3101 ab
497 3043 594 3103 Anco
616 3040 757 3104 Marcio
779 3051 858 3100 cunt
881 3037 1012 3103 Marcii
1034 3039 1157 3119 Regae,
1183 3057 1251 3120 qao

205 3141 340 3204 nomine
358 3138 443 3230 fuit
478 3153 605 3218 mater,
646 3163 669 3203 a
708 3145 840 3206 Venere
873 3138 974 3213 Iulii,
1009 3138 1106 3210 caius
1139 3138 1253 3221 genti-r

192 3239 346 3331 familia
367 3255 418 3306 eet
445 3256 577 3308 nostra.
623 3247 688 3308 Eat
710 3264 796 3324 ergo
825 3241 859 3304 in
881 3263 1007 3327 genere
1028 3253 1063 3304 et
1084 3241 1251 3303 sanctitas

204 3367 337 3425 regam,
363 3346 422 3428 qui
441 3347 631 3428 plurimum
653 3347 744 3409 inter
765 3344 919 3408 homines
938 3347 1082 3428 pollent,
1108 3355 1140 3406 et
1166 3342 1252 3404 ceri-

205 3447 322 3508 monia
344 3446 507 3524 deorum,
532 3471 679 3533 quorum
702 3448 770 3531 ipsi
792 3447 827 3509 in
846 3459 1019 3529 potestate
1042 3457 1123 3510 eant
1138 3466 1250 3528 reges.

239 3605 253 3632 a
275 3589 370 3634 Venere
389 3589 458 3650 latii]
494 3594 610 3639 Similiter
629 3596 737 3639 vetteiuc
761 3591 793 3647 2,
814 3590 855 3637 il.
880 3589 974 3637 Cacsar
996 3590 1158 3636 nobilicrima
1176 3588 1254 3634 lulio·

275 3690 331 3718 rmn
345 3677 446 3734 genitae
456 3675 574 3736 familia,
594 3686 617 3724 et
634 3680 699 3740 quod
717 3682 783 3724 inter
804 3693 890 3724 omnen
902 3679 1096 3738 antiquiacirnoc
1109 3676 1250 3728 constabat,

275 3760 306 3803 ab
324 3759 434 3805 Anchise
453 3776 483 3806 ac
504 3763 598 3808 Venere
618 3766 742 3811 deducens
761 3780 852 3826 genus.

270 3879 402 3942 Servius
419 3880 451 3945 in
475 3883 572 3965 Virg.
598 3887 680 3947 Aen.
706 3886 741 3959 λ,
767 3886 840 3947 267.
886 3889 933 3948 At
952 3907 1041 3967 puer
1063 3879 1248 3952 Ascanius,

206 3979 261 4041 cui
283 3999 372 4041 nunc
394 4003 582 4064 cognomen
612 3989 690 4050 Iulo
719 3986 886 4065 Additur]
917 3985 1040 4050 Occiso
1070 3979 1250 4045 Mezentio

205 4081 414 4155 Ascanium,
441 4084 821 4151 σίοαι1α1.οσοιαν
848 4086 984 4160 scribit,
1008 4085 1122 4149 lulum
1148 4102 1247 4163 coep«

203 4195 278 4248 tum
301 4186 434 4260 vocari,
458 4207 482 4248 a
504 4185 620 4268 prima
648 4188 772 4250 barbae
800 4186 983 4268 lanugine,
1007 4203 1111 4268 quam
1138 4185 1250 4250 ἴουλον

204 4287 323 4370 graeci
344 4288 478 4366 dicunt,
504 4309 591 4372 qnae
617 4288 650 4352 ci
670 4299 823 4370 tempore
844 4285 1007 4350 victoriae
1028 4286 1245 4349 nascebatur.
