2992 4840
1136 326 1195 390 111

147 523 150 530 ‹
185 497 216 558 Q.
230 495 329 541 Aelium
343 491 509 549 Tuberonem]
547 492 580 538 sic
599 492 704 539 correxi.
743 493 930 551 Vulgolegitur
950 489 1199 550 Q.Aemilium'1'u-

164 623 169 628 .
216 585 343 630 beronem.
379 581 564 626 Extabatidem
582 593 653 624 error
672 583 694 624 io
714 579 782 624 Livio
804 577 849 633 ts,
873 578 895 624 7.

182 667 327 730 solicitudo]
359 671 411 713 cdd.
434 673 490 714 vett.
511 667 619 712 solitudo
636 669 746 725 putride.
777 669 864 711 Drcsd.
888 669 941 711 cod.
968 665 1076 711 solitudo
1093 667 1197 723 putria:

217 760 278 815 quod
297 759 437 800 adiectivurn
456 758 565 814 antiquus
585 757 638 800 cod.
660 757 717 813 lleg.
740 755 775 798 lx
796 769 845 804 sec.
866 758 928 798 inter
947 755 1115 799 liueashahet.
1136 755 1197 797 alius

219 847 242 890 X
253 845 325 892 seculi
340 859 386 888 non
400 844 518 902 agnoscit.
539 845 579 887 ulii
593 845 695 902 quinque
709 843 803 886 Krchlii
818 843 886 887 codd.
901 841 1010 887 solitudo
1023 849 1054 890 te.
1075 843 1196 888 Duebner.

217 936 274 978 item
293 935 347 977 cod.
362 933 510 976 'turicensis

311 1109 359 1166 10.
399 1108 515 1178 Oratio,
543 1123 600 1181 qua
621 1113 715 1180 legem
736 1111 867 1166 Anteium
891 1109 1037 1166 dissuasit.

213 1224 293 1286 Eam
325 1221 504 1286 orationem
535 1244 565 1284 a.
592 1224 650 1285 631
682 1224 771 1300 (toa)
801 1223 915 1284 dictam
944 1244 1031 1296 esse,
1066 1220 1198 1284 coniicit

153 1325 306 1408 Pighius,
329 1324 384 1410 qui
409 1335 518 1408 putat,
543 1325 694 1388 Auseinm
720 1325 776 1388 illo
805 1338 949 1406 tempore
975 1346 1034 1386 tina
1061 1346 1131 1385 cuitu
1156 1321 1197 1386 C.

151 1429 303 1492 Graccho
330 1429 489 1489 tribunum
517 1429 605 1508 pleb.
634 1426 749 1502 fuisse,
774 1427 941 1510 legemque
968 1427 1198 1509 promulgasse,

150 1530 196 1593 uti
214 1529 407 1593 Nicomedes
423 1529 608 1609 Bithyniae,
628 1529 849 1605 Mithridates,
868 1528 964 1592 Ponti
979 1551 1090 1612 reges,
1112 1527 1197 1608 Cap·

149 1632 315 1714 padociam
339 1632 520 1696 Ariarathis
547 1631 628 1695 socii
654 1631 741 1714 regis
772 1630 873 1694 occisi
901 1631 1008 1693 liberis
1028 1629 1200 1692 heredibus

151 1733 369 1797 restituerent.
392 1770 433 1780 --
451 1735 597 1809 Constat,
611 1757 705 1817 reges
717 1733 887 1813 Bithyniae
900 1746 994 1818 atque
1009 1731 1108 1796 Ponti
1121 1732 1201 1794 mul·

154 1849 201 1898 tas
225 1840 264 1898 de
290 1840 477 1917 occupanda
502 1836 711 1918 Cappadocia
738 1837 810 1900 lites
836 1835 996 1910 movisse,
1026 1847 1057 1899 et
1080 1835 1200 1898 Roma-

150 1961 209 2002 nos
234 1961 295 2020 pro
325 1941 497 2002 commodo
525 1939 721 2020 reipublicae
749 1952 781 2003 et
807 1961 848 2002 ex
871 1938 1007 2002 arbitrio
1039 1961 1073 2000 ea
1102 1941 1139 2000 de
1163 1957 1199 2000 re

151 2062 247 2122 saepe
278 2040 470 2103 decrevisse.
521 2041 710 2104 Ariarathes
742 2042 889 2126 quintus,
922 2042 1137 2122 Philopator,
1169 2039 1200 2102 in

151 2143 256 2216 bello,
281 2145 367 2227 quod
390 2143 528 2206 Romani
555 2157 665 2207 contra
691 2144 908 2206 Aristonicum
930 2145 968 2205 ab
985 2165 1012 2208 a.
1033 2143 1200 2205 sao-625

152 2246 374 2322 (tou-129)
403 2248 577 2326 gerebant,
609 2246 689 2307 diem
723 2267 902 2326 supremum
932 2245 1013 2308 obiit
1042 2244 1211 2322 (Iustinus-

152 2348 212 2422 38,
238 2348 306 2423 0.),
331 2357 361 2408 et
389 2347 514 2431 quidem
537 2369 567 2409 a.
596 2350 656 2410 601
681 2350 789 2428 (130),
815 2358 894 2410 teste
915 2347 1067 2410 Clintono
1091 2347 1122 2409 in
1139 2349 1202 2408 Fa-

153 2451 210 2510 stis
236 2449 278 2508 ’1’.
297 2449 361 2510 lll.
390 2471 424 2532 p.
443 2451 517 2510 tat.
563 2449 716 2531 Quamvis
747 2461 848 2511 autem
875 2460 1093 2531 argumentum
1122 2446 1202 2531 legis
1260 2497 1261 2500 η

152 2543 290 2614 Aufeiae
309 2550 461 2631 ignorare
484 2573 533 2612 me
552 2551 665 2629 fatear,
690 2573 729 2613 cx
752 2552 935 2635 fragmento
958 2563 1060 2612 tamen
1081 2549 1203 2612 oratio·

153 2651 202 2715 nis
231 2655 440 2716 Gracchanae
467 2665 572 2734 patet,
605 2675 672 2714 eam
699 2653 816 2716 lavisse
845 2651 1028 2716 Mithridati
1056 2652 1148 2735 regi,
1173 2662 1203 2713 et

154 2755 282 2818 laesisse
323 2761 489 2820 commoda
518 2755 705 2819 Nicomedis
741 2755 850 2838 regis:
891 2756 1074 2816 Gracchum
1100 2765 1202 2816 antem

155 2870 325 2939 propterea
343 2881 409 2922 eant
434 2859 636 2934 dissuasisse,
662 2863 749 2943 quod
773 2859 983 2943 vectigalibus
1006 2857 1202 2940 reipublicae

153 2981 304 3022 romanae
328 2962 502 3025 nocuisset.

218 3072 309 3148 Alii,
339 3072 421 3136 inter
449 3097 529 3159 qttos
561 3075 746 3140 Gronovius
773 3077 811 3136 ad
839 3074 976 3136 Gellium
1003 3075 1068 3150 Xl,
1096 3077 1147 3136 10.
1174 3086 1203 3135 ct
1292 3102 1296 3111 ·

154 3173 294 3237 Baebius
320 3175 351 3236 in
376 3176 556 3258 lurisprud.
577 3182 673 3242 Rom.
695 3203 728 3261 p.
749 3179 824 3252 157,
849 3190 1040 3260 receperunt
1060 3201 1100 3240 ex
1126 3200 1204 3241 con·
1283 3205 1284 3216 ¹

153 3275 276 3338 iectura
310 3279 420 3360 legem
453 3279 659 3370 Saufeium,
698 3305 766 3344 cirin
799 3305 876 3368 gens
908 3281 1022 3344 Aufeia
1062 3280 1203 3367 alioquin

153 3399 290 3465 prorsus
318 3379 427 3461 ignota
453 3395 546 3445 esset.
592 3385 654 3446 Sed
678 3383 709 3446 in
739 3388 865 3470 vulgata
890 3385 1030 3447 lectione
1059 3385 1204 3468 acquies-

154 3473 289 3541 cendum
320 3482 462 3555 arbitror
492 3508 550 3547 uec
580 3508 615 3547 ea
642 3489 770 3549 multum
802 3490 885 3568 apud
913 3509 960 3548 me
990 3485 1072 3547 valet
1102 3486 1203 3559 ratic,

155 3603 226 3644 cum
243 3582 337 3645 etiam
360 3606 401 3646 ex
423 3588 567 3649 doctrina
592 3609 789 3651 ossismorum
813 3602 953 3650 veterum
974 3601 1107 3661 teneam,
1127 3588 1203 3649 und-

155 3695 204 3745 tas
230 3697 340 3750 extare
372 3687 403 3749 in
436 3677 573 3752 denariis
602 3689 759 3762 familias,
796 3713 928 3774 quarum
958 3690 990 3752 in
1021 3691 1205 3753 auctoribus

155 3786 240 3848 nulla
267 3789 303 3850 fit
331 3789 465 3865 mentio,
497 3804 530 3853 ut
557 3815 633 3876 gens
660 3792 834 3868 Acculeia,
860 3791 1004 3870 Cordia,
1031 3791 1204 3873 Crepusia‚

157 3887 360 3971 Cupicnuia,
384 3893 587 3974 Egnatulcia,
619 3895 787 3968 Fabrinia,
813 3895 996 3971 Farsuleia,
1022 3896 1095 3966 llis,
1120 3891 1205 3954 Mai·

154 3989 245 4066 ania,
276 3993 429 4068 Mitreia,
461 3995 632 4068 Mussidia‚
658 3997 775 4068 lienis,
801 3998 963 4069 Satricna,
988 3993 1140 4074 Sepullia.
1166 4021 1204 4032 -

154 4091 227 4154 Nee
242 4096 448 4174 probaverim
466 4095 713 4159 emendationem
731 4097 865 4159 aliorum
881 4101 990 4178 legem
1006 4093 1206 4172 Aufidiam:

155 4193 211 4254 lex
227 4195 308 4257 enim
326 4197 474 4273 Aufidia,
499 4219 579 4282 quac
603 4210 705 4273 extat,
731 4199 782 4260 diu
805 4210 1029 4279 postmortem
1047 4195 1087 4261 C.
1104 4196 1205 4257 Grac-

143 4293 211 4368 chi
237 4295 299 4360 lata
326 4311 385 4362 est.

209 4402 283 4444 ateias
293 4405 348 4445 orat.
357 4405 416 4443 Rom.
426 4405 506 4455 trram.
522 4407 553 4445 ed.
563 4405 583 4447 ².
967 4407 1005 4464 16
