2992 4840
1215 377 1274 440 169

227 531 344 593 nescio
378 528 462 614 quid
478 541 481 548 “
495 529 694 613 augustius.
750 530 887 594 nomine
925 551 989 594 nos
1019 533 1115 615 capis
1148 535 1276 597 summi

225 633 294 697 viri
315 633 471 717 vitaeque
490 631 768 716 elegantissimae
791 633 979 698 verissimis
1001 635 1174 700 laudibus.
1207 641 1273 702 lle-

225 757 321 799 move
344 739 439 798 haec.
484 756 550 798 nae
572 735 641 798 ista
661 736 770 799 dulcis
795 737 911 801 oratio
930 737 981 800 ita
1002 738 1048 800 sit
1069 739 1213 817 abiecta,
1236 752 1275 805 ut

226 861 302 902 eam
325 839 483 921 aspicere
505 859 606 902 nemo
630 837 722 902 velit.

290 940 412 1007 Cicero
440 944 479 1004 de
502 941 643 1004 Oratore
674 941 707 1016 1,
733 941 790 1017 19,
818 941 892 1004 215.
945 944 1099 1007 Multum
1123 943 1213 1008 inter
1237 966 1273 1008 se

226 1044 358 1108 distant
382 1042 469 1106 istae
484 1041 705 1133 facultates,
738 1047 907 1127 longeque
934 1056 1016 1107 sunt
1042 1045 1199 1110 diuersae
1220 1059 1273 1110 at-

225 1169 290 1231 que
313 1146 501 1221 seiunctae,
530 1166 637 1229 neque
660 1147 780 1209 eadem
805 1146 940 1210 ratione
962 1168 1004 1210 ae
1023 1147 1079 1210 oia
1098 1153 1154 1213 M.
1173 1153 1272 1225 Cata,

225 1253 266 1314 P.
294 1246 505 1339 Africanus,
528 1251 573 1329 Q.
594 1250 770 1323 Metellus,
796 1252 835 1313 C.
856 1249 1055 1325 Laelius,
1077 1251 1137 1334 qui
1156 1273 1274 1316 omnes

225 1354 422 1434 eloquentes
436 1348 621 1441 fuerunt,
647 1351 842 1414 orationem
864 1371 966 1414 suam
990 1363 1023 1414 et
1045 1353 1098 1417 rei
1114 1354 1274 1436 publicae

227 1453 435 1538 dignitatem
456 1454 688 1518 exornabant.

259 1617 290 1664 P.
310 1615 461 1678 Africanus]
497 1620 590 1667 intuor.
663 1615 693 1678 (l.
713 1615 841 1678 Metellus]
882 1619 1062 1666 Macedonicus.

289 1757 436 1822 Velleius
458 1757 489 1833 2,
514 1757 545 1821 9.
590 1757 723 1821 Eodem
746 1768 862 1820 tractu
881 1766 1076 1841 temporum
1095 1759 1275 1825 nituerunt

226 1872 388 1924 oratores
412 1859 528 1943 Scipio
552 1859 781 1934 Aemilianus,
810 1861 1067 1944 Laeliusque,
1095 1866 1170 1926 Ser.
1191 1867 1274 1928 Gal·

225 1964 288 2038 ba,
312 1964 383 2026 duo
404 1961 570 2037 Gracchi,
594 1966 633 2027 C.
651 1963 821 2038 Fannius,
845 1963 957 2029 Carbo
978 1963 1154 2046 Papirius.
1199 1969 1275 2032 Nec

160 2107 164 2112 ,
224 2065 499 2148 praetereundus
531 2067 696 2130 Metellus
729 2065 938 2131 Numidicus
968 2079 1002 2128 et
1030 2071 1207 2142 Scaurus,
1240 2082 1275 2133 et

227 2181 307 2231 ante
330 2189 448 2232 omnes
471 2173 513 2234 L.
534 2171 683 2233 Crassus
704 2180 736 2230 et
761 2172 818 2233 M.
841 2169 1029 2232 Antonius.
1056 2154 1058 2157 ¹

291 2269 467 2353 Quintilian
492 2271 542 2346 12,
567 2272 617 2345 10,
640 2272 692 2333 10.
736 2274 778 2336 ln
802 2272 960 2334 oratioue
984 2273 1119 2336 verosi
1143 2275 1274 2356 species

227 2374 356 2437 intueri
377 2373 472 2450 velis,
503 2375 645 2438 totidem
663 2393 751 2454 pene
774 2373 932 2453 reperias
949 2373 1171 2455 ingeniorum
1191 2389 1275 2459 quot

226 2497 411 2558 corporum
420 2475 586 2566 formas.
631 2475 700 2540 Sed
715 2473 837 2565 fuere
864 2476 1034 2559 quaedam
1064 2498 1196 2558 genera
1221 2479 1274 2544 di·

226 2579 325 2642 cendi
345 2580 540 2644 conditione
563 2590 759 2660 temporum
783 2578 997 2654 horridiora,
1020 2579 1151 2663 alioqui
1175 2600 1273 2664 mag,-

228 2702 309 2745 nam
336 2683 408 2745 iam
435 2681 567 2765 ingenii
592 2681 661 2744 vim
688 2701 775 2762 prae
792 2691 844 2742 'se
862 2677 1042 2770 ferentia.
1087 2681 1179 2746 Hinc
1205 2684 1275 2747 sint

226 2784 394 2861 Laelii,
421 2782 605 2875 Africani,
639 2787 785 2848 Catones
807 2784 913 2846 etiam
934 2784 1160 2868 Gracchique,
1188 2807 1275 2869 quos

224 2899 264 2950 tu
286 2888 364 2952 licet
390 2891 607 2975 Polygnotos
634 2889 686 2950 vel
712 2888 873 2952 Callonas
898 2889 1061 2968 appelles.
1115 2889 1276 2952 Mediam

224 2991 321 3054 illam
339 2989 508 3081 formam
541 3000 680 3052 teneant
710 2993 752 3051 L.
785 2991 951 3066 Crassus,
980 2994 1023 3072 Q.
1052 2991 1274 3057 Hortensius.

229 3097 323 3158 Tum
342 3093 464 3156 deinde
487 3090 698 3184 efflorescat
720 3111 790 3154 nou
813 3093 960 3157 multum
978 3091 1069 3155 inter
1087 3114 1124 3156 se
1143 3093 1275 3158 distan-

227 3198 316 3260 tium
349 3209 502 3279 tempore
531 3207 713 3258 aratorum
747 3193 869 3277 ingens
896 3207 1097 3277 proventus.
1142 3199 1190 3262 At
1219 3200 1273 3262 M.

228 3299 407 3374 Tullium,
446 3319 515 3361 non
552 3297 649 3361 illum
684 3297 847 3360 hahemus
880 3299 1147 3380 Euphranorem
1182 3299 1276 3361 circa

222 3403 380 3484 plurium
418 3402 548 3465 artium
584 3401 715 3483 species
751 3411 1012 3483 praestantem,
1053 3402 1115 3464 sed
1140 3402 1176 3464 in
1200 3423 1274 3464 om·

227 3505 347 3580 nibus,
377 3527 465 3589 quae
493 3505 528 3567 in
554 3525 687 3588 quoque
712 3503 923 3579 laudantur,
952 3503 1274 3571 eminentissimum.

291 3607 373 3671 ibid.
398 3609 448 3684 19,
476 3609 525 3682 10,
547 3608 601 3672 39.
644 3609 727 3674 Non
754 3606 890 3688 Scipio,
915 3606 1102 3682 Laelius,
1131 3610 1219 3672 Cato
1238 3607 1276 3671 in

227 3701 419 3795 eloquendo
444 3714 534 3774 velut
560 3709 696 3774 Attici
721 3712 1009 3774 Romanorum
1026 3707 1212 3799 fuerunt?

291 3813 472 3897 Appuleius
502 3811 671 3896 Apologia
702 3835 736 3896 p.
764 3812 839 3876 589.
869 3814 921 3874 ed.
947 3812 1035 3876 Oud.
1076 3816 1275 3893 Quamcun-

230 3937 294 3999 que
317 3920 512 3980 orationem
534 3915 708 3979 struxerit
728 3915 863 3991 Auitus,
891 3913 942 3976 ita
962 3913 1012 3976 illi
1036 3914 1103 3974 erit
1126 3913 1275 3995 undique

227 4016 388 4109 perfecte
413 4019 583 4093 absoluta,
606 4030 645 4081 ut
669 4019 704 4081 in
730 4018 791 4080 illa
815 4039 875 4082 nec
892 4019 979 4080 Cato
993 4013 1201 4096 gravitatem
1220 4036 1274 4077 re·

185 4121 188 4127 ’
229 4122 358 4204 quirat,
384 4142 458 4183 nec
483 4120 661 4184 Laelius
683 4120 914 4182 lenitatem
934 4137 994 4176 nec
1013 4115 1190 4176 Gracchus
1210 4116 1274 4178 im·

225 4236 346 4306 petum
371 4246 436 4294 nec
463 4226 593 4289 Caesar
618 4225 768 4289 calorem
793 4242 853 4284 nec
876 4213 1085 4284 Hortensius
1111 4213 1274 4282 distribu-
