2992 4840
276 383 337 446 168

277 552 311 602 et
331 561 373 603 ne
399 537 665 630 defatigaretur
689 537 893 612 oravissent,
920 539 1074 603 locutam
1095 558 1169 603 esse
1192 540 1263 604 itas
1286 565 1322 606 se

276 663 364 726 quae
374 641 529 734 fecisset
555 641 696 706 lionoris
721 662 842 703 eorum
865 659 974 702 causa
999 641 1155 706 studiose
1179 665 1322 708 accura-

275 759 375 829 teque
387 744 547 837 fecisse,
574 745 635 808 sed
656 766 693 806 se
714 743 883 807 arbitrari
909 763 1052 808 causam
1078 745 1177 810 illam
1199 769 1222 812 a
1244 753 1321 813 Ser.

276 849 405 924 Galba,
430 849 523 933 quod
545 848 576 911 is
597 849 634 911 in
653 847 797 911 dicendo
820 847 977 910 atrocior
1001 849 1186 932 acriorque
1210 864 1321 928 esset,

275 951 421 1034 grauius
456 964 490 1014 et
520 950 751 1014 vehementius
781 971 883 1032 posse
908 947 1074 1040 defendi,
1103 951 1219 1035 itaque
1241 975 1322 1017 nuc·

277 1054 419 1118 toritate
451 1058 490 1119 G.
525 1055 636 1118 Laelii
664 1055 865 1137 publicanos
899 1074 1044 1116 causam
1079 1055 1243 1118 detulisse
1276 1057 1323 1118 ad

277 1157 447 1232 Galbam,¹
481 1156 581 1220 illum
609 1168 748 1230 autem,
780 1158 872 1240 quod
903 1157 936 1220 ei
967 1157 1043 1220 ciro
1073 1158 1323 1222 succedendum

277 1271 378 1332 esset,
399 1261 585 1322 verecunde
605 1272 638 1322 et
659 1260 858 1324 dubitanter
876 1261 1058 1344 recepisse.
1092 1263 1205 1324 Unum
1222 1262 1324 1344 quasi

276 1362 599 1442 comperendinatus
622 1363 774 1424 medium
797 1364 888 1426 diem
901 1363 1050 1453 fuisse,
1089 1383 1190 1446 quem
1211 1376 1322 1427 totum

278 1464 423 1528 Galbam
448 1465 485 1527 in
514 1465 768 1527 consideranda
797 1487 905 1529 causa
933 1465 1236 1550 componendaque
1259 1489 1322 1548 po·

278 1566 402 1630 suisse.
420 1603 461 1614 —
476 1601 517 1614 -
539 1568 633 1650 Quid
657 1570 792 1632 muita?
817 1590 946 1652 magna
966 1569 1228 1651 exspectatione
1245 1571 1324 1651 plu-

277 1669 377 1732 rimis
406 1670 628 1733 audientibus
652 1691 772 1733 coram
800 1672 877 1752 ipso
897 1671 1017 1735 Laelio
1043 1673 1092 1734 sic
1120 1672 1216 1734 illam
1241 1692 1323 1733 cou-

278 1792 353 1834 sam
379 1783 479 1834 tanta
501 1774 534 1836 ui
555 1785 719 1856 tantaque
742 1774 916 1856 gravitate
942 1775 1076 1838 dixisse
1102 1774 1260 1849 Galbam,
1285 1787 1325 1837 ut

279 1877 376 1936 nulla
387 1872 480 1964 fere
503 1897 589 1958 pars
611 1876 783 1939 orationis
802 1877 939 1940 silentio
957 1881 1223 1961 praeteriretur.
1257 1878 1323 1939 ita-

280 1998 344 2059 quo
377 1977 495 2040 multis
525 1978 673 2061 querelis
704 1981 879 2063 multaque
914 1980 1136 2043 miseratione
1168 1979 1325 2042 adhibito

279 2079 393 2144 socios
414 2081 572 2144 omnibus
596 2083 868 2164 approbantibus
890 2084 953 2146 illa
974 2083 1029 2146 die
1054 2082 1254 2167 quaestione
1281 2083 1321 2145 li-

278 2184 416 2248 beratos
439 2205 525 2249 csse.
1293 2188 1301 2202 '

315 2346 390 2407 socii]
426 2349 464 2393 die
486 2348 724 2410 Pachtgssetlsclnft.
763 2353 783 2397 li
805 2353 940 2408 publicani,
971 2351 1055 2410 quibus
1076 2353 1136 2396 silva
1158 2351 1206 2394 sua
1229 2348 1322 2404 publice

348 2438 428 2480 tocntn
451 2442 517 2493 erat,
543 2440 622 2483 caedis
643 2441 678 2483 tsi
699 2439 784 2494 luere,
809 2454 940 2498 eorumque
965 2454 1059 2485 causatu
1082 2439 1187 2484 defendit
1206 2437 1322 2490 Laelius,

347 2525 432 2569 deinde
454 2525 540 2571 Galba.

581 2759 660 2818 xtv.
703 2759 730 2818 C.
754 2761 867 2818 Laelius
894 2759 1021 2832 Sapiens.
1107 2781 1112 2787 ·

347 2909 476 2972 Ellendt
504 2933 537 2992 p.
561 2911 684 2974 XXVI
710 2911 837 2988 statuit,
867 2909 1013 2972 Laelium
1038 2929 1120 2972 anno
1147 2907 1207 2970 567
1234 2909 1326 2987 (187)

282 3012 418 3075 ve1568
443 3014 533 3094 (186)
553 3026 660 3077 natum
685 3035 766 3078 esse.
812 3015 893 3076 Erat
917 3011 1030 3075 deinde
1055 3008 1326 3091 tribunusplebis

284 3136 312 3177 a.
332 3116 392 3178 608
410 3118 511 3194 (151),
534 3129 668 3199 praetor
691 3139 721 3179 a.
746 3118 807 3180 609
830 3117 930 3195 (115),
956 3116 1067 3179 consul
1091 3136 1160 3176 cum
1185 3113 1228 3193 Q.
1250 3113 1326 3175 Ser·

284 3215 363 3281 vilio
388 3218 552 3300 Caepione
576 3241 658 3284 anno
684 3219 872 3300 611(110).

346 3321 465 3386 Cicero
490 3321 522 3384 in
548 3323 653 3385 Bruto
678 3345 709 3385 c.
735 3323 789 3386 tt.
833 3325 873 3386 0.
895 3321 1036 3384 Laelius
1061 3333 1094 3384 et
1116 3323 1156 3384 P.
1179 3317 1326 3408 Africo·

281 3445 348 3486 nus
370 3425 406 3488 in
424 3425 551 3507 primis
573 3429 787 3509 eloquentes,
815 3446 966 3509 quorum
989 3435 1112 3487 extant
1131 3423 1325 3496 orationes,

283 3525 472 3611 exquibus
494 3529 694 3590 existimari
716 3530 757 3591 de
780 3528 931 3611 ingeniis
955 3539 1136 3591 oratorum
1156 3536 1326 3607 potest.-

283 3633 338 3691 Dc
360 3630 470 3711 ipsius
493 3631 604 3694 Laelii
627 3643 659 3693 et
684 3631 855 3714 Scipionis
878 3630 1030 3712 ingenio,
1059 3645 1267 3709 quamquam
1286 3647 1329 3688 ea

283 3742 335 3792 cst
362 3732 450 3808 iam,
483 3746 521 3796 ut
550 3733 740 3814 plurimum
769 3732 945 3795 tribuatur
979 3728 1163 3803 ambobus,
1193 3727 1328 3791 dicendi

286 3845 400 3896 tamen
422 3839 498 3898 laus
522 3847 574 3898 est
599 3836 634 3898 in
659 3835 777 3898 Laelio
801 3831 983 3895 illustrior.
1030 3852 1060 3892 c.
1087 3830 1140 3894 23.
1175 3833 1327 3915 Elegan-

284 3939 334 4001 tia
360 3939 395 3999 in
420 3939 549 4013 Laelio,
575 3939 625 4000 vis
648 3939 684 4000 in
706 3935 817 3999 Galba
827 3934 926 4022 snit.

346 4040 426 4104 ibid.
448 4063 478 4102 c.
501 4040 554 4102 86.
599 4039 731 4103 Probas
752 4037 876 4120 Lepidi
892 4039 1081 4102 orationes.
1113 4038 1257 4120 paulam
1273 4035 1327 4097 bic

285 4143 346 4205 tibi
368 4143 552 4207 assentior.
598 4141 700 4204 modo
724 4139 775 4202 ita
800 4142 920 4204 laudes
948 4153 986 4205 ut
1017 4141 1191 4226 antiquas.
1235 4138 1329 4220 quod

283 4244 374 4306 idem
403 4247 445 4308 de
479 4243 669 4336 Afiicano,
704 4244 746 4306 de
776 4244 945 4323 Laelio,
982 4246 1081 4308 cuius
1106 4257 1144 4307 tu
1170 4240 1328 4306 oratione

282 4365 390 4424 negas
412 4347 504 4422 fleri
533 4347 720 4432 quidquam
748 4368 851 4430 posse
883 4349 1040 4424 dulcius,
1074 4345 1175 4410 addis
1199 4343 1325 4420 etiam,
