2958 4840
281 367 342 430 606

343 529 432 590 Suet.
454 523 577 590 Domit.
602 523 632 585 i.
676 521 857 586 Simulavit
880 520 1052 603 imprimit
1076 522 1232 604 poeticae
1253 535 1338 588 stu·

280 629 388 701 dium,
411 640 484 690 torn
505 627 677 690 insuetum
698 636 801 686 anteo
821 623 898 698 silri,
921 643 1026 707 quam
1039 635 1158 705 postea
1175 639 1336 706 spretum

280 743 314 793 et
335 731 525 799 abiectum,
550 711 770 808 recitavitque
797 725 901 788 stiam
922 727 1067 806 publice.
1114 725 1196 788 ibid.
1220 749 1251 790 c.
1272 730 1331 792 20.

280 830 437 895 liberalia
457 830 576 894 studia
596 829 734 910 imperii
754 827 855 890 initio
877 827 1043 908 neglexit,
1067 847 1255 910 numquam
1271 843 1332 892 tu.

280 954 356 995 men
388 944 450 996 aat
485 931 651 995 historiae
686 929 934 992 carminibusue
966 929 1146 992 nascendis
1181 952 1329 1011 operans

279 1038 385 1099 ullam
406 1046 467 1098 aut
488 1034 569 1096 stilo
601 1035 652 1094 vel
679 1030 874 1093 necessario
900 1031 1006 1092 dedit.
1056 1033 1198 1094 Praeter
1227 1055 1322 1096 com-

281 1137 470 1200 mentarios
503 1147 537 1197 et
566 1145 645 1196 acta
675 1132 805 1196 Tiberii
836 1132 996 1196 Caesaris
1018 1131 1104 1195 nihil
1133 1135 1329 1206 lectitabat3

278 1238 442 1322 epistolas
463 1236 776 1317 orationesque
798 1246 830 1294 et
852 1235 965 1297 edicta
991 1233 1106 1296 alieno
1130 1235 1326 1317 formabat

277 1340 434 1422 ingenio,
463 1338 633 1400 sermonis
659 1348 772 1399 tamen
802 1356 862 1398 nec
892 1335 1115 1422 inelegantis,
1151 1337 1327 1400 dictorum

277 1441 451 1504 intertium
472 1440 576 1502 etiam
598 1437 814 1500 notabilium.

343 1540 556 1621 Quintilianus
579 1541 735 1602 Prooem.
758 1538 782 1600 l.
813 1539 844 1603 t.
870 1538 901 1600 3.
946 1539 1168 1603 Domitianus
1201 1543 1328 1622 Augu-

281 1657 369 1717 stus,
393 1657 431 1706 ut
452 1644 488 1704 in
510 1640 678 1714 omnibns,
701 1641 752 1703 ita
770 1637 805 1701 in
821 1639 1015 1722 eloquentia
1029 1661 1161 1724 quoque
1174 1642 1326 1704 eminen-

273 1744 440 1808 tissimus.

719 1936 882 1994 Orsttones.

340 2109 429 2170 Suet.
457 2105 580 2172 Damit.
607 2129 637 2168 c.
666 2106 717 2170 11.
761 2106 928 2188 quosdam
960 2108 1149 2170 maiestatis
1179 2131 1258 2172 reos
1286 2110 1325 2170 in

275 2210 408 2272 curiam
430 2209 636 2282 induxerat,
659 2219 791 2270 etcum
812 2208 1063 2289 praedixisset,
1092 2222 1324 2292 experturum

275 2333 311 2374 sc
333 2312 394 2374 illa
414 2311 481 2383 die,
505 2330 610 2392 qnam
630 2329 733 2370 carus
754 2311 891 2372 senatui
922 2323 1026 2384 esset,
1052 2307 1171 2399 jacite
1198 2309 1323 2399 perfe-

274 2423 381 2485 cerat,
405 2423 443 2475 ut
465 2412 570 2474 etiam
598 2431 694 2472 more
723 2409 894 2471 maiorum
921 2411 1089 2491 puniendi
1115 2411 1323 2474 condemna-

275 2526 413 2587 rentur,
446 2513 566 2574 deintie
587 2511 768 2574 atrocitate
789 2532 919 2592 poenae
946 2513 1173 2584 conterritus,
1204 2513 1251 2574 ad
1271 2515 1325 2574 ie-

274 2613 433 2676 niendam
455 2612 618 2675 inuidiam
640 2611 831 2675 intercessit
853 2613 906 2674 his
938 2613 1046 2675 uerbis
1068 2611 1192 2696 (neque
1224 2615 1323 2676 enim

274 2715 317 2778 ab
339 2739 376 2777 re
390 2714 505 2800 fuerit
527 2716 604 2797 ipsa
624 2717 863 2797 cognoscere).·
886 2713 1088 2788 Permittite,
1109 2727 1225 2796 patres
1240 2734 1321 2776 con-

273 2815 405 2899 scripti,
422 2838 445 2878 a
457 2817 585 2900 pietate
607 2826 721 2876 vestra
742 2815 934 2897 impetrari,
959 2815 1051 2898 quod
1073 2817 1156 2891 scio,
1178 2837 1229 2878 mc
1244 2811 1322 2906 dif-

264 2917 412 2995 siculter
435 2919 715 2999 impetraturam,
742 2928 780 2979 ut
810 2917 984 2980 damnatis
1020 2919 1164 2980 liberum
1198 2918 1322 2980 mortis

270 3021 454 3082 arbitrium
476 3020 696 3100 indulgeatis.
721 3021 815 3083 Nam
838 3031 871 3080 et
891 3018 1042 3100 parcetis
1057 3021 1166 3081 oculis
1181 3021 1318 3093 cestris,

270 3133 303 3183 et
325 3123 514 3203 intelligent
537 3143 588 3184 me
611 3143 729 3184 omnes
750 3122 886 3182 senatui
907 3117 1124 3209 interfuisse.

336 3221 518 3284 Priscianus
540 3245 573 3303 p.
598 3223 671 3286 693.
703 3226 760 3287 ed.
790 3224 924 3286 Putsch.
970 3225 1119 3306 Prosper
1144 3221 1320 3306 prosperi:

273 3323 494 3386 Domitianus
526 3323 561 3382 in
599 3335 722 3386 senatu
755 3345 821 3403 pro
860 3346 914 3385 se:
946 3337 983 3386 ut
1015 3345 1162 3406 prosper
1183 3321 1320 3386 dicendi

270 3443 447 3485 successus
469 3423 673 3496 ostenderet,
698 3425 898 3486 auditorum
921 3425 1145 3488 beniuolentia
1166 3446 1319 3487 crescere

269 3523 696 3612 dicentiumfacultatem.
742 3524 862 3589 Cicero
892 3535 993 3590 tamen
1022 3549 1211 3610 prosperus
1239 3543 1318 3606 pro·

271 3627 352 3689 tulit.

305 3798 481 3859 Domitianus]
517 3805 552 3846 sic
581 3803 638 3860 legit
655 3803 798 3856 Putscbiss,
827 3805 964 3850 coniectura
983 3807 1068 3857 iratus,
1098 3820 1146 3850 son
1171 3805 1319 3851 ssctmitsts

342 3889 466 3941 codicum,
488 3889 511 3932 in
531 3889 617 3945 quibos
635 3887 794 3932 Donatlcnus
814 3889 914 3950 legitor,
943 3896 967 3934 ut
992 3893 1106 3936 Krelslius
1125 3893 1156 3938 Τ.
1179 3893 1203 3936 1.
1222 3905 1246 3948 p.
1267 3888 1316 3938 2⁴¹

271 4017 276 4028 ,
340 3980 410 4031 stqus
429 3975 571 4020 Duebnsrus
591 3979 715 4019 testentur.
755 3975 804 4019 Nec
817 3975 1020 4022 Westermsnnus
1041 3992 1064 4033 p.
1085 3978 1134 4025 279
1155 3983 1318 4023 coniecturam

340 4061 446 4104 Pntschii
466 4061 619 4116 approbarit,
640 4063 783 4116 praesertim
804 4076 856 4106 curn
877 4077 947 4108 ussus
966 4059 1104 4124 intelliget,¹
1118 4069 1211 4123 quaudo
1229 4066 1318 4110 Domi-

340 4151 418 4192 tianos
439 4148 529 4194 ossus
553 4149 581 4192 in
606 4154 696 4192 senata
713 4163 761 4206 pra
783 4161 812 4196 ts
830 4153 950 4212 orsrsrit,
974 4155 1015 4198 sed
1033 4151 1193 4206 Dorsum,
1221 4155 1317 4200 austeri

340 4236 430 4292 alloqui
449 4236 547 4293 igunto,
566 4235 726 4296 lrsgsusstsuu
746 4237 896 4284 trib-estun
915 4227 1055 4287 stiriis-ster.
1083 4241 1108 4283 le
1127 4240 1272 4298 Erlsngensi
1290 4239 1317 4288 2.

339 4319 490 4364 Doritienas
510 4324 605 4378 legitur.
