2966 4842
1166 349 1227 414 519

504 516 530 564 a.
573 504 679 562 Concio
700 506 735 560 ad
757 507 904 576 populum.

245 639 293 700 Ea
315 647 362 699 eet
387 635 494 698 habita
516 657 546 697 a.
572 638 633 697 710
656 633 731 718 (111).
757 636 923 719 Augustus
946 658 1015 698 cum
1038 649 1113 718 post
1127 638 1229 702 inter·

179 741 296 802 fectum
320 737 490 802 Caesarem
513 739 649 800 Romam
673 735 814 811 veniret,
838 737 1045 802 hereditatem
1070 738 1229 817 Caesaris,

180 842 280 922 patris
304 838 462 923 adoptivi,
487 837 654 913 crevisset,
677 849 707 900 et
731 840 835 922 legata
857 838 923 904 eius
946 843 1068 922 populo
1102 842 1229 908 solvere

178 954 321 1025 cuperet,
345 947 385 1005 ad
406 944 561 1024 populum
585 939 674 1018 dixit,
699 962 716 1003 a
739 942 782 1005 L.
796 941 944 1006 Antonio
967 942 1096 1004 tribuno
1125 943 1228 1024 plebis

181 1044 214 1106 in
236 1044 427 1108 concionem
449 1046 639 1124 productus.

244 1145 365 1211 Cicero
389 1149 429 1207 ad
449 1144 605 1208 Atticum.
630 1148 680 1220 11,
704 1145 745 1207 20
767 1158 798 1207 et
821 1148 872 1219 21,
897 1147 953 1222 15,
977 1149 1007 1210 2.
1038 1151 1228 1231 Exspecto,

180 1251 231 1323 οἱ,
256 1259 439 1328 utpotae,
464 1251 506 1308 L.
530 1248 705 1309 Antonino
722 1247 896 1327 produxit
917 1250 1116 1325 Octavium,
1147 1271 1231 1335 qno-

180 1351 223 1412 Iie
245 1349 364 1412 concio
373 1345 512 1437 fuerit.
536 1345 582 1408 ib.
608 1348 659 1420 11,
684 1347 738 1409 21.
783 1352 961 1430 Exspecto
984 1352 1119 1415 Octavii
1148 1373 1226 1415 con-

182 1452 316 1514 cionem
338 1460 383 1525 et,
408 1449 439 1512 oi
460 1449 544 1532 qnid
564 1448 673 1511 alind.
697 1447 745 1510 ib.
771 1451 821 1524 15,
847 1451 879 1512 2.
914 1454 968 1514 De
991 1453 1126 1516 Octavii
1150 1476 1229 1517 con-

179 1554 276 1616 cione
298 1553 388 1615 idem
410 1551 521 1614 centio
542 1552 635 1634 qnod
655 1564 705 1627 tu,
719 1551 958 1642 ¹indorumque
987 1553 1059 1615 eins
1080 1569 1230 1637 appara·

179 1668 236 1717 tne
258 1667 291 1717 et
313 1655 451 1718 Metine
478 1674 519 1714 ac
540 1655 737 1716 Poetnminc
770 1651 1128 1735 mihi‘procnratoree
1160 1679 1229 1721 non

177 1755 333 1838 placent.
344 1754 446 1820 Cous.
457 1755 522 1819 Dio
547 1753 637 1822 Ca'ss.
659 1755 680 1820 l.
704 1755 762 1830 15,
786 1755 816 1824 5.
833 1755 1002 1820 Weichert
1019 1759 1131 1840 p.120.
1144 1760 1231 1823 Dru-

181 1880 272 1922 mann
294 1870 317 1920 t.
342 1862 369 1927 1.
391 1881 423 1940 p.
446 1858 516 1925 122.

500 1997 528 2054 3.
569 1996 676 2054 Concio
695 1997 732 2051 ad
753 1995 901 2066 populum.

246 2100 295 2160 Ea
319 2111 366 2160 est
386 2097 495 2160 habita
517 2121 546 2160 a.
571 2101 634 2160 710
656 2099 737 2176 (11),
760 2109 793 2159 nt
814 2097 969 2178 populum
985 2117 1150 2160 romanum
1167 2099 1229 2162 sibi

182 2198 370 2262 conciliaret
384 2221 518 2284 eumque
541 2202 580 2261 ab
601 2199 756 2273 Antonio,
775 2220 913 2283 quocum
938 2197 1091 2260 dissidere
1107 2200 1228 2281 coepit,

182 2301 391 2364 abalienaret.
436 2299 605 2382 Appianus
627 2302 666 2368 Β.
690 2298 766 2364 civ.
791 2301 821 2374 3,
846 2301 895 2362 11.
920 2300 986 2363 Dio
1022 2298 1115 2365 Cass.
1139 2302 1227 2378 115,

183 2405 232 2468 12.
280 2404 444 2466 Drumann
466 2413 491 2463 t.
518 2403 548 2463 1.
571 2423 604 2483 p.
626 2402 696 2476 122,
721 2403 795 2466 217.
837 2475 838 2478 ¹

249 2503 370 2568 Cicero
393 2507 433 2567 ad
455 2502 557 2567 Anio.
595 2503 655 2580 16,
690 2505 740 2566 15.
785 2507 903 2582 Multo
926 2506 1114 2568 mehercule
1143 2529 1166 2568 α
1197 2521 1230 2572 te
1353 2519 1354 2524 ’

181 2627 283 2688 saepe
306 2602 348 2688 ἐν
369 2605 513 2696 πολτικῷ
534 2624 660 2687 genere
681 2597 888 2686 pr‘ndenter,
926 2605 988 2668 ced
1017 2607 1071 2670 hie
1104 2609 1230 2673 litteris

183 2707 271 2771 nihil
280 2707 501 2790 prudentior.
518 2711 737 2790 Quamquam
750 2707 840 2769 enim
859 2718 940 2790 post
958 2707 1132 2792 principio
1146 2710 1229 2774 belle

183 2810 249 2873 iate
270 2831 357 2891 puer
380 2808 533 2872 retundit
555 2808 764 2884 Antonium,
795 2820 910 2871 tamen
932 2809 1068 2871 exitum
1089 2832 1232 2895 exopec.

181 2923 258 2974 tare
280 2895 452 2974 debemus.
499 2911 546 2974 At
559 2931 646 2993 quae
667 2911 798 2974 concio!
827 2932 908 2972 nam
928 2922 980 2972 eet
1003 2911 1110 2974 micea
1134 2914 1230 2977 mihi.

181 3015 299 3087 Iurat,
323 3013 460 3076 11αείὸί
489 3011 646 3095 porentia
677 3014 825 3075 honores
854 3010 1016 3095 consequi
1044 3013 1163 3088 liceat,
1198 3026 1231 3077 et

182 3115 287 3177 eimnl
307 3114 469 3178 dextram
497 3114 644 3178 intendit
671 3114 718 3176 od
743 3125 908 3177 statuam.
958 3115 1055 3193 Μηδὲ
1084 3115 1231 3198 σωθείην

182 3210 246 3280 ὑπό
274 3240 310 3299 γε
340 3213 502 3282 τοιούτου.

502 3331 549 3410 d.
572 3353 678 3412 Concio
698 3355 735 3409 ad
754 3355 903 3426 populum.

246 3467 296 3528 Ea
318 3477 365 3528 est
394 3463 503 3528 habita
529 3487 558 3532 a.
584 3467 645 3528 ’118
668 3466 748 3553 (36).
773 3467 939 3549 Augustus
975 3465 1104 3530 devicto
1135 3466 1232 3530 Sexto

182 3567 344 3647 Pompeio
367 3577 537 3650 postquam
560 3567 698 3628 Romam
720 3586 869 3628 reversus
892 3577 991 3641 esset,
1017 3564 1052 3626 in
1075 3567 1230 3631 concione

182 3687 291 3728 rerum
323 3687 448 3726 suarum
479 3675 639 3746 gestarum
669 3665 824 3726 rationem
857 3665 1010 3729 reddidit.
1060 3668 1231 3749 Appianns

183 3766 270 3831 Bell.
285 3764 363 3830 civ.
376 3766 400 3829 l.
414 3768 446 3842 5,
470 3765 541 3831 130.
567 3765 633 3845 Τῆς
647 3761 673 3831 d'
692 3759 845 3846 ἐπιούσης
868 3761 968 3844 αὐτὸς
989 3761 1233 3854 ἐβουληγόρησέ

184 3893 217 3934 τε
240 3873 296 3933 καὶ
315 3861 555 3958 ἐδημηγόρησε,
587 3864 630 3933 τὰ
653 3867 734 3958 ἔργα
757 3873 811 3934 καὶ
836 3865 1086 3950 τὴνπολιτείαν
1108 3868 1232 3933 ἑαυτοῦ

182 3976 234 4040 τὶν
264 3965 317 4036 ἀπ’
354 3965 455 4057 ἀρχῆς
487 3970 519 4046 ἐς
549 3963 621 4035 τότε
651 3965 841 4056 καταλέγων
862 3975 917 4035 καὶ
947 3966 997 4034 τὰ
1028 3963 1232 4059 εἰρημένα

184 4066 459 4164 συγγράψας,
482 4063 721 4158 τὸβζοβλὶον
743 4067 933 4153 ἐξέδωκε.

249 4172 351 4239 Coos.
374 4172 440 4239 Dio
464 4171 555 4238 Cass.
578 4173 601 4237 l.
626 4174 678 4251 19,
705 4175 757 4238 15.
808 4173 973 4237 Dromann
996 4182 1018 4236 1.
1042 4173 1073 4235 t.
1103 4182 1134 4254 p.
1160 4173 1230 4237 267.

184 4275 355 4343 Weiehert
376 4297 408 4359 p.
434 4275 504 4339 122.
