2966 4842
238 365 298 424 ttt

237 522 321 582 ebus
340 519 555 592 turbulente,
584 519 720 582 Tullius
739 518 890 602 copiose:
914 519 1034 581 iamin
1057 517 1193 582 iudiciis
1214 539 1288 582 sae-

240 622 286 684 vit
306 621 398 684 idem
420 623 525 694 Cato,
549 621 742 704 triumphat
765 621 899 694 Cicero;
926 623 1157 684 tumultuatur
1179 621 1288 684 Grac·

235 729 338 801 chus,
364 728 521 790 Galuus
543 727 740 788 rixatur.

298 826 435 892 Calvum
460 847 550 889 unam
570 840 602 890 et
623 826 741 910 viginti
760 826 925 891 orationes
948 824 1135 910 reliquisse,
1159 836 1282 889 certum

235 941 301 1008 est,
325 951 458 1014 quarum
485 928 540 991 vix
563 933 671 994 docem
693 927 763 992 iere
786 931 938 991 habemus
960 927 1114 992 notitiam.

531 1124 558 1182 l.
599 1121 752 1182 Orationes
772 1125 802 1198 in
823 1123 980 1182 Vatinium.

300 1255 404 1322 Causa
422 1252 632 1318 celeberrima
653 1253 767 1331 Calvi,
787 1276 880 1338 quam
899 1254 1085 1318 adolescens
1102 1267 1230 1338 egerat,
1252 1266 1285 1315 ut

234 1381 274 1423 cx
311 1357 508 1441 Quintiliano
546 1368 578 1420 et
611 1353 726 1420 Tacito
757 1365 871 1438 patet.
910 1354 1043 1437 Quintil.
1085 1357 1140 1431 lt,
1178 1360 1216 1435 b,
1253 1365 1282 1419 t.

235 1460 373 1544 Agendi
400 1461 539 1524 initium
563 1460 637 1522 sine
664 1459 769 1523 dubio
791 1460 976 1521 secundum
1005 1457 1094 1522 uires
1119 1459 1284 1543 cuiusque

233 1563 438 1626 sumendum
452 1575 516 1625 est.
563 1565 681 1646 Neque
698 1583 765 1644 ego
778 1581 888 1624 annos
908 1560 1092 1639 definiam,
1116 1583 1193 1624 cum
1214 1563 1283 1626 De-

235 1668 443 1728 mosthenem
464 1685 611 1746 puerum
633 1663 820 1726 admodum
837 1664 990 1727 actiones
1010 1665 1201 1748 pupillares
1222 1667 1283 1727 ba-

233 1768 346 1830 buisse
369 1763 593 1856 manifestum
615 1766 681 1841 sit,
699 1768 775 1829 Gal
782 1785 871 1838 uus,
895 1770 1042 1842 Caesar,
1065 1766 1174 1831 Pollio
1196 1771 1282 1829 mul-

233 1882 307 1930 tum
327 1879 427 1930 unte
449 1867 749 1952 quaestoriam
770 1887 918 1930 omnes
939 1881 1125 1932 aetatem
1147 1870 1282 1952 grauis·

227 1972 317 2034 sima
333 1965 461 2033 iudieia
477 1968 705 2050 susceperint,
725 1979 969 2050 praetextatos
985 1970 1097 2054 egisse
1113 1972 1282 2055 quosdam

228 2074 274 2138 sit
288 2072 475 2148 traditum,
500 2076 628 2137 Caesar
642 2075 826 2154 Augustus
842 2075 914 2138 XII
927 2083 1029 2136 natus
1044 2093 1155 2138 annos
1168 2074 1281 2136 auium

225 2197 291 2259 pro
319 2175 444 2238 rostris
472 2175 676 2237 laudaverit.
723 2174 829 2237 Tacit.
868 2175 918 2239 Dc
948 2176 1132 2239 oratoribus
1163 2199 1193 2239 c.
1225 2177 1279 2239 36.

228 2277 466 2344 Nonodeeimo
495 2277 621 2339 aetatis
649 2297 741 2339 anno
770 2279 811 2339 L.
836 2280 985 2341 Crassus
1008 2281 1046 2342 G.
1071 2279 1280 2352 Carbonem,

226 2401 295 2445 uuo
316 2392 349 2443 et
367 2379 527 2442 uicesimo
543 2381 670 2444 Caesar
687 2380 914 2452 Dolabellam,
939 2383 1050 2442 altero
1067 2392 1099 2442 et
1123 2381 1281 2444 uicesimo

228 2484 370 2549 Asinius
392 2483 502 2547 Pollio
525 2483 562 2545 C.
601 2483 781 2556 Catonem,
823 2503 903 2544 non
926 2485 1109 2544 multum
1130 2494 1279 2546 aetate

226 2585 486 2649 antecedens
505 2585 660 2648 Caluus
682 2585 907 2648 Vatinium
931 2585 975 2647 iis
994 2585 1209 2649 orationibus
1227 2586 1278 2648 in-

226 2688 333 2750 secuti
356 2698 448 2760 sunt,
474 2706 559 2771 quas
582 2684 749 2768 hodieque
770 2708 849 2749 cum
867 2687 1096 2750 admiratione
1114 2689 1279 2770 legimus:

226 2791 307 2852 unde
336 2799 486 2869 apparet,
520 2787 653 2850 Calvum
684 2809 747 2851 non
778 2788 877 2853 multo
908 2788 1059 2853 maiorem
1085 2803 1158 2852 natu
1181 2790 1278 2854 inisse

227 2913 321 2976 quum
339 2887 455 2973 viginti
472 2893 554 2953 duos
569 2911 684 2969 annos,
705 2914 776 2954 cum
793 2889 959 2955 Vatinium
974 2891 1007 2955 in
1024 2891 1072 2955 ius
1088 2905 1276 2957 vocaverat.

227 2995 290 3057 Sed
330 3014 395 3057 uon
431 2993 526 3056 sernel
563 3003 683 3056 tantum
718 2993 882 3057 Vatinium
917 2995 1078 3057 accusavit
1115 2997 1170 3059 sed
1205 3006 1275 3059 ter:

206 3095 362 3178 „primum
389 3117 418 3157 a.
450 3093 509 3158 696
541 3096 629 3172 (58),
655 3094 767 3160 deiude
791 3119 820 3160 a.
846 3097 907 3162 698
933 3099 1020 3176 (56),
1052 3111 1216 3179 postremo
1245 3119 1276 3162 a.

224 3201 286 3261 700
305 3198 386 3277 (bl).
426 3199 534 3282 Atque
558 3198 740 3283 diligentius
762 3221 836 3262 sane
859 3211 931 3262 sunt
952 3222 1007 3263 eae
1030 3221 1141 3264 causac
1165 3200 1277 3264 distin·

225 3301 383 3384 guandac,
407 3320 500 3383 quam
524 3301 627 3364 adhuc
648 3300 767 3364 factum
791 3313 849 3365 est.
893 3301 1020 3364 Ellendt
1047 3313 1154 3383 putat,
1183 3303 1277 3366 Vati·

223 3403 309 3465 nium
331 3421 348 3464 a
369 3400 474 3466 Calvo
493 3402 541 3465 bis
563 3413 761 3466 accusatum:
786 3401 995 3486 prioremque
1018 3423 1144 3464 causam
1166 3403 1197 3464 iu
1221 3425 1276 3467 au-

227 3526 300 3568 num
338 3504 399 3568 696
428 3505 514 3583 (58),
549 3527 619 3569 cum
651 3504 771 3567 Calvus
794 3503 917 3566 XXIV
945 3523 1044 3567 annos
1073 3514 1142 3566 erat
1168 3517 1275 3580 uatus,

222 3607 352 3670 alteram
367 3605 400 3671 in
413 3628 527 3670 annum
544 3609 606 3667 700
620 3607 690 3683 (bt)
708 3607 835 3668 cadere.
867 3605 1034 3670 Wcichert
1047 3617 1149 3670 autem
1161 3629 1195 3690 p.
1215 3609 1275 3672 109

125 3783 130 3796 1
223 3731 283 3772 una
304 3719 421 3772 tautum
446 3708 570 3771 actione
591 3727 608 3767 a
632 3705 736 3770 Calvo
756 3706 923 3771 Vatinium
946 3729 1035 3773 rcum
1057 3709 1176 3773 iactum
1196 3709 1276 3773 dicit

224 3834 306 3877 auno
320 3813 381 3877 699
397 3811 478 3890 (56).
497 3807 640 3873 Orellius
654 3807 729 3872 item
743 3810 776 3871 iu
793 3811 1001 3877 Onomastico
1018 3837 1045 3876 s.
1070 3836 1102 3878 n.
1120 3813 1275 3878 Licinius

223 3917 347 3982 Caluus
375 3910 507 3974 scribit:
533 3931 562 3972 a.
594 3912 655 3976 699
677 3913 821 3994 pluribus
844 3913 1023 3978 actionibus
1045 3918 1084 3982 P.
1108 3915 1274 3978 Vatinium

220 4017 354 4081 ambitus
369 4036 457 4078 reum
472 4012 559 4083 fecit.
598 4016 673 4099 Ego
688 4027 792 4079 autem
808 4015 972 4093 existimo,
990 4015 1183 4082 Ellendtium
1197 4040 1272 4082 vere

218 4119 394 4196 iudicasse,
430 4139 499 4182 curu
530 4117 668 4196 diceret,
708 4140 723 4181 a
749 4117 853 4183 Calvo
884 4142 912 4182 a.
944 4119 1004 4183 696
1034 4119 1104 4199 (58)
1128 4118 1266 4203 primum
1346 4115 1353 4122 ’

219 4219 383 4282 Vatinium
409 4223 445 4282 de
471 4220 501 4283 vi
526 4233 717 4286 accusatum.
765 4221 802 4284 ld
825 4221 1014 4286 confirmant
1045 4221 1175 4286 Scholia
1205 4223 1271 4287 Bo·
