2970 4836
1163 347 1202 408 33

144 511 218 573 iam
239 508 380 590 pridem
409 505 555 586 cognovi
584 516 687 587 atque
719 504 875 566 intellexi
902 515 1005 587 atque
1027 504 1199 578 arbitror,

147 611 400 694 rempublicam
431 628 556 669 curare
584 605 774 680 industrie,
810 627 981 668 summum
1008 607 1200 688 periculum

147 737 236 778 8888.

184 856 322 915 industrie]
355 859 416 900 Calo
434 857 554 900 nobilitati
576 857 665 898 invisus
686 861 746 914 erat,
769 857 822 911 quia
848 859 918 899 nirnis
938 869 1008 909 parce
1030 856 1201 910 rempublicam

222 945 407 989 adriiiuislrabat
429 951 452 988 et
475 958 570 987 ornnem
589 945 670 986 luxum
694 944 867 998 imperatorum
891 945 926 986 vel
947 949 1085 998 praetorum
1106 947 1202 998 proriu-
1256 951 1260 957 “

222 1037 313 1077 ciarum
333 1034 422 1077 acriter
443 1031 631 1090 perstringebat.
657 1033 736 1088 Quare
760 1033 841 1075 multis
864 1033 893 1074 ab
911 1032 1066 1086 optimatibus
1084 1045 1155 1090 aegre
1178 1035 1200 1075 id

221 1123 356 1166 ferentibus
375 1119 398 1164 in
421 1124 456 1163 ius
476 1125 498 1163 et
520 1121 682 1175 suspicionem
702 1124 801 1162 vocatus
821 1125 865 1163 est.

217 1261 249 1320 2.
275 1257 455 1321 Charisius.
480 1257 695 1321 Maturrirnc
716 1278 749 1337 p.
774 1257 847 1317 121.
884 1261 939 1320 M.
959 1261 1045 1322 Cato
1065 1258 1202 1320 dierum

152 1362 329 1423 dictarum
360 1360 401 1420 de
428 1361 611 1421 consulatu
642 1378 725 1420 suo:
763 1359 924 1420 Laudant
953 1379 1005 1420 me
1036 1361 1202 1422 maximis

151 1463 327 1534 laudibus,
353 1473 487 1522 tantum
507 1462 659 1532 nauium,
683 1471 817 1521 tantum
840 1460 1045 1534 exercitum,
1066 1473 1202 1523 tantum

152 1576 384 1628 commeatum
412 1583 479 1625 non
507 1565 688 1642 opinatum
714 1583 787 1624 esse
813 1583 1017 1646 quemquam
1032 1555 1201 1627 hominem

154 1666 359 1727 maturrime
385 1686 591 1745 comparare
616 1664 783 1744 potuisse.

219 1769 322 1831 Idem.
350 1771 439 1830 Tam
465 1766 668 1828 maturrime
694 1767 961 1848 comparavisse.

189 1929 295 1974 laudant
315 1929 364 1988 me]
397 1930 551 1976 relerendum
571 1934 607 1973 est
628 1931 656 1972 ad
676 1931 707 1982 ld,
729 1929 790 1984 quoti
814 1930 940 1972 celerrime
961 1931 1062 1974 classem
1086 1937 1109 1974 et
1134 1945 1202 1974 eier-

217 2021 299 2063 ¹citum
318 2023 453 2073 paraverat,
473 2019 504 2060 ila
527 2022 551 2060 ut
570 2019 639 2061 citius
660 2018 771 2072 opinione
794 2018 898 2060 omnium
922 2019 944 2060 in
964 2017 1102 2072 Hispaniam
1119 2031 1202 2072 perre-

227 2109 299 2158 oiret,
323 2111 378 2149 uta
399 2105 468 2148 Livio
492 2107 592 2150 traditur
612 2086 712 2158 subl,
728 2103 752 2148 8.

220 2254 252 2315 3.
277 2251 458 2314 Charisius.
481 2255 605 2316 Nocte.
626 2275 661 2333 p.
688 2252 760 2313 123.
800 2255 856 2316 Μ.
875 2257 962 2317 Cato
981 2255 1117 2316 dierum
1133 2255 1202 2316 dic-

155 2370 274 2418 tarum
296 2355 337 2415 de
350 2357 533 2416 consulatu
550 2375 634 2419 sua:
655 2353 789 2419 Deinde
802 2367 986 2437 postquam
1004 2358 1205 2418 Massiliam

152 2457 399 2538 praeterimus,
432 2457 510 2518 inde
538 2477 673 2518 omnem
699 2458 843 2517 classem
868 2468 987 2518 ventus
1013 2469 1133 2518 auster
1158 2461 1205 2520 le-

158 2559 214 2621 nis
226 2557 326 2648 fert,
360 2580 454 2620 mare
484 2557 566 2619 velis
582 2557 727 2648 florere
759 2557 891 2618 videres
918 2560 1010 2620 ultra
1037 2560 1204 2640 angulum

159 2662 351 2733 Gallicum,
370 2661 416 2720 ad
435 2659 614 2724 Illimerim
630 2671 731 2742 atque
747 2659 978 2723 Ruscinonem
994 2658 1202 2749 differimur,

155 2763 237 2823 inde
260 2775 357 2824 nocte
380 2782 472 2822 aura
490 2759 649 2850 profecti
668 2778 800 2823 sumus.

192 2925 316 2984 angulum
335 2923 473 2981 Gallicum]
501 2925 584 2968 Livius
604 2922 684 2976 318.
701 2907 786 2968 sirium
806 2923 932 2968 Gallicum
950 2929 1064 2980 appellet.

194 3047 341 3108 Illimerim]
372 3049 543 3116 Intelligendus
559 3054 596 3092 est
611 3050 716 3092 illiberis
734 3049 829 3093 fluvius.
867 3049 977 3094 illiberis
995 3057 1018 3094 et
1036 3051 1145 3096 Ruscino
1163 3054 1206 3096 llu-
1248 3111 1250 3114 ἡ

231 3140 262 3181 vii
282 3143 337 3180 sunt
356 3137 459 3190 Galliae,
483 3139 553 3179 arribo
570 3150 598 3179 ex
617 3137 748 3190 Pyrenaeis
767 3138 888 3181 momibus
908 3140 1093 3192 descendentes,
1114 3146 1136 3183 et
1154 3139 1205 3184 fini·

229 3227 285 3268 tima
309 3227 411 3282 regione
432 3225 454 3267 in
481 3239 547 3269 mars
568 3225 687 3269 Gallicum
712 3241 784 3284 aquas
809 3227 944 3272 fundentes.
986 3228 1042 3269 Vid.
1059 3227 1206 3271 Lindemann

227 3315 255 3354 ad
279 3313 302 3356 h.
330 3314 347 3354 1.
379 3312 452 3355 Uhert
475 3311 553 3355 Gallia
580 3327 603 3366 p.
630 3311 686 3359 122,
735 3315 784 3357 lam
806 3327 834 3357 ex
849 3313 893 3356 hac
917 3313 1021 3358 Charisii
1041 3317 1094 3357 loco
1117 3317 1202 3378 elucet,

227 3401 303 3446 inulta
327 3405 350 3442 el
374 3399 434 3442 bona
457 3400 534 3443 inesse
561 3402 657 3444 editioni
685 3402 848 3448 Lindeinauui.
896 3403 971 3444 Antea
996 3401 1059 3444 enim
1082 3403 1206 3462 legebatur

230 3494 253 3532 el
273 3488 345 3530 illum
367 3487 433 3530 enim
460 3501 503 3540 pro
526 3486 560 3530 ad
580 3486 712 3530 Illiberim.

228 3627 260 3686 1.
285 3623 466 3688 Charisius.
492 3627 695 3688 Necessum.
724 3649 757 3709 p.
787 3627 859 3687 124.
894 3629 949 3688 Μ.
971 3629 1056 3690 Cato
1073 3629 1207 3690 dierum

163 3727 338 3788 dictarum
360 3729 400 3788 de
418 3730 601 3788 consulatu
623 3749 707 3788 suo:
744 3731 816 3790 Eas
837 3749 892 3788 res
915 3749 982 3790 non
1007 3751 1109 3809 posse
1131 3751 1206 3792 sus·

159 3827 277 3902 tineri,
299 3829 366 3890 nisi
381 3851 422 3890 eo
435 3830 616 3911 praesidia
632 3851 761 3911 magna
772 3828 1079 3919 frumentumque.
1112 3835 1205 3895 Nam

157 3932 210 3993 ita
236 3929 354 3991 dicunt
372 3934 488 4012 palam
515 3952 650 3993 necesse
676 3953 749 3993 esse
770 3932 985 3993 obauratum.

185 4090 406 4152 frumentumque]
437 4097 598 4150 supplendum
617 4097 709 4140 videtur
730 4094 864 4148 Intellexi,
885 4109 928 4138 eas
949 4107 991 4138 ree
1010 4096 1073 4146 (eisc
1099 4106 1205 4136 eorum

229 4182 296 4233 ree)
315 4195 365 4224 non
381 4195 456 4238 posse
472 4184 605 4236 sustineri,
626 4183 679 4226 nisi
700 4197 728 4226 so
744 4181 878 4239 praesidia
895 4195 990 4241 inagna
999 4177 1207 4238 frumentumque

228 4269 398 4314 mitterentur.
431 4272 552 4314 Ausonius
575 4271 666 4325 Popma
687 4271 743 4314 baec
766 4269 839 4312 verba
863 4271 890 4311 ad
916 4271 1032 4326 Ilergetes
1052 4268 1143 4322 refert,
1167 4271 1206 4323 qui

207 4409 283 4447 unm
294 4410 416 4450 oneum.
429 4411 507 4462 ruga.
523 4413 554 4451 ea.
563 4409 582 4452 2.
1005 4405 1024 4464 3
