2966 4842
1146 376 1205 438 tlt

155 536 269 598 caleno
290 538 396 610 cultu,
421 533 617 616 ingentibuc
635 535 739 613 plena
753 531 942 594 sententiis.
961 531 1073 595 Nemo
1093 534 1206 596 mirum

153 652 278 718 parcus
300 648 350 698 ect
373 633 505 718 aliquid
526 635 562 696 in
591 631 726 695 actione
756 651 822 694 cua
851 633 956 694 otiosi
985 653 1071 696 ecce.
1111 637 1206 698 nulla

150 757 237 820 pars
259 749 346 813 erat,
371 753 458 822 qttae
481 751 549 798 non
573 751 638 796 cua
658 730 785 796 uirtute
807 743 927 807 claret,
952 735 1054 808 nibil,
1078 735 1115 797 ln
1136 758 1205 819 quo

154 839 295 900 auditor
331 839 404 901 cine
435 837 564 900 damno
596 835 693 897 aliud
725 845 857 917 ageret.
913 835 1040 899 Omnia
1061 835 1203 912 intenta,

152 942 268 1022 aliquo
287 941 452 1022 petentia.
476 960 576 1001 nemo
599 939 712 1020 magis
735 938 769 999 in
799 957 864 998 cua
893 948 1063 1018 potestate
1084 939 1202 1003 habuit

152 1043 367 1104 audientium
388 1039 549 1128 affectus.
598 1039 727 1106 Verum
749 1050 819 1112 ert,
849 1033 943 1122 quod
969 1039 1010 1101 de
1039 1035 1099 1102 illo
1121 1040 1203 1104 dicit

153 1143 267 1206 Gallio
290 1155 425 1205 noster:
448 1161 525 1203 cum
547 1141 690 1216 diceret,
720 1157 837 1201 rerum
864 1141 1076 1221 potiebatur,
1117 1143 1204 1206 adea

153 1261 270 1307 ornnes
293 1245 465 1324 imperata
475 1241 683 1331 faciebant:
705 1259 782 1302 cum
804 1243 860 1303 illc
882 1244 1047 1317 coluerat,
1076 1243 1202 1306 irasce-

158 1347 297 1406 bantur.
321 1345 435 1408 Nemo
458 1357 526 1406 non
548 1344 607 1405 illo
629 1343 759 1403 dicente
781 1338 933 1414 timebat,
957 1365 999 1405 ne
1021 1345 1203 1410 desineret.

155 1449 252 1510 Non
290 1454 365 1518 est,
399 1443 518 1527 qttod
549 1445 671 1506 illum
705 1463 759 1505 ea*
794 1445 881 1518 hic,
918 1462 1024 1528 quae
1052 1445 1205 1526 edidit,

154 1546 421 1610 aestimetist
446 1558 548 1608 stent
570 1545 741 1629 quidem
763 1556 802 1606 et
824 1546 925 1607 baec
947 1547 1202 1630 quibusdam

156 1662 310 1732 grator
332 1668 471 1712 uerum
501 1646 751 1731 eloquentia
783 1646 874 1708 elus
907 1649 1034 1730 tange
1067 1651 1205 1714 maior

154 1759 248 1813 erat
270 1769 390 1834 quam
412 1751 559 1812 lectio.
603 1752 686 1813 Non
708 1751 770 1810 hoc
793 1765 834 1809 eu
852 1750 1013 1830 portione
1040 1751 1092 1813 illi
1112 1753 1202 1815 accl-

92 1892 94 1895 ψ
155 1853 216 1928 dit,
236 1874 306 1935 qua
329 1853 486 1914 omnibus
497 1849 598 1939 fere,
622 1850 744 1933 quibus
767 1851 894 1912 maiori
918 1853 1206 1917 commendationi

155 1965 204 2016 est
225 1953 343 2017 audiri
364 1975 468 2035 quam
489 1952 576 2032 legi,
602 1951 663 2013 ced
683 1951 718 2014 in
740 1952 800 2014 illo
822 1954 924 2034 lange
947 1955 1061 2018 maius
1081 1955 1205 2020 nturi-

155 2076 230 2116 men
253 2067 316 2116 eet.
362 2055 518 2118 Primum
540 2051 752 2113 tantumdem
773 2064 849 2113 erat
870 2053 906 2115 in
937 2057 1073 2120 bomine
1094 2076 1203 2144 quan-

155 2167 228 2217 tum
250 2155 285 2217 in
308 2155 459 2236 ingenio,
486 2153 643 2232 corporis
666 2153 870 2234 magnitudo
892 2155 1095 2236 conspicua,
1123 2178 1203 2222 cua·

155 2255 244 2317 vitac
267 2255 514 2316 valentissimae
535 2254 638 2324 varic.
663 2253 817 2334 quamvis
838 2255 922 2319 haec
942 2256 1035 2318 inter
1056 2279 1092 2320 ce
1117 2278 1202 2324 rara

155 2367 288 2428 coeant,
313 2366 351 2416 ut
372 2355 491 2416 cadem
512 2375 582 2416 vox
604 2365 637 2415 et
659 2353 769 2415 dulcis
790 2353 836 2414 cit
849 2366 883 2416 et
899 2356 1021 2420 solida.
1046 2362 1202 2424 Pronun.

158 2455 269 2530 tiatio,
294 2476 381 2538 quae
404 2455 606 2518 histrionem
626 2465 740 2535 posset
755 2454 957 2534 producere,
980 2469 1097 2522 tamen
1119 2477 1206 2544 quae

157 2555 337 2618 histrionis
364 2567 480 2636 poscet
503 2555 623 2616 videri.
653 2575 714 2616 nec
742 2555 778 2616 in
801 2555 861 2617 illo
881 2558 1070 2640 quidquam
1091 2563 1205 2644 magio

158 2657 350 2730 mirareris,
374 2677 477 2739 quam
500 2657 591 2738 quod
604 2656 771 2738 grauitac,
787 2678 875 2738 quae
895 2658 1013 2721 deerat
1035 2662 1135 2737 vitae,
1150 2683 1208 2728 aa·

157 2758 242 2823 ttoni
270 2769 467 2838 cupererau
495 2758 661 2840 quamdiu
683 2757 773 2818 citra
801 2758 896 2820 iocos
926 2782 963 2820 ce
991 2763 1202 2838 continebat,

157 2859 315 2922 censoria
336 2859 450 2921 oratio
471 2869 560 2920 erat.
607 2858 739 2922 Deinde
760 2859 837 2940 ipsa
860 2880 946 2941 quae
969 2861 1110 2936 dicebat,
1132 2875 1203 2926 meu

157 2961 247 3022 liora
268 2972 368 3022 erant
389 2980 492 3041 quam
514 2980 600 3042 quae
622 2959 761 3020 sciebat.
816 2961 881 3022 Vir
899 2961 991 3024 enim
1012 2964 1204 3042 praeuntis

160 3060 293 3142 ingenii
314 3071 347 3120 ct
370 3060 513 3121 maioris
542 3060 672 3142 ingenii
694 3081 796 3141 quam
818 3060 936 3134 studii,
962 3063 1075 3144 magio
1094 3067 1208 3144 place·

157 3162 215 3222 bat
237 3161 272 3222 in
294 3163 359 3234 bic,
384 3181 471 3243 quae
492 3161 692 3234 inveniebat,
716 3181 819 3242 quam
841 3162 876 3224 in
898 3163 951 3224 bie
973 3183 1060 3245 quae
1081 3169 1205 3228 attule-

158 3273 228 3324 rat.
257 3261 333 3328 Iam
356 3282 435 3322 vero
447 3261 558 3324 iratus
581 3261 794 3324 commodius
815 3262 957 3334 dicebat,
972 3264 1049 3326 ideo
1061 3265 1205 3348 diligen·

159 3362 292 3426 tissime
314 3361 475 3424 cavebant
497 3363 664 3437 bomine-r,
689 3384 730 3424 ne
752 3363 919 3426 dicentem
932 3365 1204 3445 interpellarent.

164 3495 204 3506 —
228 3466 303 3526 Uno
334 3464 389 3525 die
415 3465 572 3546 privatae
606 3467 725 3544 plures
755 3465 892 3544 agebat,
922 3465 1094 3544 publicam
1131 3487 1211 3528 uero

161 3585 348 3647 numquam
369 3565 520 3644 amplius
541 3585 645 3644 quam
667 3584 773 3624 unam
795 3583 865 3624 uno
893 3563 969 3631 dies
1001 3582 1073 3622 nec·
1093 3575 1208 3625 tamen

164 3663 255 3737 scio,
287 3684 387 3743 quem
416 3683 513 3722 reum
545 3663 596 3722 illi
628 3661 815 3746 defendere
847 3660 915 3722 nisi
943 3682 978 3722 ce
1014 3663 1210 3744 contigerit.

163 3762 262 3824 Adeo
285 3781 471 3841 numquam
493 3762 600 3821 ullam
622 3759 803 3822 materiam
825 3759 960 3822 dicendi
987 3763 1055 3825 nisi
1072 3765 1209 3845 pericu·

163 3862 206 3923 lic
228 3861 302 3922 suia
332 3860 461 3922 babuit.
507 3857 586 3922 Sine
614 3860 862 3923 commentario
889 3881 1076 3946 numquam
1102 3864 1212 3937 dicit,

165 3983 225 4023 nec
249 3963 312 4023 hoc
341 3961 589 4022 commentario
611 3973 796 4023 ¹contentus
819 3975 910 4037 erat,
943 3963 978 4023 in
1005 3983 1075 4044 quo
1101 3963 1213 4026 nudae

166 4083 222 4124 rec
242 4073 442 4144 ponuntur3
464 4064 497 4122 ei
519 4059 676 4123 maxima
694 4074 795 4143 parte
813 4051 1089 4144 perscribebatur
1110 4063 1213 4138 acti0‚

165 4163 227 4226 ttu
249 4178 394 4246 quaque,
417 4177 507 4244 quae
540 4163 630 4224 notre
649 4157 720 4224 dici
739 4175 920 4243 poterant,
945 4159 1213 4226 adnotabantur.
