2984 4842
1194 379 1254 440 367

203 533 255 594 vel
286 535 370 614 apud
399 532 616 596 Drurnannuru
650 541 673 594 t.
711 533 741 594 3.
776 553 810 613 p.
839 532 913 606 87..
945 530 998 617 qui
1030 534 1173 610 adnotat,
1213 538 1253 597 ab

202 633 382 698 Hortensio
420 635 451 698 in
488 634 634 699 omnibus
668 634 771 698 carreis
804 656 871 697 rem
910 633 1108 716 optimatium
1144 637 1253 701 delen·

202 757 267 799 sam
289 757 368 805 esse.

265 854 338 920 Cic.
355 879 389 939 p.
415 857 548 936 Quintio
574 861 603 920 1.
648 862 746 940 Quae
769 880 824 921 rec
847 859 882 921 in
905 860 1040 922 ciuitate
1063 860 1151 923 duae
1171 865 1251 944 plu·

202 960 329 1022 rimam
341 974 497 1043 possunt,
522 983 581 1024 eae
603 973 727 1024 contra
749 983 813 1024 nas
835 963 954 1024 ambae
964 962 1116 1052 saciant
1138 964 1174 1026 in
1188 967 1251 1028 hoc

201 1075 367 1144 tempore,
385 1084 521 1125 summa
536 1066 656 1147 gratia
671 1075 704 1126 et
719 1065 924 1148 eloquentia,
945 1086 1093 1148 quarum
1105 1069 1250 1128 alteram

200 1187 333 1242 uereor,
358 1167 505 1228 alteram
529 1178 657 1230 metuo.
704 1167 912 1250 Eloquentia
932 1169 1113 1232 Hortensii
1133 1190 1175 1232 ne
1198 1191 1250 1231 me

201 1267 235 1328 in
259 1267 403 1331 dicendo
426 1268 610 1350 impediat,
636 1269 792 1331 nonnihil
813 1291 1042 1333 commoveor.

264 1387 342 1458 ibid.
368 1411 398 1452 c.
423 1389 455 1451 2.
500 1393 544 1473 Q.
567 1391 756 1454 Hortensio
781 1411 953 1454 summam
976 1389 1111 1476 copiam
1121 1389 1250 1483 facul·

200 1502 371 1574 tatemque
393 1492 528 1556 dicendi
549 1506 679 1556 natura
699 1494 830 1577 largita
852 1505 915 1556 est.

262 1612 340 1677 ibid.
369 1613 421 1675 tt.
467 1614 567 1677 Dicet
582 1615 809 1690 Hortensius,
834 1618 1003 1680 excellens
1026 1617 1168 1700 iugenio
1189 1639 1250 1682 no·

200 1715 331 1778 bilitute
353 1715 625 1781 existimatione.

481 1911 509 1967 5.
551 1910 651 1968 Oratio
671 1929 724 1984 pro
743 1913 782 1970 M.
807 1913 955 1972 Canuleio.

263 2043 331 2104 Pro
356 2040 515 2105 Canuleio
538 2063 674 2105 oravere
695 2043 888 2107 Hortensius
912 2055 1005 2130 atque
1028 2044 1070 2109 C.
1095 2045 1247 2108 Aurelius

203 2141 321 2217 Cotta,
343 2154 378 2204 ut
398 2165 495 2224 supra
513 2143 651 2206 diximus
668 2167 704 2226 p.
726 2146 813 2221 342„
834 2150 889 2210 sed
905 2147 1099 2211 Hortensius
1118 2146 1246 2211 Cottam

201 2244 374 2327 superavit.
424 2243 561 2328 Pighius
590 2246 688 2309 tradit
717 2258 739 2311 t.
764 2249 793 2313 3.
819 2271 851 2329 p.
877 2251 954 2323 287,
978 2251 1030 2312 M.
1059 2248 1266 2318 Canuleium,

197 2346 339 2412 Divitem
370 2351 615 2430 repetundarum
648 2370 735 2410 reum
765 2349 883 2412 facturn
916 2371 984 2413 esse
1016 2373 1046 2412 a.
1077 2353 1135 2414 677
1163 2350 1244 2434 (77).

199 2450 475 2514 Βπιιιηαηπνενο
514 2461 622 2532 putat,
664 2472 730 2513 cam
766 2473 890 2514 causam
927 2463 997 2515 ante
1029 2473 1059 2514 a.
1090 2453 1150 2514 676
1178 2453 1246 2532 (78)
1350 2534 1352 2536 ¹

127 2561 134 2566 “
198 2563 299 2614 actam
320 2574 399 2615 esse.

261 2672 333 2736 Cic.
363 2675 465 2737 Bruto
496 2675 551 2737 92.
607 2677 690 2738 Duo
723 2687 796 2736 tum
829 2677 1040 2737 excellebant
1073 2687 1240 2752 oratores,

196 2775 255 2858 qui
277 2797 328 2838 me
352 2776 512 2838 imitandi
535 2777 724 2857 cupiditate
747 2779 946 2852 incitarent,
972 2781 1073 2841 Cotta
1094 2791 1129 2840 ct
1151 2781 1243 2843 Hor·

194 2877 336 2942 tensius.
370 2911 411 2924 -
444 2879 512 2944 sect
547 2881 698 2943 uideram
730 2881 768 2942 in
807 2880 929 2944 iisdem
962 2881 1077 2944 causis
1106 2891 1146 2943 ut
1174 2902 1242 2962 pro

194 2983 249 3044 M.
267 2981 443 3056 Canuleio,
467 3004 533 3064 pro
549 2985 610 3048 Cn.
634 2983 815 3046 Dolabella
836 2983 1022 3056 consulari,
1048 3003 1125 3044 cum
1140 2985 1242 3047 Cotta

177 3093 181 3096 ’
190 3083 352 3166 princeps
374 3083 551 3147 adhibitus
573 3096 678 3159 esset,
703 3085 838 3168 priores
859 3096 973 3148 tamen
996 3106 1101 3168 agere
1120 3097 1242 3168 partes

193 3185 431 3251 Hortensium.

192 3369 220 3427 6.
262 3369 361 3428 Oratio
375 3389 427 3444 pro
442 3373 495 3431 Cu.
512 3374 645 3432 Cornelio
658 3375 810 3430 Dolabella
823 3373 856 3430 L.
879 3373 900 3428 t.
919 3378 1019 3429 contra
1032 3373 1071 3431 Μ.
1088 3373 1238 3430 Scaurum.

254 3503 336 3568 Acta
358 3516 405 3566 est
424 3525 516 3568 causa
537 3527 566 3568 a.
593 3507 653 3567 676
674 3506 753 3583 (78).
780 3504 861 3569 Cum
875 3504 936 3569 Cn.
955 3503 1240 3571 CorneliusDola·

191 3603 272 3665 bella
287 3627 315 3666 a.
334 3607 395 3668 674
416 3606 484 3685 (80)
502 3619 533 3670 et
552 3609 612 3670 676
630 3609 698 3685 (79)
718 3618 851 3688 praetor
873 3605 1018 3672 Ciliciam
1037 3605 1239 3689 provinciam

191 3717 335 3787 regeret,
374 3729 433 3770 nec
463 3708 614 3772 avaritiae
648 3707 872 3793 nequitiaeque
911 3709 1027 3772 Verris
1062 3707 1159 3794 legati
1192 3708 1239 3770 sui

191 3805 376 3886 restitisset,
395 3812 449 3876 sed
464 3810 573 3891 potius
597 3832 666 3873 eum
693 3811 890 3887 adiuvasset,
912 3821 984 3893 post
1001 3810 1167 3874 redituma
1183 3810 1237 3872 M.

190 3906 312 3973 Scauro
334 3909 366 3973 in
395 3911 545 3976 iudicium
576 3925 708 3976 vocatus
734 3924 765 3976 et
793 3912 824 3975 in
863 3912 991 3974 exilium
1022 3911 1141 3973 eiectus
1175 3919 1235 3970 est.

187 4011 382 4076 Hortensius
402 4014 431 4077 ei
455 4014 558 4078 affuit.
588 4016 711 4088 Luzac,
735 4016 855 4096 Zumpt
878 4025 908 4076 et
932 4007 1073 4076 Orellius
1093 4009 1126 4071 in
1146 4009 1236 4071 Ono·

187 4113 319 4178 mastico
347 4120 403 4180 M.
433 4114 621 4180 Aemilium
652 4115 827 4192 Scaurum,
853 4111 978 4186 Marci,
1007 4110 1062 4195 qui
1083 4109 1234 4192 princeps

185 4228 312 4279 senatus
329 4227 408 4292 erat,
423 4216 523 4279 filiurn
536 4213 729 4300 intelligunt,
744 4217 909 4280 Drnmann
923 4232 1001 4275 vero
1016 4221 1040 4275 t.
1056 4211 1089 4276 2.
1105 4234 1139 4294 p.
1158 4213 1232 4276 664.

185 4319 241 4382 Μ.
265 4318 449 4382 Aurelium
472 4319 639 4382 Scaurum.
