2992 4840
416 492 549 550 Scipiadae
568 507 661 553 rnugno
681 491 808 549 turpi-ebus
827 488 960 534 obiiciebut
978 483 1098 546 Asellus,

418 580 537 624 Lustrum
558 583 602 625 illo
620 595 724 626 censore
744 580 838 623 mulum
857 572 998 636 infelixque
1010 570 1109 632 suisne.

331 724 443 768 Ceterum
463 737 492 768 ex
515 727 567 769 toco
590 725 715 770 Ciceronis
737 729 816 778 patet,
839 736 922 767 errare
940 724 1064 767 Valerium
1082 721 1215 765 Maximum
1232 717 1256 774 t,
1279 719 1301 780 i,

330 806 523 868 suquatur,
556 814 693 858 Africanum
715 814 778 867 (non
799 811 942 856 Mummium
962 810 1093 869 collegam)
1119 812 1221 854 lustrum
1246 823 1301 854 con·

325 900 423 947 didisse.

294 1063 402 1106 lustrum
424 1061 546 1121 condidit]
583 1063 679 1107 Clinton
702 1065 725 1106 in
747 1063 826 1106 Fastis
849 1067 865 1105 t.
882 1060 906 1106 3.
930 1075 954 1117 p.
970 1055 1019 1106 650
1043 1062 1200 1116 cornprobat,
1221 1063 1299 1105 Mutu-

325 1151 398 1192 mium
418 1151 495 1194 attero
515 1164 630 1194 censurae
644 1165 721 1210 auno,
742 1152 764 1194 id
779 1155 831 1204 est,
853 1163 875 1192 a.
892 1143 941 1191 613
955 1146 1026 1203 (111)
1040 1152 1141 1194 lustrum
1153 1149 1297 1193 condidisse.

320 1323 470 1386 Ceterum
494 1327 572 1386 haec
594 1323 754 1405 Scipionis
777 1336 809 1386 et
832 1323 934 1386 Aselli
956 1323 1120 1388 contentio
1142 1335 1204 1386 tam
1226 1323 1298 1386 illu-

254 1425 329 1490 stris
349 1425 429 1502 suit,
454 1439 487 1488 ut
510 1448 527 1488 1
550 1426 733 1491 rhetoribus
758 1426 840 1489 inter
866 1427 1012 1508 exempla
1037 1426 1217 1490 rhetorices
1244 1448 1296 1489 re-

253 1528 405 1590 ferretur.
429 1529 627 1609 Augustinus
642 1529 786 1610 Princip.
800 1530 924 1592 rhetor.
938 1552 972 1610 p.
984 1529 1058 1590 326.
1085 1527 1295 1610 Capperonn.

254 1626 436 1720 ἀμφίδοξος
465 1643 515 1692 est
546 1633 801 1706 controuersia,
838 1632 872 1693 in
902 1653 971 1715 qun
1003 1635 1056 1693 vel
1083 1635 1295 1694 honestatem

249 1754 420 1814 personae
446 1733 627 1816 turpitudo
650 1734 701 1796 rei
725 1737 894 1807 maculat,
926 1736 1016 1796 vetut
1042 1735 1073 1796 si
1095 1733 1209 1814 Scipio
1236 1755 1294 1814 pe-

252 1847 304 1898 tat
325 1837 473 1916 praemii
497 1837 631 1902 nomine
657 1851 801 1901 mortem
826 1836 958 1900 Tiberii
980 1836 1098 1900 Asetti.

504 2129 532 2182 t.
567 2126 666 2183 Oratio
688 2128 725 2184 de
741 2129 863 2199 imperio
883 2128 918 2184 D.
937 2127 1028 2185 Bruti.
1069 2173 1070 2176 ¹

314 2285 428 2348 Oratio
460 2289 497 2348 de
525 2285 660 2366 imperio
692 2290 904 2371 prorogando
929 2286 1057 2350 Decimi
1087 2287 1170 2348 iunii
1199 2287 1291 2349 Bruti

249 2387 279 2449 in
303 2409 416 2448 annum
441 2390 501 2451 619
523 2389 612 2468 (135)
636 2393 748 2452 cadere
773 2390 910 2452 videtur.
956 2391 999 2451 D.
1018 2391 1136 2451 Brutus
1158 2389 1230 2451 inde
1251 2391 1289 2449 ab

247 2511 329 2554 enno
357 2490 417 2551 616
441 2493 542 2570 (138),
571 2514 636 2576 quo
659 2513 740 2555 anno
765 2492 877 2557 consul
896 2503 984 2568 erat,
1008 2491 1040 2553 in
1056 2490 1232 2565 Lusitania,
1261 2505 1292 2553 et

247 2595 286 2653 ah
308 2614 389 2656 anno
415 2594 476 2657 619
499 2592 586 2678 (135)
614 2606 795 2677 prorogato
823 2593 959 2675 imperio
986 2594 1017 2657 in
1033 2593 1191 2675 Hispania
1211 2593 1290 2655 ulte-

245 2694 332 2758 riore
355 2717 510 2776 prospere
535 2697 651 2759 beilum
676 2697 792 2780 gessit,
817 2701 897 2759 unde
919 2699 1027 2760 1622
1052 2698 1142 2776 (132)
1165 2695 1289 2758 rediens

245 2799 283 2858 de
300 2796 462 2858 Lusitanis
487 2812 518 2860 et
541 2799 699 2862 Gallaecis
720 2799 930 2880 triumphavit
953 2812 984 2862 et
1004 2799 1147 2860 Gallaeci
1171 2819 1288 2860 nomen

246 2899 372 2961 meruit.
418 2898 531 2962 Livius
556 2901 643 2982 Epit.
667 2904 720 2965 55.
741 2905 793 2965 56.

171 3051 215 3065 ἢ
308 3003 421 3064 Festus
444 3025 478 3084 p.
496 3005 569 3066 241.
614 3009 787 3070 Potestur.
814 3007 929 3088 Scipio
954 3002 1151 3094 Africanus
1174 3004 1208 3065 in
1231 3025 1284 3077 eu,

243 3125 330 3186 quae
357 3117 407 3168 est
436 3106 477 3168 de
499 3108 645 3189 imperio
670 3111 716 3172 D.
735 3109 850 3171 Bruti.

474 3368 503 3424 8.
535 3367 634 3424 Oratio
652 3370 682 3425 in
702 3357 735 3424 L.
759 3370 908 3425 Aurelium
928 3367 1049 3425 Cottam.

305 3526 352 3586 Ea
375 3547 466 3587 causa
494 3548 557 3590 non
585 3539 656 3590 ante
685 3549 796 3589 annum
824 3527 884 3590 623
911 3527 999 3606 (131)
1030 3537 1099 3588 acta
1123 3536 1187 3600 est,
1212 3547 1282 3586 curn

241 3624 351 3707 Scipio
380 3627 509 3692 Cottam
540 3630 737 3693 accusavisse
768 3631 910 3706 dicatur,
941 3641 1110 3713 postquam
1145 3625 1206 3688 iam
1233 3624 1283 3686 his

238 3730 351 3792 consul
381 3731 487 3794 iuerat
513 3744 544 3794 et
566 3731 795 3816 Carthaginem
813 3732 1079 3816 Numantiamque
1105 3728 1280 3791 deleverat.

239 3843 365 3894 constat
393 3845 513 3908 autem,
541 3856 570 3897 1.
596 3837 658 3896 622
684 3836 774 3913 (132)
801 3857 871 3896 eum
900 3855 941 3896 ex
965 3831 1124 3914 Hispania
1150 3829 1282 3892 rediisse

239 3945 269 3996 et
292 3937 329 3997 de
358 3934 558 3998 Numantinis
580 3937 804 4018 triumphasse.

301 4075 491 4156 Quaeritur,
515 4075 571 4160 qui
594 4075 635 4138 sit
660 4077 702 4138 L.
724 4075 876 4138 Aurelius
902 4076 1011 4141 Cotta.
1058 4074 1211 4158 Plerique
1236 4075 1278 4132 L.

236 4176 414 4258 Aurelium
439 4177 567 4242 Cottam
601 4177 760 4242 consulem
789 4199 818 4241 a.
853 4179 913 4240 610
946 4180 1052 4256 (stt)
1085 4175 1278 4258 intelligunt.
