2958 4840
477 543 506 598 l.
547 539 647 598 Oratio
674 558 727 614 pro
747 543 879 616 synesio.

221 657 293 719 Hac
324 653 470 717 oratione
497 652 681 736 dignitatem
708 656 897 720 senatoriam
925 656 1096 739 impetrare
1125 681 1202 725 con·

158 757 259 820 tendit
277 757 486 837 Symmachus
503 756 655 836 synesio,
680 755 794 820 Iuliani
815 756 898 823 filio.
930 757 1099 823 Senatores
1121 763 1201 828 euim

157 857 211 922 ilia
240 870 357 934 aetate,
391 870 520 940 praeter
549 880 622 936 eos,
667 858 723 944 qui
760 882 875 944 genere
910 883 976 924 eam
1019 862 1201 946 dignitatem

160 959 430 1042 adipiscerentur,
463 960 624 1045 suffragiis
647 975 790 1036 senatus,
826 984 889 1026 uon
913 963 1058 1028 censoria
1081 965 1203 1048 princi·

159 1085 233 1144 pum
256 1074 414 1147 potestate
437 1062 637 1146 legebantur.
662 1064 728 1126 vid.
743 1062 892 1127 Niebuhr
914 1088 947 1147 p.
967 1067 1068 1129 XVI.
1094 1066 1204 1129 Edidit

157 1165 210 1226 M.
234 1177 265 1226 et
287 1166 332 1227 N.
379 1167 453 1228 Huc
475 1166 577 1228 refert
595 1165 703 1229 Maius
727 1165 891 1247 epistolam
915 1167 1095 1246 Symmachi
1118 1170 1141 1231 l.
1168 1171 1199 1245 5,

158 1268 209 1329 ta.
255 1265 536 1344 Oratiunculam,
571 1289 673 1353 qaam
692 1269 856 1350 proxime
877 1268 913 1330 in
935 1281 1058 1331 senatu
1078 1272 1200 1346 habai,

159 1368 206 1429 ari
234 1380 266 1430 te
295 1368 391 1445 misi,
426 1369 467 1431 de
494 1392 562 1454 qua
585 1370 779 1433 Cauterium
801 1382 911 1434 tecum
933 1374 1030 1452 pleae
1051 1373 1204 1436 arbitror

155 1471 373 1532 collocutum.
404 1473 498 1535 Nam
518 1471 678 1553 petitioni
699 1483 839 1534 nostrae
852 1472 1002 1556 ‘auditor
1023 1472 1201 1564 interficit.

156 1573 203 1635 Et
236 1573 391 1656 quamuis
412 1574 520 1636 totius
542 1573 676 1637 ordinis
698 1573 849 1635 secunda
870 1570 1051 1660 suffragia
1073 1578 1203 1657 cepisse

156 1675 352 1750 videamur,
384 1675 418 1736 in
441 1687 474 1736 te
496 1695 565 1736 uno
590 1686 704 1738 tamen
727 1695 897 1738 summam
920 1677 1107 1739 testimonii
1134 1682 1202 1740 col-

155 1780 316 1840 locemus.
363 1777 485 1838 Eodem
519 1775 679 1858 pertinere
715 1775 837 1839 videtur
882 1776 1022 1859 Epistol.
1056 1782 1089 1855 1,
1126 1783 1198 1845 105.

158 1879 342 1945 commisto
365 1878 552 1942 eruditioni
579 1892 659 1940 tuae
682 1879 880 1962 vigiliarum
904 1901 1059 1943 mearum
1084 1895 1203 1945 testem

155 1982 322 2055 libellum,
348 2004 415 2065 quo
434 2001 543 2064 nuper
565 1981 601 2042 in
622 1994 745 2044 senatu
762 1979 889 2044 sustuli
911 1982 1035 2044 ciuium
1057 1985 1204 2048 secunda

156 2079 347 2171 suffugia.

430 2225 459 2282 8.
500 2223 599 2280 Oratio
620 2239 672 2296 pro
693 2223 790 2280 Flavio
811 2223 927 2282 Severo.

220 2333 347 2401 Laudat
370 2335 576 2416 Symmachus
599 2337 773 2411 Severum,
805 2335 861 2420 qui
884 2335 1057 2417 splendidis
1079 2336 1204 2400 iunctus

156 2439 338 2504 muneribus
360 2438 462 2504 lectus
484 2437 606 2503 eratin
629 2450 783 2502 senatum.
828 2436 937 2500 Edidit
960 2440 1012 2500 M.
1037 2449 1067 2500 et
1091 2440 1134 2500 N.

304 2578 332 2634 9.
373 2576 487 2634 Laudes
506 2579 537 2633 in
556 2579 692 2648 Magnum
711 2577 865 2636 Maximum
887 2582 1051 2650 tyrannum.

219 2687 300 2753 Cum
320 2689 526 2752 Theodosius
548 2690 689 2773 Magnus
711 2689 887 2772 imperator
910 2701 1033 2752 creatus
1062 2701 1142 2752 esset
1172 2711 1202 2754 a.

157 2791 238 2854 1132
270 2791 375 2870 (379),
413 2803 444 2852 et
476 2791 657 2872 respublica
694 2791 727 2854 in
762 2793 923 2855 meliorem
954 2803 1066 2854 statum
1097 2791 1202 2874 redigi

156 2891 333 2975 coepisset,
364 2892 506 2978 Magnus
529 2892 676 2957 Clemens
706 2894 869 2957 Maximus
897 2891 927 2956 in
952 2893 1114 2956 Britannia
1144 2893 1203 2955 im-

155 3007 289 3079 perator
307 3007 451 3071 creatur,
476 3007 520 3070 et,
545 2983 691 3080 quamvis
711 2995 914 3061 Theodosius
934 2995 963 3058 ei
982 3009 1100 3072 terras,
1124 3017 1203 3079 quas

156 3109 360 3179 occupasset,
389 3100 597 3175 concederet,
624 3099 705 3160 clam
728 3111 759 3162 et
781 3109 891 3180 aperte
913 3097 1042 3160 insidias
1057 3097 1151 3188 struit
1173 3110 1204 3160 et

154 3222 213 3282 per
234 3199 494 3284 'quinquennium
528 3201 645 3265 bellum
682 3200 821 3264 molitur.
869 3201 932 3263 Sed
961 3222 978 3262 a
1013 3199 1202 3263 Theodosio

156 3301 276 3378 victus,
306 3301 476 3385 Aquileiae
501 3302 626 3366 occisus
649 3315 697 3366 est
720 3325 750 3366 a.
776 3305 855 3366 tttt
879 3303 980 3382 (338).

223 3407 432 3484 Symmachus
448 3406 686 3489 Panegyricum
713 3405 745 3468 in
760 3405 939 3470 Maximum
961 3405 1102 3488 scripsit,
1124 3427 1203 3488 pro-

154 3517 227 3590 pter
250 3529 342 3592 quem
366 3507 424 3572 vix
446 3511 572 3583 aberat,
595 3530 634 3572 ne
658 3507 829 3572 maiestatis
850 3508 1081 3589 postularetur.

221 3607 435 3673 Cassiodorus
462 3609 552 3674 Hist.
585 3609 730 3691 Tripart.
762 3609 784 3672 l.
818 3611 852 3683 9,
883 3610 936 3672 23.
981 3611 1205 3691 Symmachus

156 3711 294 3793 scripsit
331 3712 488 3776 Maximi
531 3715 667 3776 laudem
706 3733 847 3796 eamque
881 3713 1061 3787 recitavit,
1112 3712 1200 3773 uode

153 3825 275 3896 postea
308 3836 388 3876 rcus
425 3837 495 3879 esse
526 3816 718 3878 maiestatis
748 3815 943 3889 videbatur,
981 3814 1200 3898 quamobrem

157 3928 302 3978 mortem
326 3930 478 3980 metuens
500 3917 665 4009 confugit
688 3919 722 3980 in
745 3903 940 3982 ecclesiam.
980 3921 1108 3982 Verum
1135 3916 1198 3977 im·

153 4030 297 4098 perator
320 4022 556 4097 Theodosius,
586 4044 663 4083 cum
691 4025 776 4083 esset
796 4017 1076 4109 perfectissimae
1103 4017 1201 4084 Chri-

156 4112 364 4195 sliauitatis,
390 4119 635 4210 Symmachum
657 4122 843 4186 absolvito
865 4120 1006 4183 crimine
1013 4145 1024 4192 ,·
1059 4143 1201 4205 cumque

157 4223 290 4286 veniam
313 4225 490 4288 meruisset
509 4229 756 4310 Symmachus,
782 4224 1050 4308 apologeticum,
1077 4223 1201 4300 idest,
