2984 4842
1187 351 1246 412 125

170 549 174 560 ,
225 515 299 573 inque
317 511 552 572 luxuriosissimae]
590 515 719 557 Memmius
745 512 834 556 obiecit
853 513 971 564 Lucullo,
1001 515 1063 570 quod
1083 512 1173 558 bellum
1193 527 1247 572 scg-

260 605 322 646 uiler
341 604 471 660 gessisset,
492 603 662 658 mansissetque
682 607 705 645 in
727 603 930 645 lttxuriosissimis
952 603 1021 646 Asiae
1043 603 1182 656 provinciae
1204 616 1247 644 or.

259 692 329 736 bibus
348 692 398 732 otto
417 693 487 746 atque
509 690 623 743 uoluptati
643 691 765 748 indulgere
786 703 856 745 quam
876 691 969 734 hostem
989 691 1112 748 persequi.

254 810 387 874 Servius
406 809 437 871 in
456 808 555 891 Virg.
580 807 717 871 Aeneid.
743 811 779 883 1,
806 809 880 872 261.
903 819 913 877 s
927 809 1036 871 Gaius
1056 808 1247 872 Memmius

191 916 231 978 de
261 915 437 994 triumpha
472 911 625 974 Luculli:
658 911 799 997 Syriaci
833 911 992 986 calccati,
1028 931 1259 994 gemmarum¹

194 1016 323 1080 stellati
345 1015 529 1079 coloribus.

227 1162 332 1221 Syriaci
350 1157 466 1218 calceoli]
504 1161 632 1204 Memmius
657 1161 741 1209 irridet
760 1161 900 1212 Lucullum,
923 1161 984 1216 quod
1010 1161 1117 1205 Asiatico
1140 1167 1248 1206 uteretur

280 1263 368 1307 gerere
390 1249 482 1292 vivendi
502 1252 572 1304 alque
592 1249 687 1292 vestitu.

397 1405 426 1462 3.
468 1403 621 1460 Orationes
641 1405 671 1459 in
692 1403 724 1462 G.
746 1405 851 1460 lulium
873 1404 1038 1462 Caesarem.

258 1519 322 1580 Eas
351 1516 523 1580 Memmius
545 1516 576 1579 in
605 1529 755 1598 praetura
784 1539 815 1580 a.
844 1517 905 1582 696
931 1518 997 1596 (58)
1024 1517 1153 1594 habuit,
1184 1539 1248 1600 quo

195 1642 278 1684 auno
295 1620 464 1683 Caesarem
483 1618 515 1681 iu
531 1619 682 1682 iudicium
705 1618 845 1694 vocavit,
872 1630 905 1681 ut
926 1622 1075 1684 redderet
1093 1619 1248 1684 rationem

195 1735 340 1787 actorum
373 1744 502 1786 suorum
536 1703 764 1807 legumquc'in
794 1721 959 1785 consulatu
985 1743 1066 1786 auno
1094 1724 1154 1786 695
1183 1724 1252 1804 (59)

195 1826 483 1909 promulgaturum.
508 1823 609 1888 Cous.
632 1827 733 1888 Orat.
760 1825 919 1888 Caesaris
942 1847 975 1906 p.
1002 1826 1075 1887 116.

259 1929 347 1990 Suet.
370 1925 465 1991 Caes.
492 1949 521 1989 c.
550 1928 600 1990 st.
648 1931 796 1990 bltnctus
818 1931 1002 1990 consulatu
1023 1931 1061 1991 0.
1081 1928 1252 1992 Memmio

196 2031 369 2114 Lucioque
410 2029 566 2092 Domitio
603 2028 824 2112 praetoribus
858 2031 899 2091 de
936 2029 1128 2112 superioris
1168 2031 1252 2093 anni
1329 2078 1332 2084 .

197 2132 282 2196 actis
313 2130 547 2222 referentibus
580 2132 812 2214 cognitionem
845 2133 980 2194 senatui
1014 2132 1160 2208 detulit,
1191 2153 1251 2194 nec

197 2237 255 2299 illo
293 2234 498 2316 suscipiente
533 2235 716 2318 triduoque
747 2256 811 2316 per
844 2235 965 2296 irritas
1004 2234 1251 2297 altercationes
1346 2316 1348 2320 Ι

197 2338 360 2400 absumta
382 2337 417 2398 in
437 2337 652 2418 prouinciam
674 2337 770 2398 abiit.

262 2439 345 2507 Ibid.
369 2461 399 2500 c.
431 2441 482 2502 19.
529 2443 567 2502 (l.
598 2439 786 2502 Memmius
815 2440 921 2501 etiam
951 2439 998 2499 ad
1026 2439 1195 2522 cyathum
1218 2450 1252 2500 et
1298 2424 1300 2429 ¹

200 2543 315 2608 uinum
347 2541 530 2606 Nicomedi
563 2541 699 2603 stetisse
737 2541 859 2603 obiecit
899 2563 976 2604 cum
1014 2541 1159 2623 reliquis
1189 2562 1251 2603 eor-

199 2645 298 2707 oletis
321 2648 425 2726 pleno
455 2644 607 2707 convivio
647 2643 888 2707 accubantibus
917 2643 1090 2707 nonnullis
1119 2642 1248 2706 urbicis

200 2747 492 2830 negotiatoribus,
518 2767 667 2829 quorum
691 2743 806 2835 refert
831 2745 985 2809 nomina.

264 2849 347 2917 lbid.
370 2871 399 2912 c.
424 2850 476 2911 73.
523 2849 723 2912 Simultates
752 2861 874 2910 contra
897 2851 1009 2909 nullas
1032 2859 1103 2910 tam
1124 2869 1248 2930 graues

202 2953 337 3034 excepit
369 2972 533 3035 umquam
565 2955 711 3024 Cacsar,
748 2964 786 3011 ut
818 2971 885 3012 non
920 2951 1098 3013 occasione
1139 2950 1254 3012 oblata
1310 3017 1313 3022 ¹

203 3056 309 3120 libens
340 3057 536 3137 deponeret.
584 3052 827 3128 G.·Memmii,
860 3053 958 3114 cuius
983 3052 1253 3134 asperrimis

202 3158 489 3221 orationibus
525 3176 593 3218 non
626 3155 759 3218 minore
790 3154 976 3218 acerbitate
1010 3155 1248 3237 rescripserat,

202 3261 307 3322 etiam
328 3258 550 3348 suffragator
579 3280 663 3322 mox
694 3258 915 3340 inpetitione
942 3262 1141 3322 consulatus
1152 3256 1252 3347 fuit.

267 3363 395 3425 Scholia
429 3361 604 3425 Bobiensia
631 3361 663 3423 in
696 3362 791 3424 Orat.
822 3383 857 3442 p.
886 3361 992 3424 Sestio
1019 3384 1054 3444 p.
1083 3361 1155 3424 297.
1201 3363 1255 3424 De

202 3465 289 3527 actis
322 3465 493 3546 loquitur,
527 3486 613 3547 quae
643 3464 762 3526 habuit
793 3463 829 3526 in
858 3467 1040 3526 constrictu
1063 3468 1100 3528 0.
1125 3468 1255 3528 Caesar

203 3565 439 3644 inauspicato,
469 3577 507 3625 ut
529 3566 725 3628 videbatur:
754 3587 823 3648 qua
855 3565 896 3628 de
927 3589 965 3628 re
986 3565 1152 3638 aduersus
1174 3586 1270 3640 eum⁴

205 3676 348 3744 egerant
363 3665 398 3725 in
421 3676 545 3727 senatu
560 3669 598 3727 O.
623 3667 812 3729 Memmius
834 3679 877 3729 et,
890 3672 931 3730 L.
954 3667 1131 3733 Domitius
1152 3689 1255 3749 prae-

205 3775 310 3836 tores,
335 3776 368 3824 et
390 3766 499 3847 ipsius
516 3767 675 3829 Caesaris
697 3768 872 3831 orationes
895 3781 1018 3831 contra
1040 3771 1103 3831 hos
1120 3778 1253 3840 extant,

206 3863 326 3946 quibus
349 3877 381 3925 et
404 3886 470 3927 sua
492 3877 571 3926 acta
592 3867 751 3957 defendit
772 3882 805 3931 et
827 3869 904 3932 illos
928 3872 1130 3932 insectatur.

269 3964 400 4027 Scholia
440 3963 611 4029 Bobicusia
640 3969 673 4029 in
711 3970 804 4033 Orat.
839 3970 870 4032 in
907 3969 1073 4034 Vatinium
1109 3990 1144 4049 p.
1180 3968 1255 4032 317.

206 4067 434 4132 Commiserat
457 4069 594 4130 senatui
616 4089 756 4132 causam
783 4093 882 4134 suam
906 4075 944 4134 C.
969 4074 1113 4143 Caesar,
1137 4068 1252 4146 idest,

207 4181 245 4232 ut
262 4169 302 4231 de
319 4172 394 4253 lege
409 4167 558 4254 agraria
575 4181 695 4250 patres
718 4173 922 4235 iudicarent.
948 4170 999 4234 Ibi
1016 4169 1106 4230 enim
1121 4170 1257 4235 habitae

175 4305 176 4308 ¹
206 4285 286 4336 sunt
297 4285 367 4336 tres
377 4275 456 4338 illae
470 4272 648 4333 arationes
661 4285 782 4334 cctntra
794 4271 988 4338 Domitium
996 4282 1029 4332 ct
1037 4273 1256 4338 Memmium.
