2992 4840
1163 349 1221 412 181

172 505 326 564 adversus
345 499 495 580 impeturn
523 500 686 581 luporiuu.
722 503 837 584 Scipio
857 505 1073 568 Aemilianus
1093 505 1140 566 ad
1157 527 1219 587 po·

168 608 310 688 pulum:
337 602 458 679 Vobis,
484 602 613 685 inquit,
640 605 756 687 reique
775 606 933 686 publicae
949 607 1130 689 praesidio
1152 608 1219 670 erit

171 709 221 782 is,
246 706 346 790 quasi
373 705 487 766 millae
511 706 601 768 cani.

209 851 242 895 od
251 849 381 908 populum]
402 852 424 893 in
439 852 572 894 oraticnem
588 854 615 898 de
635 853 742 898 uteribus
759 855 787 898 ed
800 856 915 910 poputum
933 856 1092 914 fragmentum
1112 855 1217 901 referen-

240 942 295 982 dcuu
316 939 433 982 arbitror.

334 1171 362 1225 1.
398 1169 496 1226 Oratio
520 1171 659 1229 adversus
686 1170 717 1227 Ρ.
737 1171 895 1242 Sulpicium
917 1170 1042 1229 Gallum.

235 1327 352 1392 Oratio
378 1327 525 1390 censoria
553 1350 583 1391 a.
609 1330 670 1390 612
693 1330 791 1408 (142)
815 1329 911 1393 dicta.
957 1332 996 1396 P.
1014 1329 1124 1412 Scipio
1145 1330 1217 1394 Sul·

169 1429 288 1513 picium
314 1428 441 1492 Gallum
464 1430 639 1513 ignominia
663 1431 810 1494 censoria
836 1432 972 1496 notavit.

236 1570 359 1633 Gellius
389 1573 424 1645 7,
454 1571 505 1634 12.
553 1571 697 1635 Tanicis
723 1572 776 1633 ati
802 1572 915 1634 virum
940 1572 1093 1654 prolixis
1122 1575 1217 1636 nitra

171 1671 316 1736 brachia
345 1684 377 1735 et
408 1693 515 1755 usque
549 1674 585 1735 in
614 1674 789 1755 primores
822 1695 945 1737 manas
975 1695 1016 1736 ac
1043 1696 1152 1758 prope
1180 1674 1216 1738 in

171 1775 319 1858 digitos,
345 1777 475 1839 Romae
491 1787 593 1858 atque
613 1776 708 1839 omni
728 1776 764 1839 in
786 1776 889 1840 Latio
907 1774 1214 1868 indecoramfuit.

168 1881 242 1942 Eas
268 1878 405 1940 tunicas
431 1899 559 1959 graeco
587 1879 752 1941 vocabulo
779 1879 891 1941 nostri
917 1874 1128 1965 χειριδωτούς
1154 1901 1216 1964 ap·

164 1983 394 2062 pellaverant.
423 2014 463 2025 —
491 1984 566 2044 Hac
592 1980 799 2063 antiquitate
824 1981 986 2045 inductas
1013 1984 1051 2046 Ρ.
1069 1978 1216 2072 Africa·

167 2103 235 2144 nus
257 2084 357 2145 Pauli
366 2081 432 2171 f.,
462 2082 515 2144 vir
536 2083 693 2146 omnibus
723 2084 821 2147 bonis
844 2084 978 2148 artibus
1002 2095 1106 2167 atque
1121 2085 1216 2147 omni

167 2184 295 2246 virtute
310 2185 512 2266 praeditas,
537 2189 577 2248 P.
594 2185 749 2267 Sulpicio
767 2189 887 2260 Gallo,
905 2185 1037 2249 homini
1051 2185 1210 2264 delicato,

168 2286 258 2348 inter
276 2290 442 2370 pleraque
462 2287 554 2362 alia,
579 2309 666 2372 qaae
690 2289 899 2363 obiectabat,
923 2288 961 2350 id
980 2309 1114 2372 quoqne
1129 2311 1215 2370 pro-

167 2387 231 2450 bro
252 2388 362 2462 dedit,
387 2391 480 2473 qaod
501 2390 627 2452 tunicis
651 2402 809 2453 uteretur·
833 2410 957 2452 manas
983 2401 1075 2453 totas
1098 2391 1213 2472 operi·

167 2489 314 2554 entibus.
359 2493 476 2556 ¹Verba
499 2504 580 2554 sant
602 2495 684 2554 haec
709 2491 899 2574 Scipionis:

232 2652 327 2714 Nam
350 2650 409 2732 qui
433 2650 559 2713 cotidie
578 2661 814 2733 unguentatus
836 2649 1018 2712 adversam
1038 2650 1214 2731 speculum
1235 2695 1268 2730 s

166 2764 328 2840 ornetur,
353 2753 452 2816 cuins
475 2753 661 2835 supercilia
686 2753 879 2828 radantur,
906 2751 967 2836 qai
988 2751 1095 2814 barba
1116 2753 1214 2814 volsa

169 2851 437 2943 feminibusque
470 2855 639 2918 subvulsis
669 2857 837 2930 ambulet,
882 2855 941 2938 qai
977 2855 1014 2916 in
1049 2853 1214 2917 conviciis

166 2956 440 3020 adolescentulas
473 2979 550 3019 cnm
583 2969 760 3030 amatore,
793 2979 872 3019 cam
897 2955 1071 3018 chiridota
1094 2954 1213 3018 tunica

165 3058 314 3121 interior
333 3059 550 3133 accubuerit,
575 3060 634 3141 qai
651 3080 720 3121 noa
741 3057 844 3121 modo
860 3058 1017 3135 vinosus,
1042 3056 1104 3119 sed
1123 3057 1214 3120 viro-

165 3181 226 3222 sus
249 3181 382 3245 quoqne
408 3162 472 3224 sit:
495 3182 615 3224 eumne
641 3161 822 3244 qnisquam
843 3160 992 3236 dubitet,
1016 3159 1099 3243 quin
1120 3159 1212 3222 idem

165 3260 319 3351 fecerit,
344 3265 436 3347 qnod
460 3264 595 3326 cinaedi
605 3262 739 3353 facere
758 3263 895 3326 soient?

200 3461 335 3508 aduersum
349 3464 488 3525 speculum]
502 3468 519 3511 i.
539 3481 561 3514 e.
575 3477 619 3508 vor
635 3467 687 3508 dein
699 3466 805 3522 spieget.
818 3465 886 3509 flend
898 3465 1032 3510 Turseliiu.
1048 3469 1065 3508 1.
1077 3460 1101 3508 1.
1113 3476 1139 3518 p.
1153 3459 1210 3508 ¹8⁰.

202 3621 257 3651 cam
274 3603 399 3652 chiridota
411 3605 509 3668 tunica]
529 3607 613 3653 Gulius
632 3621 677 3652 von
690 3609 783 3652 Becker
796 3608 827 3652 T.
843 3605 868 3651 2.
889 3620 913 3662 p.
930 3603 972 3650 88.
999 3605 1065 3650 idern
1078 3607 1139 3650 lulio
1150 3605 1212 3651 Cae·

236 3697 284 3740 suri
302 3697 470 3745 obiiciebutuc,
507 3697 628 3740 Drumenn
641 3696 716 3738 Rome
730 3695 819 3740 Gesch.
835 3699 851 3740 t.
867 3689 890 3738 ³.
906 3707 930 3749 p.
943 3689 1002 3751 iii.

200 3839 317 3898 interior]
336 3842 414 3896 Lipsii
434 3841 598 3886 coniecturam
619 3842 647 3884 ud
658 3840 736 3884 Taciti
753 3839 838 3886 Annei.
859 3837 909 3892 XI,
933 3835 957 3886 2.
979 3851 1032 3882 sum
1049 3841 1154 3882 secutus.
1184 3836 1210 3878 iu

172 3929 175 3935 ’
234 3929 359 3982 accubitu,
382 3929 472 3989 inquit,
492 3929 532 3971 iiie
552 3942 619 3987 mos,
639 3931 664 3970 ut
683 3941 770 3971 uxores
792 3926 961 3970 recumberent
980 3926 1003 3968 in
1017 3925 1071 3967 sinu
1090 3923 1208 3964 vicorum.

235 4015 280 4059 Sed
300 4021 324 4059 et
344 4018 435 4060 amicae
454 4016 567 4072 puerique
585 4015 707 4058 meritorii
727 4028 772 4058 non
792 4015 861 4056 aliter
883 4011 992 4055 iacebant
1005 4009 1065 4064 apud
1078 4010 1208 4050 amatores.

235 4095 391 4166 tdjvocebant
410 4105 550 4148 interiorem
572 4103 662 4145 iecere.
690 4103 767 4158 itaque
784 4100 862 4155 Scipio
882 4099 960 4156 arguit
982 4109 1037 4140 ecce
1058 4089 1210 4137 ruoiiitiemc

232 4191 342 4236 desubito
362 4193 414 4246 ipso
437 4215 465 4224 -
487 4185 596 4248 inferior
616 4190 696 4245 vulgo.
