2966 4842
1194 355 1253 420 553

351 527 378 584 1.
418 495 704 582 mutationum
725 521 832 582 tisun
852 518 973 576 Neronis
995 519 1096 588 patus.

264 655 379 721 Oratio
410 663 457 717 est
485 649 591 712 habita
620 671 649 712 e.
686 650 742 710 721
782 649 863 727 (33).
907 649 1039 710 Suetoo.
1077 647 1191 710 Tiber.
1215 649 1247 708 5.

202 761 334 822 Nouem
362 767 464 817 natus
492 771 603 813 annos
631 748 835 841 defunctum
864 759 1000 829 patrem
1027 770 1094 828 pro
1124 749 1249 812 rostris

203 858 369 920 laudauit.

476 993 507 1050 2.
528 993 668 1048 Laudatio
688 993 817 1048 funebris
838 990 972 1060 Augusti.

264 1128 313 1188 Ea
335 1136 382 1187 est
405 1121 511 1184 habita
534 1143 564 1183 5.
590 1124 648 1182 757
674 1123 750 1199 (ll).
799 1125 886 1186 Suet.
912 1123 1052 1201 August,
1078 1119 1152 1180 100.
1176 1122 1249 1182 Au·

200 1237 323 1308 gustus
353 1219 522 1309 bifariam
550 1223 713 1284 laudatus
753 1237 825 1298 est,
853 1245 921 1305 pro
952 1221 1035 1283 aede
1058 1221 1140 1284 Diui
1173 1220 1253 1284 Iulii

202 1349 225 1385 α
251 1324 404 1396 Tiberio,
428 1334 461 1384 et
481 1344 548 1404 pro
570 1325 696 1384 rostris
727 1325 894 1386 ueteribus
923 1345 946 1384 a
975 1328 1094 1386 Druso
1122 1320 1252 1384 Tiberii

194 1425 293 1504 filio.
323 1424 390 1487 Dio
401 1422 495 1486 Cass.
519 1423 571 1498 55,
597 1423 651 1485 31.
676 1426 910 1512 Προτεθείσης
928 1426 963 1490 δὲ
987 1425 1043 1502 τῆς
1065 1423 1173 1502 κλίνης
1201 1423 1251 1488 ἐπὶ

204 1528 263 1594 τοῦ
285 1525 507 1612 ὃημηγορικοῦ
527 1519 687 1610 βήματος,
710 1521 776 1590 ἀπὸ
798 1522 857 1610 μὲν
879 1525 999 1592 ἐκείνου
1019 1521 1036 1588 ὁ
1056 1525 1205 1612 Δροῦσος
1222 1548 1253 1590 τι

204 1626 340 1713 ἀνέγνω,
363 1623 429 1692 ἀπὸ
453 1629 488 1692 δὲ
511 1627 574 1692 τῶν
589 1628 704 1713 ἑτέρων
719 1621 866 1710 ἐμβόλων
888 1621 1139 1694 τῶνἸονλίωνὸ
1160 1627 1255 1710 Τιβέ-

206 1755 278 1819 ριος
302 1724 462 1815 δημόσιον
485 1723 524 1808 δή
546 1751 619 1793 τινα
636 1724 722 1793 κατὰ
737 1723 845 1812 δόγμα
861 1725 960 1813 λόγον
974 1725 1110 1820 55505τῴ
1130 1723 1256 1796 τοιόνδε

207 1831 388 1911 ἐπελέξατο.
430 1829 519 1894 Η505
540 1829 652 1912 incipit
675 1831 877 1907 declamatio,
898 1854 963 1898 non
988 1831 1254 1914 ’15555ῑί05551-

207 1933 270 2014 pis,
296 1935 351 1996 sed
373 1930 487 1996 Dionis
510 1955 603 2013 opus.

268 2073 296 2129 ³.
337 2071 446 2135 Oratio,
468 2087 525 2142 qua
542 2074 633 2143 patris
649 2075 762 2143 patriae
781 2073 1005 2142 appellationem
1024 2075 1177 2129 recusavit.

269 2202 318 2264 Ea
339 2212 387 2262 cst
411 2199 516 2262 habita
538 2223 567 2263 5.
590 2201 649 2264 758
673 2204 753 2280 (15),
779 2202 881 2265 altero
904 2201 1030 2282 imperii
1047 2223 1139 2270 anno.
1163 2203 1252 2264 Suet.

209 2303 320 2373 Tiber.
353 2304 403 2368 26.
448 2301 513 2366 Dio
535 2302 626 2370 Cass.
650 2305 703 2378 57,
729 2303 760 2367 8.

270 2464 403 2524 Sueton.
419 2460 532 2524 'libem
557 2463 608 2525 57.
624 2464 667 2524 Ut
689 2463 872 2541 imperium
894 2463 983 2534 iniit,
1008 2475 1040 2523 et
1062 2463 1171 2541 patris
1191 2482 1253 2543 pa·
1331 2546 1332 2550 Ἰ

206 2564 296 2626 triae
316 2563 590 2645 appellationem,
613 2575 708 2626 elne
731 2564 766 2628 in
787 2577 866 2626 acta
886 2585 952 2625 sua
978 2565 1173 2636 iuraretur,
1198 2564 1256 2625 ob·

211 2665 435 2728 stinatissime
459 2666 648 2739 recusauit,
672 2687 714 2727 ne
736 2689 820 2728 mox
843 2667 973 2728 maiore
997 2665 1160 2726 dedecore
1190 2665 1254 2727 im·

205 2767 400 2849 portantis
421 2768 608 2830 honoribus
637 2768 861 2830 inueniretur.
905 2767 1006 2848 Quod
1036 2787 1118 2828 sane
1147 2778 1179 2828 et
1207 2789 1255 2828 ex

209 2870 366 2932 oratione
388 2869 473 2942 eius,
497 2891 600 2951 quam
622 2870 663 2932 de
686 2883 831 2953 utraque
853 2892 890 2933 re
912 2869 1041 2941 babuit,
1060 2868 1177 2951 colligi
1190 2890 1253 2948 po·

209 2983 286 3042 test,
312 2973 363 3031 cel
382 2991 461 3031 cum
487 2971 556 3032 ait:
578 2971 730 3033 Similem
758 2993 794 3033 se
823 2993 957 3052 semper
985 2970 1040 3031 sui
1065 2967 1255 3056 futurum,

210 3094 270 3134 nec
292 3093 455 3154 umquam
479 3084 692 3134 mutaturum
716 3093 941 3146 marescum,
971 3072 1135 3154 quamdiu
1151 3092 1257 3133 sanae

211 3173 332 3235 mentis
343 3170 494 3262 fuisset,
519 3175 580 3235 sed
601 3175 751 3254 exempli
773 3195 880 3236 causa
900 3175 1086 3236 cauendum
1109 3196 1195 3247 esse,
1215 3194 1257 3236 ne

210 3297 247 3338 se
268 3287 410 3338 senatus
432 3275 468 3336 in
490 3287 569 3338 acta
599 3276 802 3358 cuiusquam
831 3275 1034 3358 obligarets
1051 3276 1110 3360 qui
1138 3277 1256 3358 aliquo

212 3399 296 3440 casu
319 3377 449 3440 mutari
475 3391 605 3459 posset.
649 3381 695 3442 Et
725 3400 868 3442 rursus:
900 3379 936 3441 Si
965 3379 1105 3462 quando
1130 3389 1257 3452 autem,

211 3479 337 3562 inquit,
363 3480 404 3542 de
427 3480 579 3543 moribus
602 3481 685 3542 meis
715 3481 901 3563 devotoque
929 3480 1023 3542 vobis
1052 3480 1169 3542 animo
1198 3480 1260 3542 du-

211 3580 400 3642 bitaveritis
422 3582 530 3662 (quod
548 3581 753 3662 priusquam
774 3582 918 3654 eveniat,
943 3592 1042 3662 opto,
1067 3591 1105 3641 ut
1128 3601 1180 3640 me
1202 3601 1257 3641 su·
1301 3623 1304 3626 -

209 3699 352 3758 premas
386 3680 459 3740 dies
496 3681 574 3742 huic
606 3693 757 3741 mutatae
790 3693 919 3741 uestrae
950 3681 991 3740 tle
1020 3701 1072 3741 me
1105 3680 1259 3761 opinioni

211 3778 354 3859 eripiat)
370 3779 455 3840 nibil
474 3781 618 3843 honoris
638 3780 776 3843 adiiciet
798 3780 882 3842 mibi
900 3781 1014 3862 patris
1035 3782 1173 3862 patriae
1193 3802 1255 3861 ap·

209 3881 363 3961 pellatia,
388 3881 479 3944 uobis
501 3893 616 3958 autem
637 3882 862 3964 exprobrabit
881 3895 943 3945 aut
957 3884 1184 3945 temeritatem
1202 3880 1260 3944 de·

216 3982 278 4044 lati
301 3982 384 4044 mibi
406 3983 480 4046 eius
500 3984 715 4066 cognominis
730 3997 792 4047 aut
812 3984 1077 4048 inconstantiam
1092 3983 1261 4046 contrarii

214 4084 255 4146 de
278 4106 329 4146 me
352 4076 485 4147 iudiciij

280 4185 411 4249 Tacitus
436 4187 552 4253 Annal.
579 4193 609 4251 1.
636 4191 687 4252 72.
723 4193 872 4254 Decreta
893 4211 934 4252 50
955 4207 1047 4250 anno
1068 4187 1259 4268 triumpha·

214 4290 263 4351 lia
283 4289 436 4370 insignia
458 4292 549 4355 Aulo
571 4291 754 4368 Caecinae,
778 4297 820 4356 L.
847 4290 1025 4374 Apronio,
1050 4293 1086 4354 C.
1110 4287 1196 4355 Silio
1218 4290 1261 4352 ob
