2970 4836
490 1113 640 1177 INDEX
672 1111 955 1226 ORATONUM.

204 1341 230 1392 1.
254 1337 371 1409 Appius
393 1334 535 1391 Claudius
556 1333 673 1389 Caecus

187 1435 231 1486 -2,
253 1427 290 1498 Q.
314 1426 424 1482 Fabius
445 1425 612 1482 Cunctator
680 1467 1132 1483 ......

139 1511 165 1562 {t
202 1528 229 1582 5.
252 1519 286 1574 Ρ.
310 1519 402 1576 Corn.
424 1517 528 1592 Scipio
547 1517 709 1574 Africanus
730 1519 826 1574 maior
948 1560 955 1575 .
1036 1562 1043 1578 .
1124 1560 1131 1576 .

201 1615 230 1670 1.
253 1611 294 1667 Μ.
318 1599 458 1666 Claudius
479 1609 640 1666 Marcellus
685 1650 1131 1670 ......

201 1705 228 1762 5.
251 1703 289 1774 Q.
313 1703 462 1760 Caecilius
484 1701 620 1762 Metellus
684 1744 1131 1762 ......

199 1799 228 1856 6.
251 1797 292 1854 Μ.
314 1795 443 1852 Porcius
464 1793 540 1854 Cato
594 1836 1131 1854 .......
1212 1803 1245 1854 11

297 1895 324 1947 1.
346 1888 453 1944 Oratio
473 1907 530 1965 pro
550 1888 614 1965 lege
634 1907 687 1943 sua
709 1887 744 1943 de
765 1885 1001 1966 provincialibus
1023 1887 1167 1945 sumtibus
1212 1895 1246 1948 19

293 1989 320 2038 2.
342 1979 450 2038 Suasio
471 1981 503 2036 in
522 1981 618 2055 legem
638 1981 743 2054 populi
864 2021 870 2036 .
950 2022 957 2036 .
1039 2023 1045 2037 .
1126 2023 1132 2039 .
1213 1988 1248 2040 20

293 2079 320 2132 ὅ.
344 2073 451 2130 Oratio
473 2073 508 2128 de
527 2073 593 2147 lege
613 2073 713 2156 Oppia
771 2113 1129 2129 .....
1209 2079 1245 2132 22

296 2171 323 2222 ll.
385 2163 406 2236 „'
479 2184 568 2240 quam
588 2165 662 2222 dixit
681 2165 861 2222 Numantiae
882 2166 961 2240 apud
982 2168 1097 2242 equites
1211 2169 1246 2223 21

294 2263 321 2317 5.
383 2300 397 2330 ,,
477 2258 513 2312 ad
534 2259 676 2335 populum
697 2257 732 2313 de
752 2259 957 2331 triumpho.
1037 2299 1044 2313 .
1125 2299 1132 2312 .
1212 2262 1247 2316 25

292 2353 321 2408 6.
381 2391 395 2418 „
473 2348 1155 2424 neimperiumsitveteri‚ubinovusvenerit
1213 2357 1247 2410 27

297 2435 338 2500 7.‘
382 2481 397 2510 „
475 2437 542 2495 cum
555 2444 586 2496 iu
597 2441 776 2513 Hispaniam
790 2443 893 2519 consul
904 2439 1149 2516 proficisceretur
1212 2446 1248 2502 28

296 2537 323 2589 8.
386 2571 401 2600 „
480 2531 516 2586 de
536 2539 636 2584 sumtu
656 2548 711 2585 suo

296 2629 323 2680 9.
345 2623 470 2678 Diernm
492 2623 639 2678 dictarum
658 2621 694 2676 de
716 2620 873 2676 consulatu
893 2639 948 2675 suo
1040 2661 1047 2676 .
1129 2663 1135 2676 .

277 2720 321 2774 10.
345 2715 453 2771 Oratio
473 2714 509 2770 de
530 2713 691 2771 consulatu
711 2732 766 2769 suo
840 2753 862 2792 ι.
945 2756 951 2768 .
1035 2753 1042 2770 .
1122 2755 1129 2770 .

273 2815 323 2868 11.
346 2809 504 2864 Dissuasio
522 2807 599 2885 legis
619 2805 722 2864 Iuniae
744 2805 778 2862 de
798 2807 984 2866 feneratione
1038 2848 1045 2862 .
1127 2848 1134 2863 .

278 2908 321 2959 12.
345 2901 451 2958 Oratio
471 2900 550 2974 apud
570 2901 771 2958 Athenienses
860 2943 868 2958 .
949 2941 955 2954 .
1037 2941 1044 2956 .
1126 2941 1132 2954 .

277 3003 321 3056 15.
383 3035 398 3065 „
476 3005 582 3050 contra
604 2993 767 3052 Thermum
787 2991 822 3047 de
843 2991 943 3052 decem
964 2989 1134 3048 hominibus

277 3090 322 3144 ill.
383 3128 397 3157 ‚,
475 3086 511 3141 de
530 3085 614 3148 falsis
635 3088 744 3162 pugnis
765 3095 871 3141 contra
891 3083 1055 3140 Thermum
1126 3125 1133 3139 .

278 3184 323 3235 15.
383 3220 397 3250 ‚,
475 3175 510 3236 d'e
531 3181 592 3232 suis
613 3177 775 3234 virtutibus
796 3189 903 3233 contra
925 3177 1131 3233 Thermum.

277 3275 323 3330 16.
384 3312 398 3341 „
476 3269 512 3324 de
533 3271 706 3326 innocentia
727 3290 779 3326 sua
800 3282 907 3327 contra
1126 3313 1133 3327 .

277 3371 310 3420 17
326 3393 355 3404 -
370 3368 415 3420 20.
448 3362 610 3418 Orationes
638 3373 766 3442 quatuor
785 3364 928 3420 adversus
950 3363 1031 3421 Nau.
1055 3364 1133 3420 Acii.

354 3454 598 3511 Glabrionem.
682 3497 687 3510 .
770 3497 777 3511 .
859 3499 865 3511 .
917 3492 953 3509 .,
1035 3497 1041 3510 .
1126 3497 1132 3512 .

232 3623 235 3628 Ι
278 3553 323 3603 21.
345 3547 451 3604 Oratio
472 3549 501 3606 in
523 3547 563 3602 Μ.
585 3548 723 3603 Fulvium
744 3546 932 3604 Nobiliorem
1041 3589 1047 3602 .
1128 3590 1135 3604 .

277 3643 323 3697 22.
385 3680 399 3709 „
478 3639 514 3694 de
535 3643 741 3697 coniuratione
773 3679 1133 3698 .....
1235 3647 1243 3676 ‘

279 3735 324 3789 25.
387 3774 401 3802 ‚‚
479 3731 515 3787 de
536 3734 663 3806 pecunia
683 3733 763 3808 regis
786 3734 929 3788 Antiochi
1043 3772 1049 3786 .
1128 3772 1135 3787 .
1214 3773 1220 3786 .

275 3824 412 3898 ,at-49.
436 3823 597 3882 Orationes
618 3827 774 3881 censoriae
863 3868 869 3881 .

281 3917 328 3972 21.
353 3915 458 3972 Oratio
479 3917 509 3971 in
532 3917 566 3972 L.
592 3915 747 3988 Quintium
767 3917 966 3974 Flamininum
1043 3957 1049 3970 .
1131 3954 1137 3967 .

282 4011 328 4063 25.
389 4047 403 4078 „
482 4011 513 4064 in
534 4008 689 4064 Manilium

280 4101 324 4156 26.
384 4139 398 4167 „
476 4103 505 4155 in
527 4102 668 4162 Nasicam

280 4193 326 4246 27.
388 4229 403 4258 ‚‚
482 4191 510 4246 in
532 4193 567 4248 L.
591 4193 712 4249 Cornel.
735 4193 908 4266 Scipionem
954 4233 961 4250 .
1043 4228 1049 4242 ·
1130 4229 1136 4243 ·

178 4286 184 4295 '
284 4289 328 4342 28.
389 4323 403 4353 ‚‚
484 4283 513 4336 in
535 4284 569 4338 L.
592 4285 747 4340 Veturium
769 4286 804 4341 de
826 4281 976 4341 sacrificio
997 4281 1157 4337 commisso
1215 4291 1251 4344 62
