2970 4836
285 343 326 405 50

322 507 404 552 sinum
427 503 604 564 honorariam]
630 503 786 550 Ebc-cuneta.
822 501 939 546 Similiter
961 504 1022 556 eost
1047 501 1192 546 Ciceronem
1217 505 1240 546 tn
1265 499 1336 546 l’iec·

359 597 427 638 selene
446 609 469 640 c.
490 590 532 642 35.
546 589 705 652 frumentum
724 589 899 636 honorarium.

323 751 369 782 nec
386 737 505 794 privatus
525 733 634 796 quidem]
676 749 708 780 ne
733 748 778 791 pr.
810 747 834 792 q.
862 734 914 778 cod.
944 731 1025 776 Poris.
1056 737 1079 776 et
1106 733 1141 776 sic
1167 737 1232 775 recte
1261 731 1338 775 suasit

358 826 444 870 Heldo.
463 826 549 870 F'lsiuc
567 827 595 868 od
617 823 707 868 Mureti
725 825 784 868 Ver.
805 822 883 866 Lecti.
902 822 934 868 Τ.
954 819 979 866 2.
999 833 1023 876 p.
1042 815 1101 865 ³³5.
1140 819 1210 863 Coos.
1231 819 1337 876 Medwig

358 916 387 958 ed
401 914 454 960 Cic.
469 916 498 960 dc
510 912 578 962 finib.
594 927 617 968 p.
633 909 682 958 816
695 925 750 970 sqq.
787 913 834 956 Sed
852 912 876 954 tc
895 911 1013 954 roccheto
1028 910 1144 967 privatus
1165 909 1249 953 vitium
1263 910 1336 954 tetet:

358 1015 430 1046 senen
453 1002 515 1046 enim
537 1005 612 1046 teret.

355 1229 486 1286 17-20.
520 1229 673 1288 Orationes
697 1231 819 1299 quatuor
840 1229 979 1284 edvereue
999 1227 1128 1286 Meuium
1148 1225 1273 1282 Acilium

715 1321 913 1379 Glabrionem.

357 1439 421 1500 Eas
444 1436 610 1500 orationes
634 1455 717 1499 anno
746 1434 806 1496 565
829 1435 919 1513 (189)
945 1433 1044 1496 dictas
1068 1431 1222 1497 coniicio.
1256 1433 1338 1494 Tes-

290 1541 332 1604 tie
358 1552 406 1602 est
432 1538 547 1601 Livius
574 1538 624 1610 37,
649 1538 702 1598 57.
745 1537 877 1600 Eodem
902 1557 995 1598 anno
1028 1555 1210 1597 censuram
1241 1535 1340 1597 multi

293 1655 326 1705 et
352 1640 440 1704 clari
465 1640 531 1702 oiri
555 1639 743 1720 petierunt.
777 1643 875 1720 Quae
896 1659 952 1700 res
974 1651 1140 1721 tanquam
1161 1638 1196 1698 in
1217 1657 1255 1698 se
1274 1657 1339 1719 pa·

293 1765 371 1806 rum
397 1740 516 1824 magni
542 1739 740 1801 certaminis
770 1761 911 1801 caueam
937 1741 1092 1813 haberet,
1120 1740 1229 1801 aliam
1258 1759 1339 1800 con-

292 1845 479 1910 tentionem
514 1844 622 1904 multo
661 1843 828 1904 maiorem
860 1843 1037 1906 excitavit.
1097 1843 1259 1905 Petebant
1293 1845 1338 1904 T.

295 1947 461 2029 Quintius
482 1943 709 2021 Flaminiana,
739 1947 778 2008 P.
799 1947 977 2009 Cornelius
1003 1949 1065 2011 Cn.
1088 1949 1123 2007 F.
1142 1943 1268 2025 Scipi0,
1295 1947 1338 2006 L.

301 2049 464 2115 Valeriae
495 2050 654 2122 Flaccus,
689 2051 745 2111 M.
778 2048 921 2112 Porcius
950 2051 1055 2122 Cato,
1085 2051 1140 2110 M.
1173 2046 1341 2110 Claudius

298 2153 505 2224 Marcellae,
534 2150 681 2212 Manius
707 2149 840 2212 Acilius
863 2149 1024 2224 Glabrio,
1051 2149 1110 2233 qui
1132 2149 1341 2213 Antiochum

295 2254 341 2316 ad
385 2255 642 2336 Thermopylae
678 2254 885 2334 Aetolosque
925 2251 1108 2314 devicerat.
1174 2256 1215 2317 In
1251 2255 1341 2314 hunc

297 2355 472 2430 maxime,
507 2355 601 2438 quod
638 2357 748 2417 multa
780 2355 965 2438 congiaria
998 2356 1184 2430 habuerat,
1219 2355 1342 2439 quibus

295 2479 460 2542 magnam
489 2469 627 2540 partem
653 2457 831 2520 hominum
861 2459 1054 2541 obligarat,
1071 2456 1191 2547 savar
1220 2459 1342 2540 populi

294 2585 331 2626 se
353 2562 553 2626 inclinabat.
597 2561 640 2625 Id
663 2580 740 2622 cum
766 2583 872 2644 aegre
895 2574 1101 2643 paterentur
1124 2572 1175 2624 tot
1198 2562 1339 2637 nobiles,

207 2673 211 2682 “
295 2685 422 2729 novum
444 2665 512 2728 sibi
534 2665 706 2726 hominem
733 2675 869 2726 tantum
889 2663 1087 2754 praeferri,
1119 2667 1158 2728 P.
1183 2668 1353 2746 Sempro-⁴

296 2767 376 2828 nius
398 2768 576 2828 Gracchus
601 2777 633 2826 et
661 2769 699 2828 0.
725 2768 949 2847 Sempronius
975 2767 1114 2832 Rutilus
1138 2767 1269 2829 tribuni
1290 2769 1340 2848 pl.

297 2869 329 2930 ei
354 2867 444 2928 diem
471 2866 657 2940 dixerunt,
684 2868 776 2950 quod
795 2871 963 2951 pecuniae
984 2869 1102 2952 regiae
1122 2869 1342 2952 praedaeque

296 2968 539 3051 aliquantum,
576 2980 697 3050 captae
726 2971 761 3032 in
792 2972 955 3036 Antiochi
983 2973 1132 3046 castris,
1170 2991 1277 3054 neque
1307 2974 1342 3033 in

301 3071 477 3151 triumpho
502 3071 637 3132 tulisset
661 3092 767 3156 neque
792 3075 827 3136 in
849 3076 1027 3138 aerarium
1053 3074 1238 3138 retulisset.
1272 3078 1343 3138 Va·

298 3173 354 3236 ria
395 3171 593 3234 testimonia
632 3177 829 3256 legatorum
868 3179 1152 3262 tribunorumque
1195 3177 1343 3240 militum

298 3285 410 3338 erant.
469 3277 525 3338 M.
557 3279 643 3338 Cato
674 3289 755 3340 ante
787 3280 877 3342 alios
909 3291 1013 3342 testes
1045 3280 1340 3362 conspiciebatur,

208 3403 213 3414 .
299 3376 397 3440 cuius
420 3377 663 3440 auctoritatem
681 3394 851 3462 perpetuo
877 3393 995 3444 tenore
1017 3381 1106 3443 vitae
1127 3393 1270 3462 partam
1290 3395 1343 3444 to-

299 3499 348 3560 ga
369 3479 518 3542 candida
536 3482 699 3544 elevabat.
744 3486 780 3547 Is
803 3484 921 3555 testis,
950 3504 1038 3566 quae
1059 3503 1143 3543 vasa
1164 3502 1274 3542 aurea
1290 3495 1344 3544 at-

298 3603 363 3665 que
384 3595 553 3663 argentea
578 3586 689 3665 captis
715 3587 840 3648 castris
861 3586 952 3646 inter
973 3585 1083 3646 aliam
1097 3581 1267 3662 praedam
1290 3607 1344 3646 re·

298 3682 395 3766 giam
424 3683 578 3770 uidisset,
610 3707 651 3747 ea
683 3709 719 3748 se
749 3688 785 3748 in
816 3688 992 3767 triumpho
1022 3683 1172 3764 negabat
1204 3684 1342 3749 vidisse.

299 3789 478 3850 Postremo
501 3785 536 3848 in
558 3787 663 3849 huius
688 3789 841 3850 maxime
863 3787 1028 3850 invidiam
1047 3785 1211 3848 desistere
1232 3810 1268 3850 se
1284 3811 1344 3870 pe·

299 3889 421 3952 titione
447 3888 590 3952 Glabrio
613 3889 728 3964 dixit,
757 3890 914 3974 quando,
942 3890 1035 3973 quod
1060 3888 1158 3952 taciti
1182 3890 1344 3973 indigna-

300 4001 423 4056 rentur
449 3991 578 4054 nobiles
604 3993 777 4068 homines,
810 3994 847 4056 id
872 4014 978 4077 aeque
1006 4014 1115 4057 novus
1141 3991 1345 4075 competitor

299 4094 487 4158 intestabili
502 4095 658 4178 periurio
679 4096 876 4160 incesseret.
927 4100 1071 4162 Centum
1091 4095 1239 4158 millium
1257 4095 1343 4156 mul·

300 4207 337 4258 ta
359 4196 520 4279 irrogata
541 4211 629 4262 erat.
674 4200 734 4262 Bis
760 4201 802 4264 de
822 4223 863 4264 ea
884 4224 921 4263 re
943 4213 1112 4264 certatum
1133 4207 1202 4273 est,
1226 4197 1342 4273 tertio,

299 4320 376 4360 cum
414 4300 454 4360 de
481 4301 646 4382 petitione
682 4303 868 4370 destitisset
902 4326 1002 4380 reus,
1036 4323 1097 4364 nec
1121 4302 1274 4382 populus
1304 4301 1345 4362 de
