2966 4842
164 353 168 364 ¹
229 359 291 424 100

227 537 291 580 suo
321 516 396 579 iure
423 527 456 578 et
483 515 659 598 prioribus
694 528 728 580 et
754 515 972 600 sequentibus
1002 521 1272 598 anteponuntur.

228 639 288 682 nec
310 616 424 709 refert
445 618 538 701 quod
560 618 650 681 inter
672 641 708 682 se
730 619 840 700 specie
862 616 1041 705 differant,
1057 639 1135 680 cum
1150 638 1276 700 genere

230 720 456 784 consentiant.
498 721 676 784 astrictior
702 723 844 792 Calvus,
879 719 1152 782 numerosior
1180 718 1276 782 Asi·

229 822 344 894 nius,
368 822 581 902 splendidior
602 826 750 896 Caesar,
773 821 930 884 amarior
952 822 1106 894 Coelius,
1131 821 1277 902 gravior

227 925 370 997 Brutus,
403 925 632 988 vehementior
665 937 698 986 et
722 924 858 1006 plenior
890 935 923 984 et
950 923 1117 985 ualentior
1138 922 1276 986 Cicero:

228 1046 345 1087 omnes
374 1038 489 1086 tamen
514 1026 657 1088 eandem
680 1025 896 1088 sanctitatem
911 1023 1122 1108 eloquentiae
1126 1021 1274 1111 ferunt,

227 1137 266 1188 ut
276 1127 307 1189 ei
321 1127 474 1188 omnium
493 1129 627 1208 pariter
648 1128 754 1190 libros
769 1127 805 1188 in
821 1147 961 1188 manum
976 1126 1152 1198 sumseris,
1170 1123 1273 1198 scias,

227 1229 382 1310 quamvis
403 1229 439 1290 in
462 1229 607 1292 dirersis
628 1229 777 1311 ingeniis
799 1249 874 1290 esse
895 1228 1069 1311 quandam
1091 1227 1211 1289 iudicii
1233 1247 1275 1287 ac

227 1330 413 1392 voluntatis
435 1330 694 1393 similitudinem
716 1343 749 1392 et
770 1331 1024 1410 cognationem.

292 1431 422 1493 Tacitus
444 1433 563 1494 Aunnl.
586 1434 650 1507 XI,
675 1434 706 1494 6.
731 1431 962 1500 meminissent
977 1431 1059 1494 aot
1081 1429 1226 1494 Asinii
1240 1442 1274 1492 et

230 1536 405 1596 Messalae
443 1554 484 1594 ac
514 1535 744 1596 recentiorum
766 1533 915 1596 Arrunti
935 1543 968 1595 et
990 1531 1195 1606 Aesernini,
1229 1531 1277 1594 ad

229 1655 365 1696 summa
384 1649 563 1716 provectos
584 1637 786 1716 incorrupta
808 1635 878 1696 rita
898 1646 930 1695 et
950 1630 1136 1718 facundia.

291 1736 416 1798 Plinius
439 1736 542 1817 Epist.
566 1737 597 1812 6,
622 1737 673 1809 09,
697 1738 729 1800 5.
764 1736 832 1800 Sed
853 1747 886 1797 et
908 1735 1004 1807 illud,
1029 1734 1122 1817 quod
1138 1736 1274 1798 velPol·
1303 1777 1307 1784 ·

227 1836 329 1898 lionis
353 1839 403 1898 vel
423 1849 599 1920 tamquam
621 1837 786 1901 Pollionis
808 1836 942 1918 accepi,
977 1835 1189 1898 verissimum
1211 1849 1274 1898 exss

225 1937 360 2018 perior:
383 1940 565 2001 Commode
588 1939 723 2020 agendo
736 1937 882 2024 factum
903 1949 973 2010 est,
999 1949 1036 1999 ut
1059 1958 1160 2020 saepe
1193 1959 1275 2020 age-

227 2060 311 2114 rem,
337 2059 438 2121 saepe
460 2037 607 2121 agendo,
632 2053 669 2102 ut
692 2041 805 2103 minus
828 2039 1014 2102 commode.

292 2139 507 2219 Quintilianus
532 2145 583 2216 10,
610 2145 645 2216 1,
671 2142 743 2204 110.
774 2145 892 2205 Multa
920 2142 955 2204 in
978 2141 1100 2204 Asinio
1123 2140 1275 2204 Pollione

227 2242 385 2319 inventio,
408 2262 542 2306 summa
563 2243 753 2326 diligentia,
778 2243 864 2306 adeo
887 2255 925 2304 ut
946 2243 1148 2326 quibusdam
1170 2243 1275 2304 etiam

229 2343 338 2406 nimia
358 2344 527 2421 videatur,
552 2358 585 2407 et
607 2346 741 2408 consilii
763 2357 795 2408 et
817 2345 924 2406 animi
948 2345 1052 2418 satis;
1075 2366 1098 2405 a
1113 2344 1224 2416 nitore
1239 2355 1273 2406 et

229 2446 441 2508 iucunditate
469 2447 520 2509 ita
549 2451 650 2530 longe
679 2449 788 2523 abest,
826 2460 865 2509 ut
893 2445 1001 2508 videri
1027 2447 1138 2528 possit
1160 2447 1275 2508 seculo

225 2548 338 2630 prior.

290 2649 367 2718 ibid.
392 2652 441 2724 10,
466 2651 497 2726 0,
522 2652 575 2712 tt.
619 2651 842 2732 Quidergoi
865 2661 1005 2710 nonest
1035 2649 1121 2712 satis
1156 2647 1275 2711 omnia

228 2751 275 2813 sic
297 2751 419 2826 dicere,
443 2752 614 2835 quomodo
637 2754 691 2815 M.
718 2752 852 2814 Tullius
874 2749 992 2812 dixit?
1020 2750 1103 2811 mihi
1135 2749 1272 2832 quidem

228 2853 315 2915 satis
336 2865 434 2926 esset,
459 2854 489 2915 si
511 2853 627 2915 omnia
649 2853 810 2936 consequi
840 2873 989 2934 possem.
1040 2853 1133 2936 Quid
1153 2866 1268 2915 tamen

227 2967 374 3028 noceret,
398 2954 466 3016 vim
488 2955 660 3028 Caesaris,
684 2955 906 3035 asperitatem
928 2956 1052 3030 Cottii,
1085 2956 1108 3016 d
1114 2955 1145 3016 il
1151 2955 1164 3017 i
1171 2975 1272 3036 gen-

227 3057 337 3117 tiam
359 3057 580 3132 Pollionis,
605 3056 770 3118 iudicium
793 3058 887 3120 Calvi
909 3058 1113 3141 quibusdam
1134 3057 1170 3118 iu
1190 3054 1274 3118 locis

227 3159 429 3219 assumere?

263 3317 423 3378 diligentiam
441 3317 575 3376 Pollionis]
614 3321 773 3376 Quintilianus
793 3321 879 3363 iterum
900 3323 915 3366 Ι.
939 3317 979 3373 12,
996 3317 1035 3373 10,
1053 3318 1093 3364 11.
1114 3319 1273 3380 diligentiam

298 3406 349 3448 eius
368 3407 454 3448 laudet.

290 3523 369 3585 ibid.
396 3525 453 3601 10,
479 3527 535 3598 11,
560 3523 612 3586 08.
661 3527 789 3590 Verum
822 3535 859 3584 ut
881 3523 1084 3584 transeundi
1105 3545 1182 3605 spes
1204 3546 1273 3588 non

227 3627 283 3700 sit,
309 3647 438 3708 magna
459 3639 572 3688 tamen.
595 3638 645 3689 est
667 3625 821 3709 dignitas
831 3626 1067 3708 subsequendi.
1103 3629 1158 3689 An
1182 3629 1271 3689 Pol-

229 3729 288 3792 lio
311 3740 344 3790 et
366 3732 533 3799 Messala,
558 3728 618 3811 qai
640 3729 721 3803 iam,
745 3731 905 3792 Cicerone
919 3748 1032 3790 arcem
1055 3740 1187 3790 tenente
1202 3730 1272 3788 elo·

227 3831 400 3915 quentiae,
423 3851 528 3912 agere
550 3843 751 3913 coeperunt,
779 3851 906 3912 parum
934 3829 968 3889 in
992 3830 1062 3891 vita
1078 3828 1272 3910 ,dignitatis

227 3934 429 4007 habuerunt,
453 3953 578 4013 parum
601 3933 647 3993 ad
666 3943 825 4014 posteros
846 3931 980 4014 gloriae
1002 3929 1247 3994 tradiderunt?

290 4071 370 4134 ibid.
396 4074 426 4147 1,
450 4073 481 4146 8,
508 4073 558 4132 11.
582 4070 770 4134 Credamus
791 4070 934 4131 summis
962 4069 1178 4143 oratoribus,
1214 4068 1273 4150 qui

227 4184 378 4234 veterum
399 4184 560 4254 poemata
582 4174 632 4232 vel
652 4170 828 4248 adsedem
851 4192 1034 4236 causarum
1057 4175 1108 4234 uel
1130 4171 1177 4231 ad
1204 4172 1271 4232 elo-

228 4273 384 4352 quentiae
418 4286 659 4337 ornamentum
692 4285 886 4336 assumunt.
958 4273 1052 4336 Nam
1086 4271 1271 4353 praecipue
