2984 4842
288 385 349 448 102

250 601 294 636 s
354 542 467 610 Festus
484 562 516 620 p.
535 535 608 600 153.
654 535 932 618 (Mancipatione
950 531 1155 616 adoptatur)
1173 542 1210 594 ut
1225 528 1339 612 patris

291 645 346 707 sui
368 647 466 704 lieres
488 641 578 721 e(sse
600 641 755 704 desinat:
784 639 845 700 secl
875 639 949 700 cias
980 638 1038 721 qui
1066 635 1241 717 adop)tet,
1264 645 1339 694 tam

291 750 390 808 lieres
412 756 462 806 est
485 743 604 826 qtea(m
629 743 659 804 si
682 765 728 804 ex
750 764 792 804 eo
814 753 915 802 natas
938 751 1040 802 esset.
1086 735 1335 817 Arrogatione‚

293 847 369 931 qui)
399 847 434 908 in
470 857 640 928 potestate
675 844 806 924 alie(na
837 863 906 905 non
935 853 1004 914 est,
1040 838 1261 920 arrogatoris
1286 835 1340 912 fit

292 949 411 1028 filius)
425 960 457 1009 et
473 969 555 1011 sicus
576 950 685 1022 lieres,
711 959 749 1008 ut
767 947 880 1028 p(atet
904 941 1090 1033 manifeste
1112 962 1229 1011 exeo,
1248 938 1342 1022 quod

293 1050 344 1112 ait
372 1052 465 1130 Ser.)
523 1049 694 1132 Sulpicius
723 1049 759 1110 in
788 1070 829 1110 ea
858 1046 1051 1122 oratio(ne‚
1086 1064 1190 1128 quam
1221 1041 1342 1102 habuit

295 1163 418 1214 contra
440 1153 646 1231 Messalam)
666 1173 732 1232 pro
755 1149 915 1226 Aufidia.
994 1211 998 1218 ,

362 1251 516 1335 Sequitur
540 1253 646 1325 locus,
678 1235 814 1334 ex'quo
837 1247 969 1332 probari
991 1258 1115 1330 potest,
1140 1257 1252 1311 contra
1276 1250 1343 1306 Au·

297 1353 403 1417 fidiam
427 1376 535 1416 orasse
560 1353 749 1436 Sulpicium.

362 1455 502 1537 Quintil.
527 1458 564 1530 6,
591 1460 626 1530 1,
652 1456 701 1517 20.
747 1455 815 1518 Sed
836 1454 975 1536 saepius
997 1453 1034 1514 id
1055 1464 1106 1515 est
1120 1450 1343 1524 accusatoris,

298 1571 453 1621 auertere
476 1559 622 1620 iudicem
645 1579 668 1619 a
690 1558 924 1630 miseratione,
946 1574 1015 1637 qua
1036 1575 1117 1615 reus
1141 1553 1186 1614 cit
1201 1573 1343 1624 usurus,

299 1673 401 1742 atque
423 1657 638 1748 adfortiter
667 1657 890 1719 iudicandum
918 1655 1103 1718 concitare.
1150 1654 1257 1718 Cuius
1279 1654 1347 1718 loci

300 1773 350 1821 est
373 1761 478 1820 etiam
509 1782 694 1840 occupare,
726 1779 813 1842 quae
842 1754 1261 1842 dieturnmfacturumoe
1282 1757 1346 1818 ad-

301 1860 494 1923 uersarium
514 1873 627 1942 putes.
673 1861 768 1924 Nam
799 1871 833 1920 et
865 1858 1038 1920 cautiores
1071 1857 1118 1920 ad
1151 1858 1347 1922 custodiam

302 1984 385 2026 suae
409 1962 588 2043 religionis
611 1960 741 2024 iudices
759 1957 871 2047 facit,
895 1972 928 2022 et
949 1960 1104 2043 gratiam
1126 1960 1346 2036 responsuris

302 2062 440 2154 aufert,
464 2085 542 2124 cum
563 2082 620 2138 ea,
644 2082 732 2145 quae
759 2062 939 2144 praedicta
965 2074 1046 2125 sunt
1067 2064 1110 2125 ab
1131 2073 1345 2134 accusatore,

303 2166 391 2238 iam,
416 2165 447 2226 si
465 2186 532 2245 pro
554 2186 614 2226 reo
633 2175 809 2246 petentur,
835 2185 902 2227 non
925 2165 992 2226 sint
1013 2185 1121 2239 nova,
1147 2176 1186 2226 ut
1209 2163 1349 2226 Seruius

304 2267 475 2348 Sulpicius
498 2278 618 2328 contra
633 2266 831 2343 Aufidiam,
858 2286 899 2327 ne
920 2255 1156 2349 signatorum
1174 2287 1216 2328 ne
1238 2265 1349 2348 ipsius

305 2369 487 2431 discrimen
511 2367 693 2431 obiiciatur
715 2368 799 2443 sibi,
820 2379 1035 2451 praemonet.

340 2517 428 2556 contra
446 2509 584 2573 Aufidium]
621 2513 685 2556 Vere
705 2517 759 2568 est,
779 2514 840 2570 quod
862 2513 975 2572 Spalding
994 2514 1128 2558 adnotavit:
1150 2509 1272 2568 „Contra
1287 2514 1351 2568 quod

375 2600 432 2643 lecit
451 2597 630 2658 difficultatem,
651 2601 777 2643 tenendum
805 2607 855 2654 est,
882 2615 935 2644 suin
960 2602 1108 2646 accusatoris
1133 2601 1164 2644 sit
1183 2600 1350 2656 exempturn.“

376 2687 421 2731 iiic
440 2687 506 2730 lorus
526 2688 605 2729 varias
624 2688 736 2731 excitavit
761 2687 869 2731 virorum
892 2688 1019 2732 doctorum
1043 2689 1204 2734 coniecturas.
1238 2689 1353 2746 Spalding

377 2776 405 2817 ud
419 2775 519 2832 Quintil.
537 2769 582 2825 ¹0,
606 2773 627 2825 1,
649 2771 680 2816 22
701 2775 829 2819 oblivionis
847 2779 1006 2820 accusandum
1025 2790 1078 2821 esse
1093 2781 1158 2832 putet
1170 2777 1353 2835 Quintilianum,

378 2875 431 2906 cum
450 2860 556 2904 scribere
576 2860 647 2904 veliet
665 2859 702 2904 tit.
724 2859 841 2905 Valerius
865 2860 982 2906 Messala
999 2869 1088 2908 contra
1106 2862 1242 2924 Aufidiam.
1281 2863 1353 2906 uror-

377 2949 447 2992 scher
467 2948 495 2990 nd
517 2947 617 3003 Quintil.
642 2943 688 3007 10,
716 2948 745 3002 1,
774 2945 805 2990 22
828 2955 923 3004 censet,
949 2952 973 2994 in
998 2949 1107 2994 Aufidiae
1131 2952 1226 2994 nomine
1244 2954 1354 2993 erratum

379 3049 449 3094 esse,
479 3035 511 3077 ite
539 3038 563 3076 ut
591 3036 716 3093 tegendum
744 3037 775 3079 sit
802 3035 908 3080 Seruius
934 3036 1065 3094 Sulpicius
1091 3044 1179 3082 contra
1203 3035 1354 3082 Messalam.

381 3121 476 3165 Ellendt
494 3135 516 3176 p.
535 3121 589 3165 CVI
610 3123 707 3167 scribit:
729 3123 753 3167 Si
772 3123 902 3178 oberravit,
923 3129 947 3169 ut
965 3127 1026 3169 solet
1044 3126 1172 3179 interdum,
1194 3139 1240 3168 non
1261 3125 1356 3167 librarii

380 3211 420 3252 sed
445 3211 551 3253 auctoris
577 3211 708 3264 irretnorin,
736 3213 832 3255 credam
859 3213 937 3267 potius
963 3214 1165 3268 praepositionem
1185 3213 1245 3269 Vb,
1269 3209 1301 3264 1,
1322 3207 1355 3254 20

381 3298 468 3340 iuuturi
493 3297 604 3342 debuisse
630 3312 699 3354 quem
726 3300 845 3343 Messalae
872 3313 958 3344 nomon
984 3301 1091 3355 Sulpicio
1118 3299 1242 3343 substitui.
1280 3299 1357 3356 Igitur

382 3385 506 3444 legendum
532 3389 612 3438 putot:
642 3385 748 3430 Servius
774 3385 905 3444 Sulpicius
928 3399 978 3444 pro
1001 3385 1112 3448 Aufidia.
1155 3386 1358 3430 woutermannus

383 3477 461 3515 sutem
482 3485 505 3526 p.
525 3466 603 3526 210.,
632 3473 720 3528 Zumpt
744 3479 768 3518 et
787 3473 887 3518 Bunneli
912 3475 936 3518 in
956 3476 1036 3520 indice
1055 3473 1184 3518 Nominum
1203 3485 1225 3516 u.
1246 3487 1271 3516 n.
1299 3471 1358 3518 Sut-

380 3559 479 3614 picias,
500 3564 568 3616 etque
587 3560 650 3604 Rob.
672 3562 802 3606 Schneider
819 3561 849 3606 P.
873 3561 896 3606 1.
917 3576 941 3618 p.
963 3561 1004 3608 ⁶2.
1024 3561 1186 3606 assentiuntur
1205 3558 1355 3618 Spaldingio,

385 3646 473 3704 quibus
492 3660 537 3705 ego
555 3650 652 3693 acredo.

378 3766 491 3828 Festus
524 3788 555 3847 p.
588 3767 659 3829 182.
713 3768 809 3832 Orba
839 3768 934 3850 apud
963 3767 1102 3850 poe(tas
1133 3765 1360 3850 significatur

312 3867 452 3949 privata
479 3867 612 3951 aliqua)
639 3889 723 3929 cara
749 3889 918 3950 persona,
954 3869 1049 3952 apud
1070 3879 1247 3943 oratores,
1272 3888 1360 3952 quae

311 3981 448 4051 patrem
463 3968 581 4030 amisit
601 3981 663 4030 aut
685 3982 842 4046 matrem,
870 3982 908 4034 ut
928 3971 1069 4036 Servius
1091 3969 1280 4052 (Sulpicius
1295 3967 1359 4042 ait,

235 4155 269 4168 ..
316 4091 403 4151 quae
425 4070 551 4131 liberos
573 4069 673 4152 quasi
695 4069 829 4150 oc)ulos
851 4073 936 4135 orba
957 4083 1021 4136 eu.

353 4210 536 4268 praelibaret]
572 4213 596 4256 Si
616 4212 682 4256 Festi
703 4217 769 4258 torus
797 4221 863 4260 recte
882 4217 1005 4272 suppletus
1024 4222 1079 4272 est,
1105 4230 1135 4261 ex
1154 4217 1264 4259 oratione
1282 4216 1364 4270 potino

386 4309 456 4350 quain
475 4311 503 4341 ex
526 4298 596 4342 tibris
615 4301 643 4342 de
667 4301 719 4344 iure
739 4302 816 4346 servit
842 4301 942 4358 Sulpicii
967 4305 1039 4349 verbs
1064 4309 1141 4348 sumto
1160 4305 1280 4372 videntur.
1301 4304 1364 4359 quod
