2984 4842
1131 313 1133 318 ⁵
1190 361 1251 424 sss

195 518 301 596 filia,
327 538 404 578 cum
429 515 516 601 ordo
540 508 780 578 matronarum
810 517 910 604 graui
932 515 1062 580 tributo
1084 537 1106 577 a
1128 517 1251 580 trium-

201 622 284 682 viris
297 629 579 691 esset-oneratus,
596 618 838 701 necquisquam
854 619 1009 680 virorum
1018 617 1252 700 patrocinium

200 723 247 786 eis
269 720 532 783 accommodare
560 721 721 791 auderet,
754 741 895 782 causam
906 717 1134 810 feminarum
1155 721 1252 803 apud

173 865 175 872 ·
203 822 408 886 triumuiros
423 835 456 884 et
471 833 668 886 constanter
690 834 723 884 et
734 821 898 913 feliciter
912 822 997 904 egit.
1043 826 1255 905 Repraesen-

200 938 281 987 tata
297 927 388 988 enim
406 925 523 1005 patris
533 922 725 1014 facundia,
751 924 960 1006 impetravit,
984 937 1022 986 ut
1044 925 1158 988 maior
1169 945 1256 1006 pars

208 1031 399 1107 imperatae
426 1026 592 1107 pecuniae
625 1027 675 1088 eis
714 1027 957 1090 remitteretur.
1012 1027 1153 1091 Reciatit
1182 1039 1257 1089 tum

206 1129 363 1192 muliebri
385 1128 495 1210 stirpe
517 1133 560 1209 Q.
586 1129 794 1191 Hortensius
824 1129 997 1212 uerbisque
1012 1128 1119 1206 filiae
1140 1129 1255 1212 adspi-

203 1233 304 1294 ravit.
353 1231 460 1294 Cuius
489 1230 521 1291 si
548 1229 654 1292 uirilis
683 1252 791 1292 sescus
824 1231 956 1313 posteri
984 1231 1061 1293 vim'
1077 1232 1171 1314 sequi
1199 1252 1255 1294 vo-

202 1337 365 1405 luissent,
410 1330 666 1396 Hortensianae
700 1333 912 1414 eloquentiae
944 1344 1042 1394 tanta
1082 1334 1256 1396 hereditas

204 1457 274 1497 cena
291 1434 450 1523 feminae
472 1433 607 1495 actione
629 1434 765 1496 abscisa
786 1455 853 1497 non
876 1447 980 1497 esset.

268 1536 402 1617 Quintil.
423 1541 457 1609 1,
478 1539 513 1608 1,
538 1535 570 1597 6.
616 1537 851 1599 Gracchorum
873 1539 1089 1620 eloquentiae
1111 1541 1257 1601 multum

204 1640 388 1704 contulisse
411 1639 605 1720 accepimus
635 1639 829 1701 Corneliam
859 1651 1023 1713 matrem,
1055 1639 1153 1701 cuius
1175 1640 1255 1703 doc·

203 1745 359 1806 tissimus
381 1763 495 1803 sermo
517 1738 552 1801 in
578 1752 739 1822 posteros
766 1763 899 1824 quoque
927 1753 977 1803 est
1008 1742 1160 1822 epistolis
1182 1753 1254 1803 tra-

206 1845 316 1920 ditus,
333 1857 365 1906 et
381 1845 504 1906 Laelia
520 1846 558 1908 C.
576 1842 663 1918 fllia
684 1842 874 1905 reddidisse
895 1845 930 1905 in
954 1845 1123 1926 loquendo
1136 1855 1253 1927 pater·

205 1967 284 2008 nam
300 1945 507 2028 elegantiam
523 1944 672 2018 dicitur,
698 1957 731 2006 et
745 1946 952 2008 Hortensiae
967 1949 1010 2028 Q.
1027 1945 1126 2020 filiae
1142 1947 1257 2009 oratio

204 2048 299 2130 apud
320 2046 520 2109 triumuiros
544 2045 662 2108 habita
683 2047 811 2128 legitur
837 2067 905 2110 non
927 2059 1063 2110 tantum
1086 2048 1251 2110 insectus

203 2149 382 2213 honorem.

269 2253 360 2314 Haec
384 2250 467 2314 actio
491 2263 554 2313 tam
579 2250 676 2313 fuisse
700 2251 835 2313 celebris
860 2250 1003 2324 videtur,
1034 2262 1067 2312 ut
1091 2249 1256 2332 Appianas

205 2353 311 2415 fictam
326 2351 524 2417 'Hortensiae'
547 2351 725 2416 orationem
744 2352 837 2432 operi
853 2370 910 2414 suo
927 2352 1084 2414 insereret
1102 2351 1253 2416 Civilium

208 2455 364 2517 bellorum
389 2455 445 2517 lib.
468 2457 503 2528 lt,
529 2455 568 2516 32
591 2465 621 2516 et
644 2454 696 2516 33.

457 2631 573 2689 txvn.
615 2630 663 2688 Cn.
687 2629 826 2686 Canutius
846 2630 1003 2686 Dolabella.

272 2760 394 2826 Consul
422 2785 451 2825 a.
484 2763 545 2824 673
572 2759 652 2846 (81).
682 2761 865 2825 Procousul
893 2761 1106 2824 Macedoniae
1136 2783 1164 2825 a.
1195 2766 1256 2826 671

209 2866 289 2944 (80).
315 2863 415 2929 Cous.
444 2865 608 2928 Drumann
633 2876 657 2926 t.
685 2864 716 2926 2.
743 2875 778 2945 p‘.
809 2864 881 2927 661.

442 3038 541 3096 Oratio
562 3045 661 3096 eontra
682 3039 714 3098 C.
736 3039 840 3098 lulium
861 3041 1025 3099 Caesarem.

274 3171 379 3234 Causa
404 3183 451 3232 est
479 3181 546 3232 acta
575 3192 603 3233 a.
632 3172 690 3232 677
718 3171 798 3255 177).
838 3173 915 3235 Vid.
944 3175 1104 3237 Caesaris
1126 3175 1253 3238 oratio.

210 3273 378 3338 Dolabella
393 3284 565 3354 postquam
589 3295 605 3334 a
631 3274 718 3336 Sulla
741 3273 897 3338 dictatore
914 3275 1124 3352 consulatum,
1144 3275 1255 3340 deinde

209 3373 433 3438 Macedoniam
452 3374 651 3455 provinciam
675 3375 858 3457 accepisset,
885 3400 913 3440 a.
943 3376 985 3442 C.
1015 3378 1099 3442 lulio
1119 3377 1258 3442 Caesare

208 3498 280 3539 reus
300 3477 404 3538 faetus
426 3480 671 3560 repetundarum
699 3499 728 3540 a.
757 3479 817 3540 677
840 3478 921 3562 (77),
946 3484 1001 3543 sed
1020 3481 1185 3544 absolutus
1200 3493 1258 3552 est,

208 3578 355 3658 quamvis
382 3579 475 3660 culpa
508 3591 590 3643 esset
617 3590 780 3644 oneratus.
813 3582 1005 3646 Hortensius
1032 3582 1079 3666 (v.
1109 3606 1142 3664 p.
1168 3584 1260 3663 368.)

209 3693 240 3742 61
271 3679 371 3746 Cotta
399 3687 445 3758 (v.
477 3704 510 3763 p.
545 3682 635 3759 311.)
675 3681 899 3760 defenderunt,
928 3688 984 3748 sed
1023 3697 1055 3749 et
1089 3685 1258 3751 Dolabella

210 3781 280 3862 ipse
308 3782 486 3847 orationem
527 3783 608 3847 dixit
648 3783 806 3847 maledicti
846 3786 970 3867 plenam
1000 3787 1033 3849 iu
1072 3785 1253 3852 Caesarem.

210 3885 535 3950 Pseudo-Asconius
559 3887 591 3949 in
614 3887 852 3953 Divinationem
876 3887 908 3950 in
932 3886 1108 3953 Caecilium
1137 3911 1172 3970 p.
1198 3893 1260 3953 110

210 3988 419 4050 commutavit
441 3992 523 4052 hune
546 3987 746 4054 Dolabellam
774 4011 844 4052 cum
871 3991 972 4053 altero
992 3987 1181 4064 Dolabella,
1200 3991 1255 4074 qui

209 4101 341 4170 praetor
372 4088 507 4155 Ciliciae
536 4089 660 4167 fuerat,
694 4103 727 4154 ut
759 4091 951 4156 Perizonius
984 4088 1159 4154 Animadv.
1182 4090 1256 4158 hiet.

208 4215 241 4272 p.
267 4195 317 4257 st.
339 4205 369 4254 et
389 4192 554 4256 Drumanu
579 4201 601 4258 t.
625 4193 655 4254 7.
680 4215 714 4273 p.
733 4195 812 4272 stat.
838 4205 868 4256 et
884 4191 1036 4272 Madwig
1056 4190 1093 4250 de
1114 4191 1258 4256 Asconio

209 4315 241 4374 p.
266 4296 340 4356 109.
361 4292 602 4360 demonstravit.
