2992 4840
1146 379 1205 441 att

230 543 295 602 nali,
315 543 404 588 inimici
426 548 510 588 contra
528 544 650 604 dicarant,
668 557 683 588 a
704 543 813 590 Graccho
835 543 914 599 sotius
937 542 1030 602 legibus
1049 544 1205 598 popularibus

230 631 368 688 insaniaque
390 630 559 689 largitionibus
574 633 694 676 assertant
706 632 828 687 dissipari.
866 632 893 676 ls
915 631 973 678 stit.
993 632 1073 686 priore
1091 630 1206 676 Dissua-

231 718 300 765 sioni
316 718 386 778 legis
403 714 511 778 Aussiae
536 718 625 772 tribui,
645 732 729 777 rosnae
758 724 854 765 secatus
875 725 912 764 cst
930 719 1055 765 Waicbsrt
1070 720 1105 764 Da
1129 720 1205 763 Vario

231 811 300 861 posta
324 819 348 861 p.
364 802 423 850 172.

226 925 258 987 2.
291 923 500 988 Terentianus
531 924 667 988 Maurus
695 947 727 988 v.
756 922 830 989 987.

237 1053 349 1111 11111111
367 1056 392 1110 si
411 1055 612 1124 [1111111111
630 1057 755 1112 scrobs
774 1056 1038 1125 abundesossa
1057 1058 1147 1121 erit,-

238 1146 357 1219 Stirps
375 1149 448 1204 velut
467 1150 541 1204 aista
559 1150 677 1206 disertus
704 1147 885 1208 Gracchus
905 1151 1005 1206 alter
1026 1148 1148 1207 Gaius.

198 1263 331 1312 Gracchus
354 1265 419 1309 alter
443 1264 544 1326 Gaius]
578 1266 659 1314 Locus
686 1269 818 1322 obscurus,
845 1281 917 1326 qnam
945 1269 1043 1315 Servios
1074 1270 1104 1312 at
1134 1268 1204 1327 Vir-3.

231 1353 323 1412 Georg.
344 1351 374 1407 2,
395 1350 443 1398 288
464 1354 520 1398 citat
538 1354 583 1398 boc
607 1356 695 1399 modo:
723 1353 848 1414 „scrobes
865 1357 990 1404 masculini
1017 1361 1072 1400 suut
1097 1355 1203 1413 generis.

232 1441 293 1486 Nam
315 1441 401 1486 Cicero
432 1443 456 1486 ia
481 1441 649 1486 Oeconomicis
673 1443 708 1486 sic
735 1443 792 1487 dicit
817 1450 840 1489 ct
863 1444 963 1487 Plautus
990 1444 1024 1487 sit
1055 1441 1206 1503 Sexagenos

232 1528 346 1572 scrobes·
382 1530 465 1574 Minor
494 1535 573 1574 autem
596 1536 633 1574 est
658 1529 747 1574 Lucani
778 1535 803 1576 ct
829 1529 930 1576 Gracchi
957 1531 1099 1576 auctoritas.
1146 1530 1206 1576 Nam

232 1617 344 1662 lascarus
362 1619 395 1660 ait
413 1615 519 1679 Exigua
530 1618 615 1675 posuit
625 1618 722 1662 scrobe.
747 1615 897 1663 Gracchus:
908 1617 1006 1662 abunda
1012 1614 1091 1677 fossa
1107 1616 1207 1663 scrobis

233 1711 284 1759 est,
304 1706 365 1762 quod
385 1707 518 1760 exemplum
540 1706 563 1748 in
583 1707 730 1750 Terentiano
754 1699 824 1750 est.⁸‘
844 1726 876 1740 -
895 1706 1004 1750 Servium
1024 1718 1135 1764 errasse,
1156 1705 1205 1750 reri

234 1793 311 1837 siruile
331 1796 378 1850 cst,
397 1793 439 1836 secl
458 1793 597 1837 Terentiani
615 1792 688 1837 verbs
706 1792 892 1838 obscurissima.

190 1913 287 1975 sosas]
317 1913 397 1976 fossa
418 1921 456 1962 ast
477 1917 643 1973 participium.
670 1931 772 1976 quocum
790 1917 888 1964 scrobis
909 1917 1024 1964 feminino
1044 1930 1134 1977 gauere
1155 1918 1207 1962 iun-

233 2007 307 2061 gitur.

229 2123 261 2186 3.
295 2122 426 2186 Servius
458 2123 490 2186 in
519 2123 619 2208 Virg.
644 2125 727 2190 Aen.
760 2126 791 2200 7,
822 2125 895 2188 715.
940 2124 1084 2208 Frigida
1114 2124 1207 2188 misit

163 2225 312 2291 Nursia.
346 2223 460 2290 Piceni
481 2224 605 2288 civitas.
643 2226 786 2310 Frigida
807 2239 927 2301 autem,
953 2238 1005 2289 aut
1027 2247 1140 2290 revera
1156 2237 1209 2288 aut

164 2348 324 2391 venenosa
348 2339 379 2390 et
400 2349 531 2392 nocens.
575 2328 722 2392 Gracchi
747 2349 892 2412 namque
917 2329 1039 2412 ubique
1064 2329 1099 2390 in
1128 2348 1208 2391 con·

165 2429 316 2494 tionibus
339 2431 414 2493 sais
438 2433 479 2494 N
484 2430 607 2492 ursan
615 2451 661 2492 os
683 2431 866 2494 sceleratos
888 2432 1156 2512 appellauerunt.

201 2571 323 2634 Gracchi]
356 2576 398 2620 Ti.
419 2581 443 2620 ct
461 2575 490 2620 C.
509 2575 622 2622 Gracchi.
660 2574 711 2618 Cur
731 2578 810 2618 sutem
824 2573 926 2617 Gracchi
940 2573 1058 2618 Nursinos
1077 2575 1209 2618 sceleratos
1258 2554 1260 2556 Ι

235 2665 422 2722 appellaverint,
447 2664 561 2722 ignorare
582 2676 620 2707 mc
642 2661 730 2708 fateor.

230 2783 261 2843 1.
296 2779 441 2846 Isidorus
467 2781 597 2868 Origin.
625 2783 661 2860 2,
686 2782 738 2843 tt.
762 2804 797 2863 p.
822 2781 875 2843 80.
900 2783 938 2844 ed
961 2778 1109 2846 Lindem.
1143 2776 1209 2844 Cti-

167 2903 253 2946 max
271 2915 308 2925 —
323 2897 362 2946 ut
376 2885 472 2966 apud
485 2886 696 2948 Gracchum:
712 2883 868 2948 Pueritin
882 2894 944 2945 tua
958 2881 1208 2946 adolescentiae
1233 2911 1269 2929 -

165 2997 246 3047 tarne
275 2985 609 3049 inhonestamentum
629 2985 742 3076 fuit,
777 2977 1024 3047 adolescentia
1044 2983 1211 3046 senectuti

167 3087 686 3165 dedecoramentum‚‘senecttts
711 3087 763 3153 rei
781 3087 939 3170 publicae
948 3085 1154 3179 flagitium,

203 3233 271 3290 apud
288 3232 442 3292 Gracchum]
478 3235 581 3278 orationi
601 3233 624 3277 in
645 3232 776 3289 Popillium
796 3233 950 3277 inserendum
972 3235 1039 3288 natat
1059 3229 1164 3275 Ellendt.

200 3320 332 3380 pueritia]
369 3323 478 3368 llusehlte
502 3324 524 3366 in
548 3321 616 3367 hnal.
640 3321 764 3365 litterariis
785 3333 809 3376 p.
831 3317 872 3366 99.
898 3321 980 3365 eadem
1002 3318 1075 3364 verba
1098 3331 1127 3362 ax
1148 3317 1213 3362 libro

239 3411 277 3466 qui
297 3409 438 3454 inscribitur
451 3410 562 3454 Nouveau
584 3405 652 3452 traiti
672 3411 700 3453 tle
717 3409 890 3466 diplomatique
903 3408 934 3452 T.
950 3407 994 3452 tlt.
1014 3406 1063 3451 tab.
1077 3401 1107 3452 59
1122 3419 1146 3461 p.
1161 3401 1212 3449 ttl

239 3498 275 3542 sic
296 3498 410 3546 tradidit:
432 3495 461 3544 Ut
478 3495 547 3554 opud
558 3494 722 3542 Gracchum:
739 3495 855 3542 Pueritia
873 3501 917 3542 tua
935 3493 1133 3547 adulescentiae,
1152 3490 1214 3550 adu·

244 3584 364 3630 terrentia
376 3585 499 3629 senectuti
511 3582 753 3637 dedecoramentum,
777 3590 895 3628 senectus
907 3581 1062 3640 reipublicae
1070 3579 1212 3644 flagitium.

233 3707 264 3770 5.
290 3704 410 3769 Cicero
436 3705 473 3766 de
498 3703 641 3767 Oratore
662 3702 698 3777 3,
723 3699 776 3764 56.
812 3699 897 3781 Quid
918 3698 979 3761 fuit
998 3698 1031 3762 in
1049 3698 1216 3771 Graccho,

171 3809 258 3890 quod
279 3829 326 3870 me
349 3827 451 3888 puero
483 3815 570 3868 tanto
597 3825 696 3886 opere
727 3799 890 3866 ferretur?
933 3805 1011 3883 Quo
1032 3821 1084 3862 me
1110 3798 1215 3861 miser
1241 3838 1266 3868 x

170 3907 387 3998 conferam?
409 3930 476 3991 qao
499 3906 656 3968 vertam?
677 3906 713 3968 in
733 3903 1010 3988 Capitoliumne?
1030 3913 1067 3963 at
1071 3896 1214 3989 fratris

170 4009 338 4095 sanguine
362 4008 546 4073 redundat.
580 4027 626 4069 an
652 4006 821 4069 domum?
845 4015 1034 4067 matremne
1056 4011 1095 4061 nt
1117 3994 1218 4058 mise·

170 4133 247 4175 ram
275 4115 520 4176 lamentantem
550 4109 684 4172 rideam
727 4119 760 4170 et
796 4101 993 4169 abiectam?
1041 4099 1131 4179 Quae
1172 4092 1219 4159 sic

171 4215 211 4276 ab
232 4213 291 4278 illo
312 4223 383 4276 acta
402 4231 470 4276 esse
487 4212 670 4281 constabat,
693 4207 812 4283 oculis,
837 4223 935 4277 voce,
959 4209 1073 4282 gestu,
1097 4192 1221 4260 inimici

171 4326 206 4378 ut
229 4313 377 4379 lacrimas
398 4323 506 4376 tenere
527 4333 592 4378 non
616 4319 758 4392 possent.
