2980 4842
270 371 332 433 328

208 575 262 622 f
336 526 489 591 Valerius
504 529 598 591 Max.
617 529 653 603 6,
673 529 710 604 2,
727 530 760 591 8’.
784 527 925 592 Heluius
941 527 1086 592 Mancia
1101 531 1316 604 horminum,

275 631 424 694 libertini
442 629 568 708 filius,
595 631 736 694 ultimae
765 630 946 694 senectutis
968 634 1010 693 L.
1034 630 1199 694 Libonem
1225 636 1320 714 apud

275 753 433 795 censores
455 733 652 796 accusabat.
675 736 716 797 In
739 754 807 816 quo
828 733 1014 795 certamine
1036 754 1113 794 cum
1135 735 1320 816 Pompeius

275 838 433 918 Magnus
454 835 683 897 humilitatem
711 835 743 898 ei
768 847 982 918 aetatemque
1011 836 1249 917 exprobrans,
1277 839 1321 899 ab

274 934 404 1026 inseris
422 936 519 999 illum
533 937 580 998 ad
603 937 836 999 accusandum
858 935 1039 999 remissum
1055 936 1215 1012 dixisset,
1236 942 1319 1002 Non
1348 1007 1360 1036 ,

275 1038 443 1112 mentiris,
467 1039 593 1122 inquit,
619 1041 776 1122 Pompei:
807 1040 904 1102 venio
932 1039 1023 1101 enim
1044 1039 1088 1100 ab
1109 1037 1256 1126 inferis,
1284 1041 1321 1104 in

276 1145 316 1204 L.
338 1140 503 1204 Libonem
530 1153 713 1204 accusator
746 1142 862 1212 venio‚·
892 1141 950 1202 sed
981 1141 1064 1222 dum
1094 1137 1316 1218 illic'moror,

277 1243 346 1306 vidi
357 1255 537 1305 cruentum
549 1245 610 1307 Cn.
628 1242 822 1308 Domitium
843 1243 1105 1306 Ahenobarbum
1121 1243 1319 1336 deflentm,

277 1344 370 1428 quod
383 1367 518 1409 summo
532 1367 658 1428 genere
680 1357 796 1418 natus,
820 1345 1065 1429 integerrimae
1085 1347 1185 1420 vitae,
1203 1367 1323 1410 aman-

277 1447 429 1511 tissimus
458 1449 596 1531 patriae
623 1449 659 1510 in
689 1449 765 1530 ipso
799 1448 985 1512 iuventutis
1004 1448 1109 1541 flore
1142 1461 1203 1510 tuo
1226 1450 1325 1512 iussu

279 1562 367 1613 esset
382 1550 528 1613 occisus.
556 1550 637 1615 Vidi
655 1551 737 1633 pari
758 1551 915 1613 claritate
941 1551 1161 1633 conspicuum
1177 1554 1324 1613 Brutum

268 1653 383 1742 ferro
415 1655 623 1726 laceratum,
660 1665 854 1736 querentem
883 1653 920 1713 id
944 1653 1010 1715 sibi
1032 1653 1134 1735 prius
1154 1651 1323 1734 perfidia,

281 1752 402 1815 deinde
424 1753 528 1816 etiam
544 1755 746 1817 crudelitate
768 1765 830 1815 tua
850 1753 1026 1820 accidisse.
1052 1756 1135 1820 Vidi
1155 1758 1217 1820 Gn.
1239 1758 1324 1818 Car-

281 1855 412 1928 bonem,
429 1856 638 1918 acerrimum
662 1855 831 1936 pueritiae
853 1867 933 1918 tuae
955 1857 1187 1940 bonorumque
1211 1857 1326 1938 patris

281 1957 334 2020 tui
355 1955 595 2042 defensorem,
623 1959 657 2019 in
684 1957 788 2020 tertio
811 1961 992 2020 consulatu
1015 1960 1160 2034 catenis,
1182 1981 1266 2041 quas
1288 1971 1327 2020 tu

282 2059 315 2122 ei
336 2059 432 2122 iniici
452 2060 624 2133 iusseras,
656 2059 826 2134 vinctum,
858 2061 1081 2124 obtestantem
1111 2073 1143 2122 te
1165 2061 1330 2123 adversus

284 2183 384 2225 omne
394 2159 469 2250 fas
499 2183 539 2222 ac
568 2159 691 2250 nefas,
722 2184 799 2223 cum
826 2161 861 2224 in
893 2183 1028 2225 summo
1055 2175 1144 2225 esset
1166 2162 1325 2244 imperio,

284 2284 306 2325 a
328 2276 360 2327 te
389 2264 500 2348 equite
522 2285 668 2327 romano
699 2263 921 2326 trucidatum.
954 2263 1035 2329 Vidi
1069 2265 1188 2327 eodem
1211 2265 1329 2326 habitu

284 2378 317 2429 et
339 2365 508 2450 quiritatu
532 2366 751 2450 praetoriam
779 2367 891 2429 virum
912 2369 1123 2449 Perpernam
1150 2367 1330 2429 saevitiam

284 2480 383 2531 tuam
416 2483 672 2543 exsecrantem,
706 2489 886 2552 omnesque
918 2490 977 2531 eos
1010 2491 1083 2531 una
1109 2491 1186 2532 voce
1215 2469 1330 2550 indig-

286 2583 422 2647 nantes,
447 2572 540 2656 quod
561 2572 750 2635 indemnati
780 2571 843 2634 sub
873 2583 906 2633 te
935 2572 1190 2634 adolescentulo
1217 2569 1331 2632 carni·

280 2672 355 2750 fiee
369 2673 606 2737 occidissent.“
631 2709 672 2720 -
693 2675 849 2738 Obducta
870 2673 941 2736 iam
958 2673 1101 2737 vetustis
1116 2671 1331 2734 cicatricibus

288 2774 453 2836 bellorum
476 2775 625 2838 ciuilium
648 2776 844 2838 vastissima
874 2778 1015 2836 vulnera
1043 2774 1243 2856 municipali
1270 2775 1331 2835 ho-

290 2877 374 2940 mini
388 2877 584 2940 servitutem
603 2889 787 2958 paternam
809 2875 993 2950 redolenti,
1017 2873 1209 2963 effrenatae
1227 2885 1331 2936 teme·

290 2979 417 3054 ritatis,
443 2979 669 3042 intolerabilis
691 2979 852 3061 spiritus,
884 2978 1012 3061 inpune
1033 2999 1195 3041 revocare
1219 2975 1332 3041 licuit.

325 3121 486 3179 formianus]
522 3125 635 3168 Formiae
655 3125 807 3180 municipium
827 3123 898 3168 Latii.

326 3207 355 3251 L.
375 3205 503 3264 Libonem]
540 3209 569 3252 L.
591 3210 730 3253 Scribonius
748 3211 818 3268 Libo,
837 3213 875 3265 qui
896 3223 918 3256 n.
941 3205 989 3252 720
1009 3205 1066 3264 (36)
1086 3213 1169 3252 consul
1189 3212 1266 3252 tectus
1287 3214 1333 3261 est,

361 3297 427 3337 cuius
445 3291 495 3335 tilia
513 3293 586 3360 Sexto
605 3295 722 3349 Pompeio
742 3299 787 3345 Cn.
807 3293 857 3339 filia
876 3301 997 3347 nupserat.

328 3396 373 3442 Cn.
392 3397 531 3442 Domitium
555 3395 756 3456 Ahenobarbum]
794 3397 888 3442 obiecit
912 3397 1009 3439 Helvius
1033 3397 1152 3450 Pompeio
1178 3399 1258 3441 omnin
1277 3411 1337 3444 cru.

362 3487 467 3530 delitatis
485 3455 697 3541 facinormquae
716 3485 780 3530 betto
799 3485 862 3529 cirili
881 3483 980 3528 Sullano
999 3483 1161 3528 commiserat.
1182 3482 1228 3528 Cn.
1255 3485 1339 3530 Domi·

363 3595 419 3638 tium
439 3593 532 3647 proelia
552 3593 639 3636 victum
658 3591 744 3636 occidit
762 3589 890 3644 Pompeius
908 3605 928 3635 ι.
949 3585 997 3634 673
1021 3586 1087 3648 (81).
1105 3590 1187 3634 Livius
1207 3589 1272 3646 Epit.
1293 3589 1335 3634 89.

361 3683 481 3726 nrumann
502 3686 520 3724 t.
541 3675 566 3724 3.
587 3694 611 3736 p.
633 3677 675 3727 ll.
696 3684 713 3723 t.
733 3677 758 3727 6.
777 3693 801 3734 p.
821 3673 880 3722 3³3.

332 3785 450 3844 Brutum]
486 3788 521 3830 Μ.
543 3788 623 3831 lunius
642 3787 730 3830 Brutus
748 3801 762 3829 a
781 3785 898 3840 Pompeio
922 3799 944 3831 ι.
966 3778 1015 3829 676
1034 3779 1088 3839 (76)
1107 3786 1167 3828 elam
1187 3783 1336 3828 interfectus.
1473 3779 1477 3814 Ι

364 3876 485 3919 Dsutnenn
507 3880 524 3922 t.
547 3872 570 3921 l.
592 3887 618 3930 p.
638 3870 696 3918 3⁴5.

330 3980 373 4028 Cn.
396 3978 543 4040 Carbonem]
582 3981 627 4025 Cn.
647 3981 761 4036 Papirius
781 3980 871 4030 Carbo,
898 3981 937 4036 qui
956 3979 1097 4034 Pompeium
1117 3979 1292 4022 adolescentem
1313 3976 1336 4018 in

365 4071 506 4132 gravissimu
524 4083 595 4114 cause
614 4069 766 4121 defenderat,
787 4068 821 4124 (v.
843 4081 895 4126 pag.
914 4062 984 4118 326)
1004 4070 1026 4111 in
1051 4067 1103 4120 ipso
1123 4066 1194 4108 tertio
1213 4063 1337 4108 consulatu

366 4175 389 4204 a.
414 4155 461 4203 672
482 4155 538 4214 (82)
557 4159 586 4201 ab
606 4171 635 4202 eo
654 4163 761 4200 necetur.
782 4158 902 4200 Drusnnnn
922 4161 938 4198 t.
961 4151 985 4198 l.
1006 4168 1028 4209 p.
1051 4147 1098 4197 329
1119 4165 1156 4208 sq.

333 4243 497 4306 Perpernam]
534 4247 569 4290 Μ.
590 4247 714 4300 Perperna
733 4261 756 4289 e.
780 4241 826 4288 682
849 4239 904 4302 (72)
930 4258 942 4284 n
961 4239 1077 4296 Pompeio
1096 4240 1172 4282 victus
1191 4240 1214 4281 ct
1233 4236 1336 4280 occisus.

367 4333 488 4377 Drnmnnn
509 4340 525 4381 Ι.
549 4331 573 4378 b.
594 4347 616 4390 p.
638 4330 696 4380 ³75.
