2976 4844
1164 364 1221 426 131

249 573 296 630 78.
333 571 446 643 Oratio,
473 575 498 629 sl
523 590 553 630 se
576 571 690 631 Coelius
714 573 780 630 trib.
800 576 894 645 plebis
915 575 1130 647 appellavisset.

233 721 412 805 Inscriptio
434 721 596 786 intellectu
615 723 811 788 difficillima.
858 723 1031 806 Quaeritur
1052 727 1134 790 cuim
1154 727 1222 809 pri-

169 849 266 903 mum,
293 849 359 911 quo
385 825 427 889 sit
450 828 568 889 dictum
597 847 670 890 casu
697 829 776 890 trib.
797 829 861 909 pb,
886 827 1087 894 uoruinativo
1112 851 1150 892 au
1171 853 1223 894 ace

168 929 335 994 cusativo.
380 929 450 992 Alii
478 929 564 992 enim
593 929 686 992 aliter
716 932 866 995 sentiunt.
918 933 998 996 Sunt
1027 932 1131 1009 eninr,
1166 933 1224 1019 qui

168 1033 280 1117 legant
307 1032 442 1106 oratio,
474 1033 508 1095 si
533 1054 570 1095 se
600 1035 738 1098 Coelius
767 1035 945 1098 tribunam
972 1037 1082 1118 plebis
1106 1041 1223 1119 appel.

169 1140 290 1198 lasset.
336 1135 391 1198 Sic
418 1135 595 1199 ltlaiansius
619 1157 654 1217 p.
682 1137 744 1198 36:
775 1136 849 1200 item
873 1140 1034 1202 Weberus
1060 1141 1157 1221 pat
1175 1139 1223 1204 in·

168 1237 301 1320 scripsit
330 1238 446 1302 oratio
468 1240 505 1301 in
531 1241 583 1304 M.
602 1239 768 1321 Coelium,
796 1241 827 1302 si
852 1262 887 1303 se
913 1241 1092 1304 tribunam
1114 1244 1223 1324 plebis

167 1340 424 1424 appellavisset.
462 1354 558 1427 atque
592 1344 675 1405 baec
713 1341 898 1406 adnotavit:
930 1342 1064 1408 Coelius
1094 1344 1220 1408 titulum

170 1445 294 1508 tribuni
320 1457 553 1527 usurpaverat:
581 1467 654 1508 cum
680 1450 764 1526 apud
788 1445 997 1509 Macrobiuna
1020 1459 1150 1511 senator
1176 1447 1224 1510 di·

170 1560 262 1612 catur
283 1569 346 1611 noo
366 1547 534 1629 ignobilis,
557 1548 694 1612 sortasse
717 1547 879 1612 coniicere
897 1548 1008 1624 licere,
1030 1571 1101 1613 eum
1120 1571 1224 1632 prop·

169 1664 220 1714 ter
244 1649 448 1715 commissum
473 1651 551 1714 illud
574 1652 687 1714 falsum
714 1673 731 1714 e
757 1664 865 1714 senatu
889 1664 1009 1715 motum
1035 1671 1117 1718 esse.
1143 1674 1223 1737 qna·

169 1767 307 1836 propter
342 1753 520 1818 censoriam
560 1775 628 1817 csse
670 1753 831 1817 existimat
873 1753 1069 1818 orationem.
1128 1759 1224 1819 Hanc

171 1857 249 1919 mihi
269 1856 518 1938 explicationem
540 1879 605 1922 noo
624 1856 812 1921 satisfacere
831 1857 951 1922 fateor.
987 1857 1119 1924 Coelius
1140 1859 1222 1942 enim

170 1981 235 2024 nan
258 1960 464 2023 simulaverat
490 1982 557 2024 esse
583 1960 731 2022 tribunus
758 1961 823 2042 pl,
843 1964 908 2024 sed
939 1983 1052 2024 revera
1078 1962 1224 2024 tribunus

169 2062 252 2141 fuit,
276 2076 309 2126 ut
330 2085 371 2126 cx
400 2063 508 2128 Gellio
535 2067 565 2140 1,
594 2065 632 2126 15
658 2061 862 2146 intelligitur.
909 2062 972 2126 Sed
995 2063 1058 2127 alio
1085 2063 1223 2126 sortasse

171 2189 265 2231 seusu
294 2169 392 2232 verba
421 2165 626 2251 intelligenda
658 2177 770 2247 putes:
799 2167 936 2240 aratio,
968 2168 1000 2229 si
1027 2189 1063 2230 se
1085 2167 1224 2232 Coelius

172 2269 351 2332 tribunam
368 2273 418 2352 pl.
438 2269 695 2351 appellavisset.
722 2268 754 2330 id
778 2279 835 2345 est,
859 2269 886 2330 si
910 2268 1044 2333 Coelius
1068 2268 1224 2333 Catonem

172 2371 334 2434 tribunum
361 2372 407 2454 pl.
434 2371 681 2453 appellavisset,
714 2370 764 2433 vel
793 2371 944 2433 auxilium
975 2370 1041 2434 eius
1071 2371 1226 2452 implora·

173 2471 284 2537 visset.
331 2475 467 2539 Constat
493 2486 614 2549 autem,
642 2473 789 2535 tribunos
812 2473 858 2554 pl.
884 2493 947 2536 non
972 2493 1049 2537 raro
1075 2493 1092 2534 a
1114 2472 1222 2554 litiga-

172 2575 299 2641 toribus
327 2578 504 2662 appellatos
528 2599 610 2641 esse.
658 2573 759 2638 Conf.
789 2577 829 2638 F.
853 2577 896 2638 L.
919 2575 1030 2640 Keller
1052 2573 1223 2637 Semestria

174 2679 198 2742 l.
229 2684 259 2744 1.
291 2703 325 2763 p.
356 2681 545 2745 tto-tto.
592 2679 655 2742 Sed
682 2679 760 2740 haec
785 2675 961 2760 explicatio
984 2676 1224 2760 prorsusfalsa

172 2795 275 2846 estet
299 2783 377 2868 ipsis
401 2781 606 2868 fragmentis,
631 2803 712 2868 quae
741 2793 860 2857 extant,
887 2781 1055 2844 refellitur.

240 2887 347 2972 Igitur
370 2888 538 2972 legendum
560 2887 704 2950 arbitror
728 2885 860 2960 oratic,
887 2884 918 2946 si
939 2906 975 2946 se
1002 2871 1139 2949 Coelius
1162 2885 1226 2946 tri·

174 2992 286 3054 banus
311 2994 360 3074 pt.
387 2990 651 3074 appellavisset:
688 3010 751 3072 ego
780 2987 860 3050 enim
887 2985 1116 3049 nominativum
1141 2987 1226 3049 acci·

174 3093 242 3177 pio,
268 3093 364 3180 idque
392 3115 431 3156 ex
459 3090 559 3155 Gellii
586 3089 694 3154 verbis
721 3093 749 3166 1,
775 3092 828 3152 15.
856 3089 892 3150 fit
921 3087 1115 3172 probabile:
1151 3086 1228 3151 dicit

175 3196 280 3260 enim:
314 3196 404 3260 idem
429 3199 514 3260 Cato
538 3196 574 3257 in
600 3193 720 3256 eadem
746 3191 904 3256 oratione
930 3193 1040 3254 eidem
1063 3192 1119 3256 M.
1141 3195 1225 3256 Coe-

171 3300 222 3364 lio
250 3300 391 3364 tribvuo
413 3302 461 3382 pl.
488 3298 653 3361 vilitatem
678 3297 896 3378 opprobraus
923 3305 999 3369 etc„
1023 3297 1106 3356 unde
1127 3305 1225 3376 patet,

177 3405 229 3464 M.
252 3401 400 3466 Coelium
425 3399 587 3464 tribunum
609 3399 656 3482 pl.
676 3399 787 3462 fnisse.
834 3400 1067 3480 Argumentum
1091 3397 1152 3466 tale
1177 3397 1226 3458 vi-

177 3507 283 3567 detur.
328 3505 381 3566 M.
400 3502 544 3578 Coelius,
571 3501 715 3564 tribunus
740 3500 801 3583 pl.,
827 3503 926 3564 horno
952 3499 1045 3575 levis,
1070 3501 1228 3563 obscenus

176 3617 206 3669 et
231 3608 362 3694 loquax,
391 3629 515 3668 causam
541 3603 632 3698 dixit,
660 3603 769 3666 nescio
798 3599 876 3678 cirr3
909 3601 943 3664 ct
965 3601 1049 3664 inter
1077 3604 1226 3664 adversa·

175 3707 243 3772 rios
276 3707 341 3773 eius
371 3702 455 3773 Cato
490 3701 769 3793 quo‘que'extitit.
817 3703 949 3768 minatus
984 3718 1030 3768 est
1055 3704 1224 3778 tribubus,

176 3833 210 3874 se
236 3824 456 3876 accusaturum
482 3811 649 3876 Catonem.
696 3808 778 3873 Cato
802 3809 833 3873 in
858 3812 964 3872 eadem
988 3829 1081 3898 causa
1102 3805 1225 3898 oratio}

176 3935 246 3978 nem
270 3927 384 3979 contra
411 3937 480 3977 eum
507 3913 627 3988 habuit,
654 3935 748 3997 quam
775 3911 948 3994 inscripsit,
975 3909 1006 3973 si
1033 3898 1227 3972 se'Coelivs

176 4017 338 4080 tribvnvs
364 4021 413 4099 pl.
438 4019 645 4100 appellasset
672 4013 695 4077 i.
724 4037 753 4077 e.
785 4013 1011 4077 accusavisset.
1057 4012 1111 4072 Ex
1136 4011 1227 4090 laag·

177 4121 289 4183 mentis
325 4120 449 4194 elucet,
487 4117 632 4182 Coelium
666 4117 824 4192 voluisse,
857 4129 891 4178 vt
922 4115 954 4176 in
987 4135 1071 4176 nova
1099 4111 1226 4176 colonia

175 4225 359 4286 deducenda
384 4245 401 4285 a
423 4219 602 4284 triumviris
622 4219 707 4282 inter
731 4219 867 4282 colonos
888 4214 1099 4295 reciperetur,
1125 4213 1228 4277 Cato·

176 4347 246 4390 uem
273 4337 379 4392 antem
405 4323 604 4390 dissuasissc.
