2976 4844
264 355 326 424 140

262 524 300 578 to
329 515 516 580 Censorius
542 515 577 580 in
604 518 763 582 oratione
791 541 860 602 pro
883 524 925 584 L.
950 519 1145 586 Autronio:
1171 523 1311 602 Benefi-

263 615 309 678 cii
326 617 499 698 postridie
519 619 656 684 iussisti
676 622 801 685 adesse
823 622 858 686 in
879 623 981 697 diem,
1004 646 1051 686 ear
1073 623 1213 688 dienen
1233 628 1312 692 arui

262 742 438 784 recusare.

297 865 327 911 L.
352 865 488 926 Autronio]
525 869 560 913 sic
583 871 652 916 codd.
697 869 726 916 L.
752 867 858 916 Antonio
883 873 936 916 edd.
963 877 1067 918 veteres.
1106 875 1195 920 Extant
1218 877 1310 921 denarii

332 958 440 1013 argentei
461 957 540 1014 gentis
559 957 702 1006 Autronius.

297 1079 424 1143 beneficii]
460 1097 506 1127 non
532 1083 614 1140 liquet.

296 1207 323 1250 in
343 1205 431 1266 diem,]
467 1208 603 1262 interpunxi
625 1213 680 1254 ants
703 1223 737 1252 ex
759 1208 800 1254 die
818 1225 870 1254 cnm
892 1211 990 1256 Heinsio
1010 1214 1037 1256 ad
1058 1213 1117 1259 Tac.
1137 1214 1199 1259 Anu.
1223 1213 1247 1275 6,
1264 1212 1306 1261 20.

550 1441 599 1500 86.
633 1440 733 1502 Oratio
755 1458 808 1514 pro
828 1443 862 1499 L.
882 1441 1020 1502 Antonio.

325 1572 392 1636 Alii
417 1573 595 1637 orationem
614 1595 682 1656 pro
709 1577 751 1637 L.
777 1573 964 1650 Autronio,
994 1573 1048 1638 alii
1070 1597 1139 1658 pro
1165 1581 1206 1641 L.
1234 1583 1307 1643 An·

258 1675 355 1739 tonio
381 1674 574 1738 inscribunt.

323 1777 408 1842 Vide
435 1790 519 1843 orat.
547 1781 802 1860 praecedentem.

391 2031 439 2089 87.
474 2031 572 2088 Oratio
594 2048 646 2106 pro
666 2031 699 2088 L.
725 2031 811 2088 Turio
835 2038 935 2090 eontra
957 2033 1011 2092 Cn.
1035 2033 1171 2094 Gellium.

322 2167 435 2230 Annus
461 2164 623 2240 incertus,
654 2186 713 2228 nee
741 2167 780 2227 de
806 2167 850 2230 L.
887 2165 990 2230 Turio
1023 2168 1075 2230 vel
1104 2167 1167 2232 Cn.
1195 2168 1304 2234 Gellio

258 2267 433 2354 quidquam
456 2268 537 2332 certi
556 2279 693 2332 constat.
739 2266 863 2330 Gellius
882 2289 972 2332 reum
991 2269 1069 2333 iecit
1088 2273 1133 2336 L.
1157 2272 1304 2349 Turium,

259 2393 385 2457 proque
412 2392 451 2435 eo
478 2370 564 2434 stetit
588 2369 686 2435 Cato.

324 2473 494 2538 Weichert
520 2472 552 2538 in
581 2471 741 2559 Reliquiis
768 2474 865 2538 Pnet.
894 2475 971 2538 Lat.
1001 2498 1035 2558 p.
1061 2477 1100 2542 97
1127 2488 1230 2560 putat,
1261 2479 1303 2541 L.

260 2578 394 2646 Turium
421 2575 594 2643 memorari
623 2575 655 2638 in
684 2577 785 2639 Bruto
812 2574 982 2642 Ciceronis
1008 2601 1038 2644 c.
1060 2580 1113 2643 67.
1156 2585 1198 2645 L.
1231 2584 1303 2644 Tu·

257 2683 334 2747 rius
355 2703 465 2764 paruo
490 2679 644 2763 ingenio,
670 2679 732 2742 sed
755 2682 863 2743 multo
885 2682 1014 2758 labore,
1040 2703 1178 2767 quoquo
1202 2683 1304 2748 modo

256 2797 418 2869 poterut,
450 2804 551 2865 saepe
580 2783 728 2856 dicebat,
760 2781 875 2866 itaque
905 2783 937 2846 ei
968 2805 1098 2866 paucae
1127 2788 1303 2849 centuriae

258 2889 306 2950 nd
337 2889 554 2949 consulatum
587 2882 792 2975 defuerunt.
851 2885 915 2948 Sed
945 2907 1083 2962 vereor,
1119 2909 1158 2950 nc
1191 2887 1303 2951 falsam

257 2987 431 3074 protulerit
460 2987 657 3071 opinionem.
710 2989 794 3052 Nam
828 3011 899 3050 cum
935 2986 1054 3051 Cicero
1086 2987 1133 3078 ibi
1167 2989 1303 3053 Turium

259 3115 329 3156 cum
351 3093 404 3164 M.
423 3089 555 3168 Pisone,
581 3092 622 3155 P.
645 3091 797 3168 Murena,
823 3090 863 3156 C.
887 3088 1084 3167 Censorino,
1109 3089 1151 3156 C.
1170 3093 1300 3169 Macro,

260 3193 302 3262 C.
329 3193 449 3260 Pisone
479 3206 511 3257 et
537 3197 582 3258 L.
609 3197 778 3284 Torquato
811 3193 1002 3270 contulerit,
1031 3192 1087 3280 qui
1118 3216 1227 3258 omnes
1261 3199 1302 3260 ab

257 3310 360 3368 aetate
387 3295 558 3362 Ciceronis
581 3297 729 3378 proxime
759 3299 892 3372 absunt,
925 3294 996 3359 fieri
1023 3318 1087 3361 non
1113 3309 1237 3380 potest,
1269 3311 1303 3362 nt

256 3401 340 3465 idem
366 3399 485 3463 Turius
511 3398 722 3484 significetur,
749 3420 811 3481 pro
838 3420 903 3484 quo
928 3398 1011 3464 Cato
1038 3399 1160 3478 maior,
1188 3398 1243 3486 qui
1269 3423 1299 3464 a.

255 3505 318 3568 605
340 3503 430 3582 (149)
453 3501 546 3578 obiit,
574 3501 665 3576 dixit,
688 3500 877 3584 praesertim
902 3523 972 3564 cum
995 3501 1027 3566 in
1053 3501 1112 3565 illo
1132 3523 1230 3584 opere
1255 3503 1302 3567 sic

256 3617 401 3671 versatus
423 3605 463 3669 sit
486 3604 617 3682 Cicero,
637 3615 672 3667 ut
693 3617 840 3670 oratores
863 3603 1007 3688 singulos
1028 3618 1179 3669 accurato
1203 3626 1301 3670 anno·

254 3731 325 3772 rum
349 3707 462 3772 ordine
483 3716 676 3772 recenseret.

319 3812 488 3893 Glandorp
517 3809 742 3892 vituperandus
768 3821 834 3884 est,
861 3809 972 3888 quiin
1003 3808 1214 3875 Onomastico
1241 3831 1299 3875 suo

255 3914 433 3980 orationem
468 3911 602 3977 Catonis
627 3935 696 3995 pro
728 3917 769 3977 L.
803 3912 926 3987 diario,
962 3912 1070 3976 nescio
1103 3934 1167 3998 qua
1198 3913 1300 3977 fretus

255 4016 456 4092 auctoritate,
478 4014 605 4089 attulit3
632 4035 691 4077 nec
716 4012 819 4076 minus
843 4014 987 4090 Ellendt,
1014 4013 1069 4099 qui
1093 4038 1128 4097 p.
1154 4016 1194 4079 23
1220 4019 1300 4079 haec

258 4119 391 4184 scribit:
410 4118 527 4200 „Aliis
543 4117 648 4180 etiam
662 4117 839 4180 orationes
855 4117 891 4180 in
905 4117 1035 4181 iudicio
1048 4119 1224 4181 habendas
1234 4123 1300 4184 Gn·

251 4235 290 4286 to
304 4221 457 4303 scripsit,
475 4219 568 4304 quod
581 4218 853 4301 comparationis
867 4240 945 4282 eum
961 4219 1073 4304 Lysia
1087 4233 1191 4302 caput
1207 4221 1300 4285 Cice·

253 4345 294 4387 ro
308 4326 409 4386 Brut.
433 4323 470 4384 ii
491 4342 560 4385 non
575 4320 707 4405 attigit.
730 4324 868 4387 Harum
885 4341 956 4386 unu
969 4343 1037 4405 pro
1055 4322 1164 4386 Furio
1177 4334 1301 4386 contro
