<?xml version="1.0" encoding="UTF-8"?>
<!DOCTYPE html PUBLIC "-//W3C//DTD XHTML 1.0 Transitional//EN"
    "http://www.w3.org/TR/xhtml1/DTD/xhtml1-transitional.dtd">
<html xmlns="http://www.w3.org/1999/xhtml" xml:lang="en" lang="en">
 <head>
  <title>
</title>
<meta http-equiv="Content-Type" content="text/html;charset=utf-8" />
  <meta name='ocr-system' content='tesseract 3.04.00' />
  <meta name='ocr-capabilities' content='ocr_page ocr_carea ocr_par ocr_line ocrx_word'/>
</head>
<body>
  <div class='ocr_page' id='page_1' title='image "./oratorumromanor02meyegoog_0083.png"; bbox 0 0 2970 4836; ppageno 0'>
   <div class='ocr_carea' id='block_1_1' title="bbox 1194 367 1235 428">
    <p class='ocr_par' dir='ltr' id='par_1_1' title="bbox 1194 367 1235 428">
     <span class='ocr_line' id='line_1_1' title="bbox 1194 367 1235 428; baseline 0 0"><span class='ocrx_word' id='word_1_1' title='bbox 1194 367 1235 428; x_wconf 80' lang='lat'><strong>63</strong></span> 
     </span>
    </p>
   </div>
   <div class='ocr_carea' id='block_1_2' title="bbox 187 522 1236 1019">
    <p class='ocr_par' dir='ltr' id='par_1_2' title="bbox 187 522 1236 1019">
     <span class='ocr_line' id='line_1_2' title="bbox 187 522 1234 610; baseline 0.004 -26"><span class='ocrx_word' id='word_1_2' title='bbox 187 525 228 586; x_wconf 86' lang='lat' dir='ltr'><strong>de</strong></span> <span class='ocrx_word' id='word_1_3' title='bbox 248 522 361 601; x_wconf 77' lang='lat' dir='ltr'><strong>sacris,</strong></span> <span class='ocrx_word' id='word_1_4' title='bbox 377 523 507 588; x_wconf 84' lang='lat' dir='ltr'><strong>Veturil</strong></span> <span class='ocrx_word' id='word_1_5' title='bbox 526 545 621 588; x_wconf 84' lang='lat' dir='ltr'><strong>curae</strong></span> <span class='ocrx_word' id='word_1_6' title='bbox 636 524 771 602; x_wconf 82' lang='lat' dir='ltr'><strong>traditis,</strong></span> <span class='ocrx_word' id='word_1_7' title='bbox 791 523 929 610; x_wconf 78' lang='lat' dir='ltr'><strong>fideique</strong></span> <span class='ocrx_word' id='word_1_8' title='bbox 945 525 1012 588; x_wconf 88' lang='lat' dir='ltr'><strong>eius</strong></span> <span class='ocrx_word' id='word_1_9' title='bbox 1030 527 1234 589; x_wconf 85' lang='lat' dir='ltr'><strong>commenda·</strong></span> 
     </span>
     <span class='ocr_line' id='line_1_3' title="bbox 187 624 1234 710; baseline 0.002 -22"><span class='ocrx_word' id='word_1_10' title='bbox 187 624 230 688; x_wconf 90' lang='lat' dir='ltr'><strong>tis</strong></span> <span class='ocrx_word' id='word_1_11' title='bbox 256 625 341 710; x_wconf 84' lang='lat' dir='ltr'><strong>agit,</strong></span> <span class='ocrx_word' id='word_1_12' title='bbox 371 626 425 706; x_wconf 89' lang='lat' dir='ltr'><strong>(id</strong></span> <span class='ocrx_word' id='word_1_13' title='bbox 451 639 518 704; x_wconf 84' lang='lat' dir='ltr'><strong>est,</strong></span> <span class='ocrx_word' id='word_1_14' title='bbox 544 631 625 691; x_wconf 82' lang='lat' dir='ltr'><strong>iiber</strong></span> <span class='ocrx_word' id='word_1_15' title='bbox 651 627 796 691; x_wconf 75' lang='lat' dir='ltr'><strong>dioclem</strong></span> <span class='ocrx_word' id='word_1_16' title='bbox 824 627 978 690; x_wconf 85' lang='lat' dir='ltr'><strong>Veturius</strong></span> <span class='ocrx_word' id='word_1_17' title='bbox 1007 639 1234 691; x_wconf 82' lang='lat' dir='ltr'><strong>auvertrauten</strong></span> 
     </span>
     <span class='ocr_line' id='line_1_4' title="bbox 188 729 1233 811; baseline 0.004 -21"><span class='ocrx_word' id='word_1_18' title='bbox 188 729 374 808; x_wconf 88' lang='lat' dir='ltr'><strong>Sacra.)-</strong></span> <span class='ocrx_word' id='word_1_19' title='bbox 404 731 530 811; x_wconf 88' lang='lat' dir='ltr'><strong>Popma</strong></span> <span class='ocrx_word' id='word_1_20' title='bbox 557 729 747 795; x_wconf 88' lang='lat' dir='ltr'><strong>coniiciebat</strong></span> <span class='ocrx_word' id='word_1_21' title='bbox 770 733 812 795; x_wconf 76' lang='lat' dir='ltr'><strong>tle</strong></span> <span class='ocrx_word' id='word_1_22' title='bbox 836 731 1013 808; x_wconf 74' lang='lat' dir='ltr'><strong>sacrificio</strong></span> <span class='ocrx_word' id='word_1_23' title='bbox 1036 732 1179 795; x_wconf 84' lang='lat' dir='ltr'><strong>omisso.</strong></span> <span class='ocrx_word' id='word_1_24' title='bbox 1193 761 1233 776; x_wconf 90' lang='lat'><strong>·-·</strong></span> 
     </span>
     <span class='ocr_line' id='line_1_5' title="bbox 187 831 1236 915; baseline 0.001 -20"><span class='ocrx_word' id='word_1_25' title='bbox 187 831 255 907; x_wconf 87' lang='lat' dir='ltr'><strong>(C.</strong></span> <span class='ocrx_word' id='word_1_26' title='bbox 281 833 325 896; x_wconf 91' lang='grc' dir='ltr'><strong>Ο.</strong></span> <span class='ocrx_word' id='word_1_27' title='bbox 352 832 497 897; x_wconf 80' lang='lat' dir='ltr'><strong>Muliero</strong></span> <span class='ocrx_word' id='word_1_28' title='bbox 520 855 588 896; x_wconf 90' lang='lat' dir='ltr'><strong>mea</strong></span> <span class='ocrx_word' id='word_1_29' title='bbox 612 835 786 915; x_wconf 74' lang='lat' dir='ltr'>explicatio</span> <span class='ocrx_word' id='word_1_30' title='bbox 815 833 1007 897; x_wconf 81' lang='lat' dir='ltr'><strong>satisfecisse</strong></span> <span class='ocrx_word' id='word_1_31' title='bbox 1036 833 1172 907; x_wconf 89' lang='lat' dir='ltr'><strong>videtur,</strong></span> <span class='ocrx_word' id='word_1_32' title='bbox 1203 846 1236 896; x_wconf 91' lang='lat' dir='ltr'><strong>ut</strong></span> 
     </span>
     <span class='ocr_line' id='line_1_6' title="bbox 188 935 1035 1019; baseline 0 -21"><span class='ocrx_word' id='word_1_33' title='bbox 188 955 231 998; x_wconf 81' lang='lat' dir='ltr'><strong>ex</strong></span> <span class='ocrx_word' id='word_1_34' title='bbox 257 935 463 1000; x_wconf 68' lang='lat' dir='ltr'><strong>adnotatione</strong></span> <span class='ocrx_word' id='word_1_35' title='bbox 485 957 540 998; x_wconf 88' lang='lat' dir='ltr'><strong>sua</strong></span> <span class='ocrx_word' id='word_1_36' title='bbox 563 939 602 999; x_wconf 90' lang='lat' dir='ltr'><strong>ad</strong></span> <span class='ocrx_word' id='word_1_37' title='bbox 626 939 753 1002; x_wconf 79' lang='lat' dir='ltr'><strong>Festum</strong></span> <span class='ocrx_word' id='word_1_38' title='bbox 776 959 810 1019; x_wconf 91' lang='lat' dir='ltr'><strong>p.</strong></span> <span class='ocrx_word' id='word_1_39' title='bbox 835 939 896 1000; x_wconf 75' lang='grc'><strong>345</strong></span> <span class='ocrx_word' id='word_1_40' title='bbox 921 938 1035 1019; x_wconf 88' lang='lat' dir='ltr'><strong>patet.)</strong></span> 
     </span>
    </p>
   </div>
   <div class='ocr_carea' id='block_1_3' title="bbox 189 1053 1237 2066">
    <p class='ocr_par' dir='ltr' id='par_1_3' title="bbox 189 1053 1237 2066">
     <span class='ocr_line' id='line_1_7' title="bbox 256 1053 1234 1142; baseline 0.004 -26"><span class='ocrx_word' id='word_1_41' title='bbox 256 1053 434 1117; x_wconf 89' lang='lat' dir='ltr'><strong>Maiansius</strong></span> <span class='ocrx_word' id='word_1_42' title='bbox 459 1077 492 1137; x_wconf 87' lang='lat' dir='ltr'><strong>p.</strong></span> <span class='ocrx_word' id='word_1_43' title='bbox 517 1058 557 1121; x_wconf 77' lang='lat'><strong>39</strong></span> <span class='ocrx_word' id='word_1_44' title='bbox 580 1059 672 1122; x_wconf 88' lang='lat' dir='ltr'><strong>aliter</strong></span> <span class='ocrx_word' id='word_1_45' title='bbox 694 1059 808 1122; x_wconf 89' lang='lat' dir='ltr'><strong>sentit:</strong></span> <span class='ocrx_word' id='word_1_46' title='bbox 834 1106 848 1130; x_wconf 84' lang='lat'>„</span> <span class='ocrx_word' id='word_1_47' title='bbox 858 1060 952 1132; x_wconf 91' lang='lat' dir='ltr'><strong>Cato,</strong></span> <span class='ocrx_word' id='word_1_48' title='bbox 974 1057 1088 1142; x_wconf 85' lang='lat' dir='ltr'><strong>inquit,</strong></span> <span class='ocrx_word' id='word_1_49' title='bbox 1112 1056 1234 1121; x_wconf 88' lang='lat' dir='ltr'><strong>oratio·</strong></span> 
     </span>
     <span class='ocr_line' id='line_1_8' title="bbox 189 1158 1236 1247; baseline 0.004 -28"><span class='ocrx_word' id='word_1_50' title='bbox 189 1179 282 1239; x_wconf 87' lang='lat' dir='ltr'><strong>„nem</strong></span> <span class='ocrx_word' id='word_1_51' title='bbox 312 1159 423 1220; x_wconf 90' lang='lat' dir='ltr'><strong>habuit</strong></span> <span class='ocrx_word' id='word_1_52' title='bbox 448 1158 479 1221; x_wconf 90' lang='lat' dir='ltr'><strong>in</strong></span> <span class='ocrx_word' id='word_1_53' title='bbox 510 1161 552 1223; x_wconf 89' lang='lat' dir='ltr'><strong>L.</strong></span> <span class='ocrx_word' id='word_1_54' title='bbox 576 1161 765 1238; x_wconf 85' lang='lat' dir='ltr'><strong>Veturium,</strong></span> <span class='ocrx_word' id='word_1_55' title='bbox 798 1183 893 1247; x_wconf 89' lang='lat' dir='ltr'><strong>quam</strong></span> <span class='ocrx_word' id='word_1_56' title='bbox 923 1160 1109 1242; x_wconf 81' lang='lat' dir='ltr'><strong>inscriptam</strong></span> <span class='ocrx_word' id='word_1_57' title='bbox 1135 1160 1236 1223; x_wconf 86' lang='lat' dir='ltr'><strong>fuisse</strong></span> 
     </span>
     <span class='ocr_line' id='line_1_9' title="bbox 189 1262 1235 1346; baseline 0.003 -24"><span class='ocrx_word' id='word_1_58' title='bbox 189 1273 292 1342; x_wconf 87' lang='lat' dir='ltr'><strong>„puto</strong></span> <span class='ocrx_word' id='word_1_59' title='bbox 319 1263 360 1325; x_wconf 82' lang='lat' dir='ltr'><strong>de</strong></span> <span class='ocrx_word' id='word_1_60' title='bbox 383 1264 568 1346; x_wconf 82' lang='lat' dir='ltr'><strong>sacrilegio</strong></span> <span class='ocrx_word' id='word_1_61' title='bbox 594 1265 788 1339; x_wconf 83' lang='lat' dir='ltr'><strong>commisso,</strong></span> <span class='ocrx_word' id='word_1_62' title='bbox 816 1287 881 1328; x_wconf 91' lang='lat' dir='ltr'><strong>nou</strong></span> <span class='ocrx_word' id='word_1_63' title='bbox 907 1276 1009 1328; x_wconf 89' lang='lat' dir='ltr'><strong>autem</strong></span> <span class='ocrx_word' id='word_1_64' title='bbox 1032 1264 1073 1326; x_wconf 84' lang='lat' dir='ltr'><strong>de</strong></span> <span class='ocrx_word' id='word_1_65' title='bbox 1095 1262 1235 1341; x_wconf 82' lang='lat' dir='ltr'><strong>sacrifi·</strong></span> 
     </span>
     <span class='ocr_line' id='line_1_10' title="bbox 189 1363 1236 1451; baseline 0.002 -25"><span class='ocrx_word' id='word_1_66' title='bbox 189 1363 267 1438; x_wconf 83' lang='lat' dir='ltr'><strong>„cio</strong></span> <span class='ocrx_word' id='word_1_67' title='bbox 284 1365 425 1428; x_wconf 89' lang='lat' dir='ltr'><strong>omisso.</strong></span> <span class='ocrx_word' id='word_1_68' title='bbox 472 1366 599 1429; x_wconf 81' lang='lat' dir='ltr'><strong>Titulus</strong></span> <span class='ocrx_word' id='word_1_69' title='bbox 625 1366 780 1430; x_wconf 89' lang='lat' dir='ltr'><strong>orationis</strong></span> <span class='ocrx_word' id='word_1_70' title='bbox 799 1389 840 1430; x_wconf 88' lang='lat' dir='ltr'><strong>ex</strong></span> <span class='ocrx_word' id='word_1_71' title='bbox 864 1388 903 1430; x_wconf 96' lang='lat' dir='ltr'><strong>eo</strong></span> <span class='ocrx_word' id='word_1_72' title='bbox 924 1366 1034 1451; x_wconf 82' lang='lat' dir='ltr'><strong>liquet,</strong></span> <span class='ocrx_word' id='word_1_73' title='bbox 1055 1367 1154 1448; x_wconf 90' lang='lat' dir='ltr'><strong>quod,</strong></span> <span class='ocrx_word' id='word_1_74' title='bbox 1177 1365 1236 1428; x_wconf 87' lang='lat' dir='ltr'><strong>etsi</strong></span> 
     </span>
     <span class='ocr_line' id='line_1_11' title="bbox 189 1466 1233 1552; baseline 0.002 -24"><span class='ocrx_word' id='word_1_75' title='bbox 189 1466 323 1540; x_wconf 84' lang='lat' dir='ltr'><strong>„variae</strong></span> <span class='ocrx_word' id='word_1_76' title='bbox 343 1467 495 1532; x_wconf 85' lang='lat' dir='ltr'><strong>lectiones</strong></span> <span class='ocrx_word' id='word_1_77' title='bbox 519 1468 580 1533; x_wconf 89' lang='lat' dir='ltr'><strong>sint</strong></span> <span class='ocrx_word' id='word_1_78' title='bbox 601 1468 633 1530; x_wconf 91' lang='lat' dir='ltr'><strong>in</strong></span> <span class='ocrx_word' id='word_1_79' title='bbox 655 1471 764 1532; x_wconf 89' lang='lat' dir='ltr'><strong>verbis</strong></span> <span class='ocrx_word' id='word_1_80' title='bbox 785 1469 970 1552; x_wconf 82' lang='lat' dir='ltr'><strong>sacrilegio</strong></span> <span class='ocrx_word' id='word_1_81' title='bbox 992 1480 1022 1531; x_wconf 93' lang='lat' dir='ltr'><strong>et</strong></span> <span class='ocrx_word' id='word_1_82' title='bbox 1042 1467 1233 1544; x_wconf 85' lang='lat' dir='ltr'><strong>sacrificio,</strong></span> 
     </span>
     <span class='ocr_line' id='line_1_12' title="bbox 191 1569 1237 1657; baseline 0.001 -26"><span class='ocrx_word' id='word_1_83' title='bbox 191 1582 444 1650; x_wconf 84' lang='lat' dir='ltr'><strong>„consentaneae</strong></span> <span class='ocrx_word' id='word_1_84' title='bbox 467 1571 590 1634; x_wconf 88' lang='lat' dir='ltr'><strong>suntin</strong></span> <span class='ocrx_word' id='word_1_85' title='bbox 614 1572 809 1648; x_wconf 88' lang='lat' dir='ltr'><strong>commisso,</strong></span> <span class='ocrx_word' id='word_1_86' title='bbox 838 1575 925 1657; x_wconf 88' lang='lat' dir='ltr'><strong>quod</strong></span> <span class='ocrx_word' id='word_1_87' title='bbox 948 1571 1128 1634; x_wconf 90' lang='lat' dir='ltr'><strong>adiunctum</strong></span> <span class='ocrx_word' id='word_1_88' title='bbox 1151 1569 1237 1652; x_wconf 93' lang='lat' dir='ltr'><strong>opti·</strong></span> 
     </span>
     <span class='ocr_line' id='line_1_13' title="bbox 190 1673 1235 1759; baseline 0.002 -25"><span class='ocrx_word' id='word_1_89' title='bbox 190 1695 262 1753; x_wconf 88' lang='lat' dir='ltr'><strong>„me</strong></span> <span class='ocrx_word' id='word_1_90' title='bbox 300 1675 452 1737; x_wconf 83' lang='lat' dir='ltr'><strong>cohaeret</strong></span> <span class='ocrx_word' id='word_1_91' title='bbox 479 1675 664 1759; x_wconf 80' lang='lat' dir='ltr'><strong>sacrilegio</strong></span> <span class='ocrx_word' id='word_1_92' title='bbox 684 1687 735 1738; x_wconf 55' lang='lat' dir='ltr'><strong>*et</strong></span> <span class='ocrx_word' id='word_1_93' title='bbox 776 1675 911 1758; x_wconf 85' lang='lat' dir='ltr'><strong>pessime</strong></span> <span class='ocrx_word' id='word_1_94' title='bbox 948 1673 1169 1752; x_wconf 83' lang='lat' dir='ltr'><strong>sacrifici0.“</strong></span> <span class='ocrx_word' id='word_1_95' title='bbox 1196 1715 1235 1728; x_wconf 80' lang='grc'><strong>.-</strong></span> 
     </span>
     <span class='ocr_line' id='line_1_14' title="bbox 190 1776 1237 1852; baseline -0.002 -13"><span class='ocrx_word' id='word_1_96' title='bbox 190 1777 311 1852; x_wconf 86' lang='lat' dir='ltr'><strong>Recte,</strong></span> <span class='ocrx_word' id='word_1_97' title='bbox 346 1776 406 1839; x_wconf 91' lang='lat' dir='ltr'><strong>nisi</strong></span> <span class='ocrx_word' id='word_1_98' title='bbox 441 1780 479 1840; x_wconf 90' lang='lat' dir='ltr'><strong>de</strong></span> <span class='ocrx_word' id='word_1_99' title='bbox 514 1777 613 1840; x_wconf 88' lang='lat' dir='ltr'><strong>sacris</strong></span> <span class='ocrx_word' id='word_1_100' title='bbox 644 1800 660 1842; x_wconf 92' lang='lat' dir='ltr'><strong>a</strong></span> <span class='ocrx_word' id='word_1_101' title='bbox 691 1779 831 1844; x_wconf 88' lang='lat' dir='ltr'><strong>Veturio</strong></span> <span class='ocrx_word' id='word_1_102' title='bbox 864 1777 1011 1842; x_wconf 85' lang='lat' dir='ltr'><strong>curandis</strong></span> <span class='ocrx_word' id='word_1_103' title='bbox 1038 1777 1107 1840; x_wconf 92' lang='lat' dir='ltr'><strong>sive</strong></span> <span class='ocrx_word' id='word_1_104' title='bbox 1142 1797 1237 1838; x_wconf 87' lang='lat' dir='ltr'><strong>curae</strong></span> 
     </span>
     <span class='ocr_line' id='line_1_15' title="bbox 190 1878 1237 1964; baseline -0.001 -23"><span class='ocrx_word' id='word_1_105' title='bbox 190 1878 258 1941; x_wconf 90' lang='lat' dir='ltr'><strong>eius</strong></span> <span class='ocrx_word' id='word_1_106' title='bbox 287 1879 400 1942; x_wconf 86' lang='lat' dir='ltr'><strong>deditis</strong></span> <span class='ocrx_word' id='word_1_107' title='bbox 430 1879 612 1964; x_wconf 84' lang='lat' dir='ltr'><strong>intelligas:</strong></span> <span class='ocrx_word' id='word_1_108' title='bbox 647 1881 679 1944; x_wconf 90' lang='lat' dir='ltr'><strong>in</strong></span> <span class='ocrx_word' id='word_1_109' title='bbox 709 1901 747 1944; x_wconf 94' lang='lat' dir='ltr'><strong>eo</strong></span> <span class='ocrx_word' id='word_1_110' title='bbox 780 1880 861 1944; x_wconf 87' lang='lat' dir='ltr'><strong>enim</strong></span> <span class='ocrx_word' id='word_1_111' title='bbox 897 1902 990 1944; x_wconf 90' lang='lat' dir='ltr'><strong>seusu</strong></span> <span class='ocrx_word' id='word_1_112' title='bbox 1021 1881 1113 1942; x_wconf 86' lang='lat' dir='ltr'><strong>socri</strong></span> <span class='ocrx_word' id='word_1_113' title='bbox 1132 1879 1237 1944; x_wconf 75' lang='lat' dir='ltr'><strong>seium</strong></span> 
     </span>
     <span class='ocr_line' id='line_1_16' title="bbox 189 1982 948 2066; baseline 0.003 -22"><span class='ocrx_word' id='word_1_114' title='bbox 189 1982 297 2045; x_wconf 82' lang='lat' dir='ltr'><strong>alicui</strong></span> <span class='ocrx_word' id='word_1_115' title='bbox 320 1984 531 2047; x_wconf 80' lang='lat' dir='ltr'><strong>committere</strong></span> <span class='ocrx_word' id='word_1_116' title='bbox 555 1984 780 2066; x_wconf 87' lang='lat' dir='ltr'><strong>non&#39;ineptum</strong></span> <span class='ocrx_word' id='word_1_117' title='bbox 810 1984 948 2046; x_wconf 89' lang='lat' dir='ltr'><strong>videtur.</strong></span> 
     </span>
    </p>
   </div>
   <div class='ocr_carea' id='block_1_4' title="bbox 190 2101 1239 2704">
    <p class='ocr_par' dir='ltr' id='par_1_4' title="bbox 190 2101 1239 2704">
     <span class='ocr_line' id='line_1_17' title="bbox 255 2101 1239 2188; baseline -0.003 -21"><span class='ocrx_word' id='word_1_118' title='bbox 255 2106 370 2167; x_wconf 87' lang='lat' dir='ltr'><strong>Festus</strong></span> <span class='ocrx_word' id='word_1_119' title='bbox 399 2128 434 2186; x_wconf 86' lang='lat' dir='ltr'><strong>p.</strong></span> <span class='ocrx_word' id='word_1_120' title='bbox 461 2106 536 2168; x_wconf 80' lang='lat' dir='ltr'><strong>stt.</strong></span> <span class='ocrx_word' id='word_1_121' title='bbox 575 2109 675 2168; x_wconf 75' lang='lat' dir='ltr'><strong>Stolo</strong></span> <span class='ocrx_word' id='word_1_122' title='bbox 704 2105 884 2182; x_wconf 85' lang='lat' dir='ltr'><strong>sacrificia</strong></span> <span class='ocrx_word' id='word_1_123' title='bbox 910 2115 1002 2179; x_wconf 87' lang='lat' dir='ltr'><strong>sunt,</strong></span> <span class='ocrx_word' id='word_1_124' title='bbox 1033 2125 1114 2188; x_wconf 89' lang='lat' dir='ltr'><strong>quae</strong></span> <span class='ocrx_word' id='word_1_125' title='bbox 1142 2101 1239 2165; x_wconf 87' lang='lat' dir='ltr'><strong>certis</strong></span> 
     </span>
     <span class='ocr_line' id='line_1_18' title="bbox 191 2205 1237 2292; baseline -0.002 -23"><span class='ocrx_word' id='word_1_126' title='bbox 191 2205 304 2270; x_wconf 89' lang='lat' dir='ltr'><strong>dicbus</strong></span> <span class='ocrx_word' id='word_1_127' title='bbox 333 2206 406 2269; x_wconf 90' lang='lat' dir='ltr'><strong>fieri</strong></span> <span class='ocrx_word' id='word_1_128' title='bbox 433 2210 561 2271; x_wconf 90' lang='lat' dir='ltr'><strong>debent.</strong></span> <span class='ocrx_word' id='word_1_129' title='bbox 606 2213 692 2272; x_wconf 85' lang='lat' dir='ltr'><strong>Coto</strong></span> <span class='ocrx_word' id='word_1_130' title='bbox 713 2208 749 2269; x_wconf 85' lang='lat' dir='ltr'><strong>in</strong></span> <span class='ocrx_word' id='word_1_131' title='bbox 773 2229 825 2282; x_wconf 88' lang='lat' dir='ltr'><strong>ea,</strong></span> <span class='ocrx_word' id='word_1_132' title='bbox 850 2229 953 2292; x_wconf 84' lang='lat' dir='ltr'><strong>quam</strong></span> <span class='ocrx_word' id='word_1_133' title='bbox 973 2207 1113 2290; x_wconf 81' lang='lat' dir='ltr'><strong>scripsit</strong></span> <span class='ocrx_word' id='word_1_134' title='bbox 1134 2205 1175 2268; x_wconf 84' lang='lat' dir='ltr'><strong>de</strong></span> <span class='ocrx_word' id='word_1_135' title='bbox 1194 2209 1237 2267; x_wconf 86' lang='lat' dir='ltr'><strong>L.</strong></span> 
     </span>
     <span class='ocr_line' id='line_1_19' title="bbox 195 2308 1239 2394; baseline -0.007 -18"><span class='ocrx_word' id='word_1_136' title='bbox 195 2311 341 2376; x_wconf 84' lang='lat' dir='ltr'><strong>Veturio</strong></span> <span class='ocrx_word' id='word_1_137' title='bbox 368 2312 409 2372; x_wconf 84' lang='lat' dir='ltr'><strong>de</strong></span> <span class='ocrx_word' id='word_1_138' title='bbox 435 2309 614 2388; x_wconf 80' lang='lat' dir='ltr'><strong>sacrificio</strong></span> <span class='ocrx_word' id='word_1_139' title='bbox 635 2311 837 2385; x_wconf 87' lang='lat' dir='ltr'><strong>commisso,</strong></span> <span class='ocrx_word' id='word_1_140' title='bbox 861 2333 938 2372; x_wconf 82' lang='lat' dir='ltr'><strong>rum</strong></span> <span class='ocrx_word' id='word_1_141' title='bbox 961 2310 993 2373; x_wconf 89' lang='lat' dir='ltr'><strong>ei</strong></span> <span class='ocrx_word' id='word_1_142' title='bbox 1014 2332 1138 2394; x_wconf 82' lang='lat' dir='ltr'><strong>equum</strong></span> <span class='ocrx_word' id='word_1_143' title='bbox 1159 2308 1239 2370; x_wconf 82' lang='lat' dir='ltr'><strong>otie-</strong></span> 
     </span>
     <span class='ocr_line' id='line_1_20' title="bbox 192 2411 1237 2501; baseline -0.006 -25"><span class='ocrx_word' id='word_1_144' title='bbox 192 2414 271 2476; x_wconf 82' lang='lat' dir='ltr'><strong>mit:</strong></span> <span class='ocrx_word' id='word_1_145' title='bbox 291 2414 394 2496; x_wconf 84' lang='lat' dir='ltr'><strong>Quod</strong></span> <span class='ocrx_word' id='word_1_146' title='bbox 418 2427 474 2489; x_wconf 84' lang='lat' dir='ltr'><strong>tu,</strong></span> <span class='ocrx_word' id='word_1_147' title='bbox 503 2413 595 2499; x_wconf 81' lang='lat' dir='ltr'><strong>quod</strong></span> <span class='ocrx_word' id='word_1_148' title='bbox 618 2413 654 2475; x_wconf 86' lang='lat' dir='ltr'><strong>in</strong></span> <span class='ocrx_word' id='word_1_149' title='bbox 671 2425 703 2474; x_wconf 83' lang='lat' dir='ltr'><strong>te</strong></span> <span class='ocrx_word' id='word_1_150' title='bbox 712 2411 822 2501; x_wconf 85' lang='lat' dir='ltr'><strong>fuit,</strong></span> <span class='ocrx_word' id='word_1_151' title='bbox 851 2434 955 2476; x_wconf 85' lang='lat' dir='ltr'><strong>sacra</strong></span> <span class='ocrx_word' id='word_1_152' title='bbox 976 2423 1088 2486; x_wconf 84' lang='lat' dir='ltr'><strong>stata,</strong></span> <span class='ocrx_word' id='word_1_153' title='bbox 1115 2413 1237 2474; x_wconf 86' lang='lat' dir='ltr'><strong>solem·</strong></span> 
     </span>
     <span class='ocr_line' id='line_1_21' title="bbox 190 2511 1239 2599; baseline -0.003 -21"><span class='ocrx_word' id='word_1_154' title='bbox 190 2517 262 2592; x_wconf 86' lang='lat' dir='ltr'><strong>nia,</strong></span> <span class='ocrx_word' id='word_1_155' title='bbox 289 2515 400 2599; x_wconf 85' lang='lat' dir='ltr'><strong>cupite</strong></span> <span class='ocrx_word' id='word_1_156' title='bbox 427 2529 558 2591; x_wconf 84' lang='lat' dir='ltr'><strong>sancta,</strong></span> <span class='ocrx_word' id='word_1_157' title='bbox 588 2515 784 2580; x_wconf 84' lang='lat' dir='ltr'><strong>deseruisti.</strong></span> <span class='ocrx_word' id='word_1_158' title='bbox 830 2513 992 2578; x_wconf 88' lang='lat' dir='ltr'><strong>Solemnia</strong></span> <span class='ocrx_word' id='word_1_159' title='bbox 1015 2534 1105 2575; x_wconf 86' lang='lat' dir='ltr'><strong>sacra</strong></span> <span class='ocrx_word' id='word_1_160' title='bbox 1128 2511 1239 2575; x_wconf 87' lang='lat' dir='ltr'><strong>dicuu-</strong></span> 
     </span>
     <span class='ocr_line' id='line_1_22' title="bbox 191 2603 1131 2704; baseline -0.006 -22"><span class='ocrx_word' id='word_1_161' title='bbox 191 2632 256 2696; x_wconf 90' lang='lat' dir='ltr'><strong>tur,</strong></span> <span class='ocrx_word' id='word_1_162' title='bbox 282 2641 363 2704; x_wconf 86' lang='lat' dir='ltr'><strong>quae</strong></span> <span class='ocrx_word' id='word_1_163' title='bbox 391 2619 486 2682; x_wconf 86' lang='lat' dir='ltr'><strong>certis</strong></span> <span class='ocrx_word' id='word_1_164' title='bbox 511 2619 714 2701; x_wconf 84' lang='lat' dir='ltr'><strong>temporibus</strong></span> <span class='ocrx_word' id='word_1_165' title='bbox 740 2616 894 2702; x_wconf 88' lang='lat' dir='ltr'><strong>annisque</strong></span> <span class='ocrx_word' id='word_1_166' title='bbox 920 2615 992 2680; x_wconf 89' lang='lat' dir='ltr'><strong>fieri</strong></span> <span class='ocrx_word' id='word_1_167' title='bbox 1014 2603 1131 2679; x_wconf 82' lang='lat' dir='ltr'><strong>solent.</strong></span> 
     </span>
    </p>
   </div>
   <div class='ocr_carea' id='block_1_5' title="bbox 227 2773 959 2834">
    <p class='ocr_par' dir='ltr' id='par_1_5' title="bbox 227 2773 959 2834">
     <span class='ocr_line' id='line_1_23' title="bbox 227 2773 959 2834; baseline -0.005 -14"><span class='ocrx_word' id='word_1_168' title='bbox 227 2789 304 2820; x_wconf 78' lang='lat' dir='ltr'><strong>saera</strong></span> <span class='ocrx_word' id='word_1_169' title='bbox 325 2775 403 2833; x_wconf 81' lang='lat' dir='ltr'><strong>stato]</strong></span> <span class='ocrx_word' id='word_1_170' title='bbox 435 2777 508 2820; x_wconf 81' lang='lat' dir='ltr'><strong>Sacra</strong></span> <span class='ocrx_word' id='word_1_171' title='bbox 527 2776 634 2834; x_wconf 75' lang='lat' dir='ltr'><strong>legitimo</strong></span> <span class='ocrx_word' id='word_1_172' title='bbox 656 2776 694 2820; x_wconf 83' lang='lat' dir='ltr'><strong>die</strong></span> <span class='ocrx_word' id='word_1_173' title='bbox 719 2789 746 2818; x_wconf 87' lang='lat' dir='ltr'><strong>ac</strong></span> <span class='ocrx_word' id='word_1_174' title='bbox 768 2777 821 2818; x_wconf 86' lang='lat' dir='ltr'><strong>loco</strong></span> <span class='ocrx_word' id='word_1_175' title='bbox 842 2773 959 2818; x_wconf 82' lang='lat' dir='ltr'><strong>facienda.</strong></span> 
     </span>
    </p>
   </div>
   <div class='ocr_carea' id='block_1_6' title="bbox 228 2895 1243 3924">
    <p class='ocr_par' dir='ltr' id='par_1_6' title="bbox 228 2895 1243 3924">
     <span class='ocr_line' id='line_1_24' title="bbox 228 2895 1236 2960; baseline -0.003 -17"><span class='ocrx_word' id='word_1_176' title='bbox 228 2901 310 2958; x_wconf 74' lang='lat' dir='ltr'><strong>capite</strong></span> <span class='ocrx_word' id='word_1_177' title='bbox 340 2898 439 2960; x_wconf 80' lang='lat' dir='ltr'><strong>scaete]</strong></span> <span class='ocrx_word' id='word_1_178' title='bbox 479 2903 561 2958; x_wconf 76' lang='lat' dir='ltr'><strong>capite</strong></span> <span class='ocrx_word' id='word_1_179' title='bbox 593 2905 733 2955; x_wconf 86' lang='lat' dir='ltr'><strong>corruptum</strong></span> <span class='ocrx_word' id='word_1_180' title='bbox 762 2902 863 2947; x_wconf 82' lang='lat' dir='ltr'><strong>videtur.</strong></span> <span class='ocrx_word' id='word_1_181' title='bbox 906 2895 997 2941; x_wconf 79' lang='lat' dir='ltr'><strong>mutter</strong></span> <span class='ocrx_word' id='word_1_182' title='bbox 1028 2896 1126 2940; x_wconf 81' lang='lat' dir='ltr'><strong>coniicit</strong></span> <span class='ocrx_word' id='word_1_183' title='bbox 1158 2898 1236 2940; x_wconf 80' lang='lat' dir='ltr'><strong>caste.</strong></span> 
     </span>
     <span class='ocr_line' id='line_1_25' title="bbox 262 2983 1242 3048; baseline -0.005 -17"><span class='ocrx_word' id='word_1_184' title='bbox 262 2989 406 3032; x_wconf 82' lang='lat' dir='ltr'><strong>Duebusrus</strong></span> <span class='ocrx_word' id='word_1_185' title='bbox 429 2990 555 3034; x_wconf 77' lang='lat' dir='ltr'><strong>delendum</strong></span> <span class='ocrx_word' id='word_1_186' title='bbox 576 2993 655 3045; x_wconf 84' lang='lat' dir='ltr'><strong>putat,</strong></span> <span class='ocrx_word' id='word_1_187' title='bbox 677 2990 819 3048; x_wconf 83' lang='lat' dir='ltr'><strong>praesertim</strong></span> <span class='ocrx_word' id='word_1_188' title='bbox 843 3001 896 3030; x_wconf 89' lang='lat' dir='ltr'><strong>cnm</strong></span> <span class='ocrx_word' id='word_1_189' title='bbox 918 3000 931 3028; x_wconf 96' lang='lat' dir='ltr'><strong>a</strong></span> <span class='ocrx_word' id='word_1_190' title='bbox 952 2986 1039 3030; x_wconf 84' lang='lat' dir='ltr'><strong>Paullo</strong></span> <span class='ocrx_word' id='word_1_191' title='bbox 1057 2998 1151 3042; x_wconf 86' lang='lat' dir='ltr'><strong>quoque</strong></span> <span class='ocrx_word' id='word_1_192' title='bbox 1170 2983 1242 3027; x_wconf 88' lang='lat' dir='ltr'><strong>omit·</strong></span> 
     </span>
     <span class='ocr_line' id='line_1_26' title="bbox 263 3070 1239 3136; baseline -0.006 -16"><span class='ocrx_word' id='word_1_193' title='bbox 263 3082 327 3121; x_wconf 89' lang='lat' dir='ltr'><strong>tatur</strong></span> <span class='ocrx_word' id='word_1_194' title='bbox 339 3089 346 3122; x_wconf 76' lang='lat' dir='ltr'><strong>t</strong></span> <span class='ocrx_word' id='word_1_195' title='bbox 363 3076 449 3130; x_wconf 74' lang='lat' dir='ltr'><strong>stata,</strong></span> <span class='ocrx_word' id='word_1_196' title='bbox 460 3077 537 3135; x_wconf 84' lang='lat' dir='ltr'><strong>inquit</strong></span> <span class='ocrx_word' id='word_1_197' title='bbox 545 3077 660 3136; x_wconf 82' lang='lat' dir='ltr'><strong>Paullus,</strong></span> <span class='ocrx_word' id='word_1_198' title='bbox 671 3075 821 3120; x_wconf 76' lang='lat' dir='ltr'><strong>dicebantur</strong></span> <span class='ocrx_word' id='word_1_199' title='bbox 829 3071 974 3129; x_wconf 78' lang='lat' dir='ltr'><strong>sacrificiu,</strong></span> <span class='ocrx_word' id='word_1_200' title='bbox 989 3085 1051 3131; x_wconf 78' lang='lat' dir='ltr'><strong>quus</strong></span> <span class='ocrx_word' id='word_1_201' title='bbox 1065 3072 1143 3116; x_wconf 79' lang='lat' dir='ltr'><strong>certis</strong></span> <span class='ocrx_word' id='word_1_202' title='bbox 1153 3070 1239 3116; x_wconf 80' lang='lat' dir='ltr'><strong>diebus</strong></span> 
     </span>
     <span class='ocr_line' id='line_1_27' title="bbox 263 3159 1241 3230; baseline -0.007 -21"><span class='ocrx_word' id='word_1_203' title='bbox 263 3164 365 3230; x_wconf 74' lang='lat' dir='ltr'><strong>fiebunt.</strong></span> <span class='ocrx_word' id='word_1_204' title='bbox 384 3163 461 3210; x_wconf 80' lang='lat' dir='ltr'><strong>Cato:</strong></span> <span class='ocrx_word' id='word_1_205' title='bbox 479 3170 649 3218; x_wconf 70' lang='lat' dir='ltr'><strong>sacrameto,</strong></span> <span class='ocrx_word' id='word_1_206' title='bbox 667 3164 801 3218; x_wconf 77' lang='lat' dir='ltr'><strong>solemnio,</strong></span> <span class='ocrx_word' id='word_1_207' title='bbox 821 3167 912 3207; x_wconf 79' lang='lat' dir='ltr'><strong>saneta</strong></span> <span class='ocrx_word' id='word_1_208' title='bbox 932 3160 1079 3208; x_wconf 76' lang='lat' dir='ltr'><strong>deseruisti.</strong></span> <span class='ocrx_word' id='word_1_209' title='bbox 1100 3160 1182 3204; x_wconf 80' lang='lat' dir='ltr'><strong>Codex</strong></span> <span class='ocrx_word' id='word_1_210' title='bbox 1194 3159 1241 3202; x_wconf 74' lang='lat' dir='ltr'><strong>ua-</strong></span> 
     </span>
     <span class='ocr_line' id='line_1_28' title="bbox 265 3247 1239 3299; baseline -0.008 -1"><span class='ocrx_word' id='word_1_211' title='bbox 265 3255 376 3299; x_wconf 82' lang='lat' dir='ltr'><strong>sileeusis</strong></span> <span class='ocrx_word' id='word_1_212' title='bbox 395 3255 464 3297; x_wconf 85' lang='lat' dir='ltr'><strong>Pauli</strong></span> <span class='ocrx_word' id='word_1_213' title='bbox 485 3256 538 3298; x_wconf 85' lang='lat' dir='ltr'><strong>dat:</strong></span> <span class='ocrx_word' id='word_1_214' title='bbox 572 3249 651 3297; x_wconf 80' lang='lat' dir='ltr'><strong>Cato:</strong></span> <span class='ocrx_word' id='word_1_215' title='bbox 678 3266 756 3296; x_wconf 78' lang='lat' dir='ltr'><strong>saera</strong></span> <span class='ocrx_word' id='word_1_216' title='bbox 776 3256 846 3295; x_wconf 78' lang='lat' dir='ltr'><strong>stuta</strong></span> <span class='ocrx_word' id='word_1_217' title='bbox 865 3250 990 3294; x_wconf 75' lang='lat' dir='ltr'><strong>solemnia</strong></span> <span class='ocrx_word' id='word_1_218' title='bbox 1011 3253 1101 3292; x_wconf 79' lang='lat' dir='ltr'><strong>sanctu</strong></span> <span class='ocrx_word' id='word_1_219' title='bbox 1119 3247 1239 3291; x_wconf 74' lang='lat' dir='ltr'><strong>seruasti.</strong></span> 
     </span>
     <span class='ocr_line' id='line_1_29' title="bbox 264 3331 1241 3401; baseline -0.01 -14"><span class='ocrx_word' id='word_1_220' title='bbox 264 3343 373 3401; x_wconf 77' lang='lat' dir='ltr'><strong>Gotttiug</strong></span> <span class='ocrx_word' id='word_1_221' title='bbox 397 3349 476 3388; x_wconf 81' lang='lat' dir='ltr'><strong>autem</strong></span> <span class='ocrx_word' id='word_1_222' title='bbox 498 3341 586 3386; x_wconf 83' lang='lat' dir='ltr'><strong>Geseh.</strong></span> <span class='ocrx_word' id='word_1_223' title='bbox 613 3343 636 3384; x_wconf 89' lang='lat' dir='ltr'><strong>d.</strong></span> <span class='ocrx_word' id='word_1_224' title='bbox 660 3341 723 3388; x_wconf 73' lang='lat' dir='ltr'><strong>rom.</strong></span> <span class='ocrx_word' id='word_1_225' title='bbox 746 3339 887 3384; x_wconf 81' lang='lat' dir='ltr'><strong>staatsverl.</strong></span> <span class='ocrx_word' id='word_1_226' title='bbox 909 3351 933 3392; x_wconf 84' lang='lat' dir='ltr'><strong>p.</strong></span> <span class='ocrx_word' id='word_1_227' title='bbox 956 3331 1015 3380; x_wconf 73' lang='lat' dir='ltr'><strong>its.</strong></span> <span class='ocrx_word' id='word_1_228' title='bbox 1047 3336 1129 3393; x_wconf 74' lang='lat' dir='ltr'><strong>cupite</strong></span> <span class='ocrx_word' id='word_1_229' title='bbox 1149 3341 1241 3379; x_wconf 79' lang='lat' dir='ltr'><strong>saneto</strong></span> 
     </span>
     <span class='ocr_line' id='line_1_30' title="bbox 265 3422 1241 3483; baseline -0.008 -10"><span class='ocrx_word' id='word_1_230' title='bbox 265 3431 325 3476; x_wconf 85' lang='lat' dir='ltr'><strong>bene</strong></span> <span class='ocrx_word' id='word_1_231' title='bbox 348 3431 438 3475; x_wconf 87' lang='lat' dir='ltr'><strong>dictum</strong></span> <span class='ocrx_word' id='word_1_232' title='bbox 461 3435 543 3475; x_wconf 83' lang='lat' dir='ltr'><strong>censet</strong></span> <span class='ocrx_word' id='word_1_233' title='bbox 561 3431 579 3474; x_wconf 86' lang='lat' dir='ltr'><strong>i.</strong></span> <span class='ocrx_word' id='word_1_234' title='bbox 600 3444 622 3474; x_wconf 83' lang='lat' dir='ltr'><strong>e·</strong></span> <span class='ocrx_word' id='word_1_235' title='bbox 646 3441 738 3472; x_wconf 77' lang='lat' dir='ltr'><strong>sumtus</strong></span> <span class='ocrx_word' id='word_1_236' title='bbox 760 3441 836 3483; x_wconf 83' lang='lat' dir='ltr'><strong>poeua</strong></span> <span class='ocrx_word' id='word_1_237' title='bbox 854 3431 946 3470; x_wconf 84' lang='lat' dir='ltr'><strong>sancta.</strong></span> <span class='ocrx_word' id='word_1_238' title='bbox 991 3425 1056 3468; x_wconf 86' lang='lat' dir='ltr'><strong>Dicit</strong></span> <span class='ocrx_word' id='word_1_239' title='bbox 1078 3425 1162 3468; x_wconf 84' lang='lat' dir='ltr'><strong>enim:</strong></span> <span class='ocrx_word' id='word_1_240' title='bbox 1194 3422 1241 3466; x_wconf 87' lang='lat' dir='ltr'><strong>Elu</strong></span> 
     </span>
     <span class='ocr_line' id='line_1_31' title="bbox 264 3512 1238 3572; baseline -0.007 -10"><span class='ocrx_word' id='word_1_241' title='bbox 264 3521 325 3564; x_wconf 78' lang='lat' dir='ltr'><strong>altos</strong></span> <span class='ocrx_word' id='word_1_242' title='bbox 347 3519 435 3564; x_wconf 78' lang='lat' dir='ltr'><strong>Genetz</strong></span> <span class='ocrx_word' id='word_1_243' title='bbox 457 3519 551 3571; x_wconf 84' lang='lat' dir='ltr'><strong>verbot,</strong></span> <span class='ocrx_word' id='word_1_244' title='bbox 574 3519 611 3562; x_wconf 80' lang='lat' dir='ltr'><strong>die</strong></span> <span class='ocrx_word' id='word_1_245' title='bbox 631 3518 704 3561; x_wconf 82' lang='lat' dir='ltr'><strong>Sacra</strong></span> <span class='ocrx_word' id='word_1_246' title='bbox 722 3529 752 3560; x_wconf 87' lang='lat' dir='ltr'><strong>zu</strong></span> <span class='ocrx_word' id='word_1_247' title='bbox 772 3517 921 3558; x_wconf 76' lang='lat' dir='ltr'><strong>untes-tasson</strong></span> <span class='ocrx_word' id='word_1_248' title='bbox 943 3517 1002 3558; x_wconf 88' lang='lat' dir='ltr'><strong>oder</strong></span> <span class='ocrx_word' id='word_1_249' title='bbox 1019 3525 1063 3570; x_wconf 76' lang='lat' dir='ltr'><strong>gar</strong></span> <span class='ocrx_word' id='word_1_250' title='bbox 1080 3512 1238 3572; x_wconf 63' lang='lat' dir='ltr'><strong>antingehem</strong></span> 
     </span>
     <span class='ocr_line' id='line_1_32' title="bbox 264 3601 1243 3661; baseline -0.009 -10"><span class='ocrx_word' id='word_1_251' title='bbox 264 3609 312 3651; x_wconf 83' lang='lat' dir='ltr'><strong>und</strong></span> <span class='ocrx_word' id='word_1_252' title='bbox 335 3606 396 3651; x_wconf 84' lang='lat' dir='ltr'><strong>Cato</strong></span> <span class='ocrx_word' id='word_1_253' title='bbox 417 3613 489 3652; x_wconf 83' lang='lat' dir='ltr'><strong>neunt</strong></span> <span class='ocrx_word' id='word_1_254' title='bbox 513 3608 578 3651; x_wconf 73' lang='lat' dir='ltr'><strong>disse</strong></span> <span class='ocrx_word' id='word_1_255' title='bbox 600 3618 677 3649; x_wconf 79' lang='lat' dir='ltr'><strong>ruera</strong></span> <span class='ocrx_word' id='word_1_256' title='bbox 702 3617 775 3661; x_wconf 80' lang='lat' dir='ltr'><strong>sogar</strong></span> <span class='ocrx_word' id='word_1_257' title='bbox 800 3603 882 3661; x_wconf 81' lang='lat' dir='ltr'><strong>cupite</strong></span> <span class='ocrx_word' id='word_1_258' title='bbox 907 3607 1007 3646; x_wconf 76' lang='lat' dir='ltr'><strong>sanctu.</strong></span> <span class='ocrx_word' id='word_1_259' title='bbox 1052 3601 1128 3644; x_wconf 81' lang='lat' dir='ltr'><strong>Sacra</strong></span> <span class='ocrx_word' id='word_1_260' title='bbox 1149 3601 1243 3655; x_wconf 82' lang='lat' dir='ltr'><strong>privata</strong></span> 
     </span>
     <span class='ocr_line' id='line_1_33' title="bbox 266 3689 1243 3745; baseline -0.009 -6"><span class='ocrx_word' id='word_1_261' title='bbox 266 3710 313 3739; x_wconf 92' lang='lat' dir='ltr'><strong>uon</strong></span> <span class='ocrx_word' id='word_1_262' title='bbox 335 3710 393 3739; x_wconf 83' lang='lat' dir='ltr'><strong>raro</strong></span> <span class='ocrx_word' id='word_1_263' title='bbox 415 3695 519 3740; x_wconf 83' lang='lat' dir='ltr'><strong>interimi</strong></span> <span class='ocrx_word' id='word_1_264' title='bbox 542 3696 579 3739; x_wconf 80' lang='lat' dir='ltr'><strong>vel</strong></span> <span class='ocrx_word' id='word_1_265' title='bbox 601 3694 681 3736; x_wconf 82' lang='lat' dir='ltr'><strong>deseri</strong></span> <span class='ocrx_word' id='word_1_266' title='bbox 708 3692 832 3745; x_wconf 83' lang='lat' dir='ltr'><strong>sotebant,</strong></span> <span class='ocrx_word' id='word_1_267' title='bbox 855 3695 982 3744; x_wconf 81' lang='lat' dir='ltr'><strong>propterea</strong></span> <span class='ocrx_word' id='word_1_268' title='bbox 1005 3689 1067 3745; x_wconf 90' lang='lat' dir='ltr'><strong>quod</strong></span> <span class='ocrx_word' id='word_1_269' title='bbox 1093 3691 1195 3732; x_wconf 87' lang='lat' dir='ltr'><strong>molesta</strong></span> <span class='ocrx_word' id='word_1_270' title='bbox 1218 3691 1243 3730; x_wconf 89' lang='lat' dir='ltr'><strong>et</strong></span> 
     </span>
     <span class='ocr_line' id='line_1_34' title="bbox 271 3777 1242 3836; baseline -0.01 -8"><span class='ocrx_word' id='word_1_271' title='bbox 271 3788 395 3828; x_wconf 84' lang='lat' dir='ltr'><strong>sumtuosa</strong></span> <span class='ocrx_word' id='word_1_272' title='bbox 424 3787 502 3830; x_wconf 83' lang='lat' dir='ltr'><strong>erant.</strong></span> <span class='ocrx_word' id='word_1_273' title='bbox 548 3779 619 3825; x_wconf 78' lang='lat' dir='ltr'><strong>Conl.</strong></span> <span class='ocrx_word' id='word_1_274' title='bbox 646 3784 742 3836; x_wconf 83' lang='lat' dir='ltr'><strong>praeter</strong></span> <span class='ocrx_word' id='word_1_275' title='bbox 775 3778 934 3836; x_wconf 80' lang='lat' dir='ltr'><strong>Gtittliugtum</strong></span> <span class='ocrx_word' id='word_1_276' title='bbox 961 3777 1119 3821; x_wconf 82' lang='lat' dir='ltr'><strong>llitllmanuns</strong></span> <span class='ocrx_word' id='word_1_277' title='bbox 1149 3787 1242 3832; x_wconf 86' lang='lat' dir='ltr'><strong>quoque</strong></span> 
     </span>
     <span class='ocr_line' id='line_1_35' title="bbox 266 3863 760 3924; baseline -0.016 -5"><span class='ocrx_word' id='word_1_278' title='bbox 266 3875 306 3919; x_wconf 81' lang='lat' dir='ltr'><strong>lus</strong></span> <span class='ocrx_word' id='word_1_279' title='bbox 324 3871 477 3918; x_wconf 80' lang='lat' dir='ltr'><strong>Pontificlnm</strong></span> <span class='ocrx_word' id='word_1_280' title='bbox 498 3872 543 3915; x_wconf 81' lang='lat' dir='ltr'><strong>der</strong></span> <span class='ocrx_word' id='word_1_281' title='bbox 560 3871 650 3914; x_wconf 73' lang='lat' dir='ltr'><strong>Romen·</strong></span> <span class='ocrx_word' id='word_1_282' title='bbox 669 3883 693 3924; x_wconf 86' lang='lat' dir='ltr'><strong>p.</strong></span> <span class='ocrx_word' id='word_1_283' title='bbox 717 3863 760 3912; x_wconf 75' lang='lat'><strong>7⁹.</strong></span> 
     </span>
    </p>
   </div>
   <div class='ocr_carea' id='block_1_7' title="bbox 195 3997 1246 4402">
    <p class='ocr_par' dir='ltr' id='par_1_7' title="bbox 195 3997 1246 4402">
     <span class='ocr_line' id='line_1_36' title="bbox 260 3997 1243 4094; baseline -0.015 -18"><span class='ocrx_word' id='word_1_284' title='bbox 260 4013 376 4076; x_wconf 87' lang='lat' dir='ltr'><strong>Festus</strong></span> <span class='ocrx_word' id='word_1_285' title='bbox 408 4033 442 4094; x_wconf 93' lang='lat' dir='ltr'><strong>p.</strong></span> <span class='ocrx_word' id='word_1_286' title='bbox 474 4011 550 4072; x_wconf 78' lang='lat' dir='ltr'><strong>28l.</strong></span> <span class='ocrx_word' id='word_1_287' title='bbox 588 4006 774 4072; x_wconf 83' lang='lat' dir='ltr'><strong>Prohibere</strong></span> <span class='ocrx_word' id='word_1_288' title='bbox 802 4001 944 4069; x_wconf 86' lang='lat' dir='ltr'><strong>comitia</strong></span> <span class='ocrx_word' id='word_1_289' title='bbox 973 3999 1090 4064; x_wconf 85' lang='lat' dir='ltr'><strong>dicitur</strong></span> <span class='ocrx_word' id='word_1_290' title='bbox 1128 3997 1243 4061; x_wconf 86' lang='lat' dir='ltr'><strong>vitiare</strong></span> 
     </span>
     <span class='ocr_line' id='line_1_37' title="bbox 195 4100 1244 4198; baseline -0.015 -20"><span class='ocrx_word' id='word_1_291' title='bbox 195 4113 278 4178; x_wconf 87' lang='lat' dir='ltr'><strong>diem</strong></span> <span class='ocrx_word' id='word_1_292' title='bbox 302 4115 438 4190; x_wconf 87' lang='lat' dir='ltr'><strong>morbo,</strong></span> <span class='ocrx_word' id='word_1_293' title='bbox 463 4110 519 4198; x_wconf 89' lang='lat' dir='ltr'><strong>qui</strong></span> <span class='ocrx_word' id='word_1_294' title='bbox 546 4110 645 4194; x_wconf 87' lang='lat' dir='ltr'><strong>vulgo</strong></span> <span class='ocrx_word' id='word_1_295' title='bbox 672 4109 798 4195; x_wconf 87' lang='lat' dir='ltr'><strong>quidem</strong></span> <span class='ocrx_word' id='word_1_296' title='bbox 826 4105 947 4182; x_wconf 87' lang='lat' dir='ltr'><strong>maior,</strong></span> <span class='ocrx_word' id='word_1_297' title='bbox 975 4113 1118 4165; x_wconf 87' lang='lat' dir='ltr'><strong>ceterum</strong></span> <span class='ocrx_word' id='word_1_298' title='bbox 1142 4103 1185 4163; x_wconf 91' lang='lat' dir='ltr'><strong>ob</strong></span> <span class='ocrx_word' id='word_1_299' title='bbox 1210 4100 1244 4162; x_wconf 90' lang='lat' dir='ltr'><strong>id</strong></span> 
     </span>
     <span class='ocr_line' id='line_1_38' title="bbox 195 4204 1245 4301; baseline -0.015 -21"><span class='ocrx_word' id='word_1_300' title='bbox 195 4218 299 4301; x_wconf 91' lang='lat' dir='ltr'><strong>ipsum</strong></span> <span class='ocrx_word' id='word_1_301' title='bbox 316 4214 485 4280; x_wconf 89' lang='lat' dir='ltr'><strong>comitialis</strong></span> <span class='ocrx_word' id='word_1_302' title='bbox 504 4214 695 4295; x_wconf 88' lang='lat' dir='ltr'><strong>appellatur.</strong></span> <span class='ocrx_word' id='word_1_303' title='bbox 729 4216 816 4277; x_wconf 83' lang='lat' dir='ltr'><strong>Coto</strong></span> <span class='ocrx_word' id='word_1_304' title='bbox 833 4211 869 4271; x_wconf 85' lang='lat' dir='ltr'><strong>in</strong></span> <span class='ocrx_word' id='word_1_305' title='bbox 886 4231 928 4269; x_wconf 87' lang='lat' dir='ltr'><strong>ea</strong></span> <span class='ocrx_word' id='word_1_306' title='bbox 945 4204 1121 4282; x_wconf 85' lang='lat' dir='ltr'><strong>oratione,</strong></span> <span class='ocrx_word' id='word_1_307' title='bbox 1139 4224 1245 4288; x_wconf 75' lang='lat' dir='ltr'><strong>quam</strong></span> 
     </span>
     <span class='ocr_line' id='line_1_39' title="bbox 195 4304 1246 4402; baseline -0.017 -19"><span class='ocrx_word' id='word_1_308' title='bbox 195 4320 338 4402; x_wconf 84' lang='lat' dir='ltr'><strong>scripsit</strong></span> <span class='ocrx_word' id='word_1_309' title='bbox 362 4319 404 4381; x_wconf 77' lang='lat' dir='ltr'><strong>de</strong></span> <span class='ocrx_word' id='word_1_310' title='bbox 429 4315 614 4399; x_wconf 82' lang='lat' dir='ltr'><strong>sacrilegio</strong></span> <span class='ocrx_word' id='word_1_311' title='bbox 644 4313 849 4379; x_wconf 80' lang='lat' dir='ltr'><strong>commisso:</strong></span> <span class='ocrx_word' id='word_1_312' title='bbox 884 4308 991 4371; x_wconf 85' lang='lat' dir='ltr'><strong>Domi</strong></span> <span class='ocrx_word' id='word_1_313' title='bbox 1016 4325 1098 4366; x_wconf 85' lang='lat' dir='ltr'><strong>eum</strong></span> <span class='ocrx_word' id='word_1_314' title='bbox 1127 4304 1246 4384; x_wconf 85' lang='lat' dir='ltr'><strong>auspi·</strong></span> 
     </span>
    </p>
   </div>
   <div class='ocr_carea' id='block_1_8' title="bbox 0 0 1505 4836">
    <p class='ocr_par' dir='ltr' id='par_1_8' title="bbox 0 0 1505 4836">
     <span class='ocr_line' id='line_1_40' title="bbox 0 0 1505 4836; baseline 0 0"><span class='ocrx_word' id='word_1_315' title='bbox 0 0 1505 4836; x_wconf 95' lang='lat' dir='ltr'><strong> </strong></span> 
     </span>
    </p>
   </div>
  </div>
 </body>
</html>
