2992 4844
477 557 506 614 3.
547 555 645 613 Oratio
665 558 701 614 de
721 558 874 631 triumpho.

216 689 265 752 Ea
287 686 371 750 dieta
401 699 448 750 est
473 707 504 750 a.
535 689 594 750 ott
625 691 727 766 (107.)
772 691 924 754 Metellus
946 690 1201 776 invidia„populi

153 803 283 856 coaetus
316 787 497 852 Numidiam
526 789 725 871 provinciam
755 791 924 877 relinquit,
958 806 1053 878 atque
1088 797 1200 860 Mario

152 891 277 958 consuli
298 893 418 954 bellum
439 892 663 975 Iugurthinum
693 894 848 957 defertur.
895 895 975 960 Cum
999 909 1102 960 autem
1124 900 1200 962 Me-

150 995 245 1060 tellus
261 997 396 1058 Romam
412 1015 560 1056 reversus
584 1005 681 1071 esset,
705 995 824 1060 inimici
844 996 911 1060 eius
926 999 1059 1080 amplius
1075 1003 1201 1066 detrec·

151 1097 297 1160 tareeius
313 1097 419 1159 laudes
436 1118 499 1159 non
517 1099 613 1160 modo
630 1118 694 1160 non
711 1102 876 1174 audebant,
894 1123 1003 1163 verum
1021 1101 1200 1185 triumphus

151 1199 181 1263 ei
197 1198 385 1262 unanimiter
400 1198 607 1280 permittitur.
630 1201 758 1263 Sallust.
778 1202 851 1283 lug.
868 1202 921 1265 88.
940 1203 1084 1266 Velleius
1097 1206 1126 1279 2,
1146 1208 1198 1267 11.

216 1302 339 1364 Gellius
373 1302 429 1376 12,
466 1302 499 1364 9.
549 1305 726 1366 Honorem
754 1325 884 1386 quoque
921 1305 1053 1366 mediam
1085 1327 1198 1369 vocem

149 1404 259 1480 fuisse,
276 1415 306 1467 et
322 1405 363 1466 ita
381 1404 584 1486 appellatum,
608 1415 641 1465 ut
664 1403 757 1465 etiam
782 1408 893 1468 molus
915 1407 1024 1469 honos
1041 1406 1199 1471 diceretur

150 1520 182 1571 et
211 1507 407 1591 significaret
440 1507 626 1581 iniuriam,
663 1505 696 1568 id
728 1507 880 1587 proiecto
914 1507 1108 1571 rarissimum
1136 1521 1196 1573 est.

149 1614 194 1693 Q.
218 1621 334 1672 autem
356 1611 521 1674 Metellus
544 1608 751 1672 Numidicus
774 1609 808 1672 in
831 1611 1007 1684 oratione,
1033 1612 1200 1694 quamde

150 1713 326 1794 triumpho
353 1733 417 1776 suo
440 1710 552 1786 dixit,
586 1712 639 1774 liis
667 1711 777 1774 uerbis
806 1734 887 1776 usus
911 1726 980 1775 est:
1003 1717 1082 1795 Qua
1103 1713 1138 1776 in
1162 1737 1199 1777 re

151 1827 281 1899 quanto
296 1814 448 1878 uniuersi
464 1836 516 1876 me
533 1835 640 1875 unum
654 1814 849 1888 antestetis,
873 1826 971 1878 tanto
987 1815 1079 1878 vobis
1095 1838 1200 1900 quom

150 1918 234 1980 midi
267 1917 434 1980 maiorem
472 1916 639 1978 iniuriam
670 1929 771 1999 atque
810 1918 1052 1980 contumeliam
1080 1917 1196 2007 facit,

149 2021 316 2104 Quirites,
340 2031 374 2081 et
396 2031 526 2102 qreonto
547 2019 647 2100 probi
672 2019 837 2082 iniurium
848 2018 1005 2109 facilius
1026 2021 1201 2103 occipiunt

149 2143 254 2204 quom
269 2121 372 2184 alteri
396 2121 549 2194 tradunt,
574 2133 670 2182 tanto
693 2121 749 2184 ille
771 2123 865 2184 uobis
887 2143 991 2205 quom
1006 2122 1090 2184 milri
1101 2123 1199 2204 peio-

149 2246 223 2286 rem
244 2226 409 2287 honorem
432 2223 563 2285 habuit.
607 2225 702 2286 Nom
733 2246 785 2286 me
808 2225 971 2286 iniurium
983 2223 1114 2310 ferre,
1139 2243 1201 2288 vos

146 2323 271 2412 facere
293 2329 379 2400 vttlt,
404 2325 579 2407 Quirites,
610 2337 648 2386 eit
674 2325 728 2386 hic
758 2327 978 2408 conquestio,
1012 2327 1089 2388 istic
1112 2327 1200 2388 ritu-

146 2427 526 2512 peratiorelinquotur.
552 2458 590 2466 -
613 2429 801 2500 Honorem,
827 2428 948 2510 inquit,
970 2429 1126 2508 peiorem
1142 2450 1200 2491 vo·
1286 2483 1288 2486 .

148 2529 201 2593 bis
223 2530 340 2592 habuit
363 2553 466 2614 quom
489 2528 590 2592 milri:
613 2529 702 2590 euius
726 2528 818 2591 verbi
840 2530 992 2592 sententia
1015 2542 1078 2605 est,
1103 2550 1197 2612 quam

147 2631 216 2714 ipse
239 2653 367 2716 quoque
390 2655 486 2714 supra
510 2630 606 2694 dicit:
632 2631 763 2694 maiore
789 2653 848 2694 vos
869 2629 988 2718 offecit
1010 2632 1142 2696 iniuria
1164 2643 1199 2696 et

148 2736 355 2798 contumelio
369 2757 472 2818 quom
488 2757 553 2797 me.
598 2735 734 2798 Praeter
755 2733 849 2795 buius
864 2746 966 2796 autem
984 2731 1076 2795 verbi
1091 2733 1197 2797 notio-

148 2859 219 2899 nem
244 2835 482 2899 adscribendam
506 2859 573 2900 esse
602 2838 683 2897 hanc
710 2836 895 2898 sententiam
918 2835 1127 2899 exoratione
1152 2836 1195 2915 Q.

148 2939 275 3002 Metelli
298 2938 496 3016 existimari,
530 2950 564 3000 ut
595 2938 797 3001 definiremus
822 2937 964 3002 Socratis
993 2959 1062 3000 esse
1084 2939 1196 3000 decre·

148 3053 212 3102 tum
236 3037 366 3107 Kcixcov
389 3033 472 3107 εἶναι
497 3038 534 3105 τὸ
561 3036 683 3106 ἀδικεῖν
706 3040 765 3104 τοῦ
789 3036 993 3105 ἀδικεῖσθαι.

176 3183 258 3245 socii]
296 3188 388 3232 scilicet
398 3183 509 3234 Murius.
525 3189 552 3230 de
569 3201 598 3231 eo
612 3187 674 3232 enim
688 3185 730 3230 hee
745 3191 811 3242 parte
825 3186 940 3228 orationis
953 3185 1058 3242 loquitur
1072 3186 1194 3228 Metellus.

187 3275 363 3318 contumetiam
375 3271 455 3333 serit]
492 3276 515 3318 id
536 3276 646 3332 loquendi
665 3289 740 3333 genus
760 3273 847 3318 Cicero
866 3275 889 3316 in
909 3273 1011 3319 Antonio
1030 3272 1193 3328 reprehendit.

155 3333 158 3342 ’
217 3363 323 3418 riuupp.
345 3359 375 3418 3,
397 3360 420 3408 9.
441 3364 530 3406 Μυκη
550 3365 609 3408 var.
631 3363 707 3408 recu.
730 3358 753 3417 ⁶,
778 3359 818 3408 tt.

268 3639 295 3693 lt.
336 3637 436 3694 Oratio
457 3640 494 3694 ad
514 3641 653 3710 populum
673 3640 709 3694 de
730 3639 869 3693 ducendis
890 3637 1037 3692 uxoribus.

213 3769 292 3830 Eam
316 3769 468 3832 Metellus
497 3767 529 3832 in
554 3790 686 3832 censura
717 3791 745 3831 a.
768 3768 828 3830 652
852 3769 940 3846 (101)
963 3765 1110 3828 habuisse
1132 3777 1197 3826 tra·

147 3870 247 3932 ditur.
280 3871 342 3933 Sed
372 3871 495 3934 Gellius
532 3876 565 3946 1,
597 3873 628 3933 6.
679 3870 816 3934 Metello
851 3869 1042 3934 Numidico,
1079 3863 1197 3926 Livius

147 3971 288 4036 Metello
319 3973 535 4036 Macedonico
565 3961 689 4035 tribuit.
741 3974 816 4055 Ego
846 3969 955 4032 neseio
979 3988 1073 4050 quam
1094 3955 1195 4038 reete,

146 4073 246 4138 Livio
277 4075 431 4138 inriorem
463 4075 557 4136 fidem
595 4073 801 4136 adhibendam
839 4081 926 4134 ratus
958 4087 1051 4149 quam
1077 4060 1195 4134 Gellio,

146 4177 352 4243 orationibus
375 4175 597 4243 Macedonici
623 4197 701 4257 pag.
726 4175 804 4250 160,
828 4173 1040 4253 fragmentum
1065 4160 1196 4224 inserui.

145 4279 199 4342 Ae
213 4300 329 4344 revera
353 4279 386 4342 in
412 4278 540 4342 dubium
567 4274 677 4340 vocari
698 4285 815 4356 potest,
843 4269 906 4332 utri
925 4262 1077 4345 scriptori
1092 4262 1200 4344 potius
