<?xml version="1.0" encoding="UTF-8"?>
<!DOCTYPE html PUBLIC "-//W3C//DTD XHTML 1.0 Transitional//EN"
    "http://www.w3.org/TR/xhtml1/DTD/xhtml1-transitional.dtd">
<html xmlns="http://www.w3.org/1999/xhtml" xml:lang="en" lang="en">
 <head>
  <title>
</title>
<meta http-equiv="Content-Type" content="text/html;charset=utf-8" />
  <meta name='ocr-system' content='tesseract 3.04.00' />
  <meta name='ocr-capabilities' content='ocr_page ocr_carea ocr_par ocr_line ocrx_word'/>
</head>
<body>
  <div class='ocr_page' id='page_1' title='image "./oratorumromanor02meyegoog_0190.png"; bbox 0 0 2992 4840; ppageno 0'>
   <div class='ocr_carea' id='block_1_1' title="bbox 239 343 307 423">
    <p class='ocr_par' dir='ltr' id='par_1_1' title="bbox 239 343 307 423">
     <span class='ocr_line' id='line_1_1' title="bbox 239 343 307 423; baseline -0.059 0"><span class='ocrx_word' id='word_1_1' title='bbox 239 343 307 423; x_wconf 81' lang='lat' dir='ltr'><strong>no&#39;</strong></span> 
     </span>
    </p>
   </div>
   <div class='ocr_carea' id='block_1_2' title="bbox 237 513 1285 804">
    <p class='ocr_par' dir='ltr' id='par_1_2' title="bbox 237 513 1285 804">
     <span class='ocr_line' id='line_1_2' title="bbox 239 513 1285 598; baseline -0.002 -18"><span class='ocrx_word' id='word_1_2' title='bbox 239 517 371 580; x_wconf 86' lang='lat' dir='ltr'><strong>tionem</strong></span> <span class='ocrx_word' id='word_1_3' title='bbox 397 535 459 578; x_wconf 92' lang='lat' dir='ltr'><strong>nec</strong></span> <span class='ocrx_word' id='word_1_4' title='bbox 482 516 607 580; x_wconf 85' lang='lat' dir='ltr'><strong>Caluus</strong></span> <span class='ocrx_word' id='word_1_5' title='bbox 630 514 792 598; x_wconf 74' lang='lat' dir='ltr'><strong>argutas</strong></span> <span class='ocrx_word' id='word_1_6' title='bbox 820 533 880 578; x_wconf 88' lang='lat' dir='ltr'><strong>nee</strong></span> <span class='ocrx_word' id='word_1_7' title='bbox 909 513 1162 596; x_wconf 73' lang='lat' dir='ltr'><strong>parsimontmn</strong></span> <span class='ocrx_word' id='word_1_8' title='bbox 1186 518 1285 580; x_wconf 86' lang='lat' dir='ltr'><strong>Sulu-</strong></span> 
     </span>
     <span class='ocr_line' id='line_1_3' title="bbox 237 611 1040 701; baseline -0.007 -17"><span class='ocrx_word' id='word_1_9' title='bbox 237 620 327 684; x_wconf 80' lang='lat' dir='ltr'><strong>rlius</strong></span> <span class='ocrx_word' id='word_1_10' title='bbox 349 639 411 682; x_wconf 88' lang='lat' dir='ltr'><strong>nec</strong></span> <span class='ocrx_word' id='word_1_11' title='bbox 436 617 650 701; x_wconf 80' lang='lat' dir='ltr'><em>opulentiam</em></span> <span class='ocrx_word' id='word_1_12' title='bbox 675 617 809 682; x_wconf 78' lang='lat' dir='ltr'><strong>Cicero.</strong></span> <span class='ocrx_word' id='word_1_13' title='bbox 1030 611 1040 620; x_wconf 79' lang='grc'><strong>’</strong></span> 
     </span>
     <span class='ocr_line' id='line_1_4' title="bbox 302 716 1201 804; baseline -0.004 -16"><span class='ocrx_word' id='word_1_14' title='bbox 302 721 460 788; x_wconf 84' lang='lat' dir='ltr'><strong>Novimus</strong></span> <span class='ocrx_word' id='word_1_15' title='bbox 484 723 587 786; x_wconf 85' lang='lat' dir='ltr'><strong>adhuc</strong></span> <span class='ocrx_word' id='word_1_16' title='bbox 610 741 728 804; x_wconf 83' lang='lat' dir='ltr'><strong>paucas</strong></span> <span class='ocrx_word' id='word_1_17' title='bbox 748 730 867 784; x_wconf 86' lang='lat' dir='ltr'><strong>tantum</strong></span> <span class='ocrx_word' id='word_1_18' title='bbox 894 717 999 784; x_wconf 87' lang='lat' dir='ltr'><strong>Laelii</strong></span> <span class='ocrx_word' id='word_1_19' title='bbox 1020 716 1201 786; x_wconf 89' lang='lat' dir='ltr'><strong>orationes.</strong></span> 
     </span>
    </p>
   </div>
   <div class='ocr_carea' id='block_1_3' title="bbox 364 989 1153 1063">
    <p class='ocr_par' dir='ltr' id='par_1_3' title="bbox 364 989 1153 1063">
     <span class='ocr_line' id='line_1_5' title="bbox 364 989 1153 1063; baseline -0.004 -12"><span class='ocrx_word' id='word_1_20' title='bbox 364 993 392 1051; x_wconf 86' lang='lat'><strong>1.</strong></span> <span class='ocrx_word' id='word_1_21' title='bbox 426 992 526 1050; x_wconf 80' lang='lat' dir='ltr'>Oratio</span> <span class='ocrx_word' id='word_1_22' title='bbox 550 993 586 1049; x_wconf 89' lang='lat' dir='ltr'><strong>de</strong></span> <span class='ocrx_word' id='word_1_23' title='bbox 607 990 743 1062; x_wconf 82' lang='lat' dir='ltr'><strong>Collegiis</strong></span> <span class='ocrx_word' id='word_1_24' title='bbox 766 995 867 1049; x_wconf 88' lang='lat' dir='ltr'><strong>contra</strong></span> <span class='ocrx_word' id='word_1_25' title='bbox 889 991 982 1063; x_wconf 81' lang='lat' dir='ltr'><strong>legem</strong></span> <span class='ocrx_word' id='word_1_26' title='bbox 1001 989 1153 1048; x_wconf 79' lang='lat' dir='ltr'><strong>Liciniam.</strong></span> 
     </span>
    </p>
   </div>
   <div class='ocr_carea' id='block_1_4' title="bbox 207 1139 1286 3689">
    <p class='ocr_par' dir='ltr' id='par_1_4' title="bbox 207 1139 1286 3285">
     <span class='ocr_line' id='line_1_6' title="bbox 303 1139 1285 1224; baseline -0.006 -14"><span class='ocrx_word' id='word_1_27' title='bbox 303 1147 384 1210; x_wconf 85' lang='lat' dir='ltr'><strong>Eam</strong></span> <span class='ocrx_word' id='word_1_28' title='bbox 408 1141 588 1208; x_wconf 89' lang='lat' dir='ltr'><strong>orationem</strong></span> <span class='ocrx_word' id='word_1_29' title='bbox 611 1139 741 1204; x_wconf 86' lang='lat' dir='ltr'><strong>Laelius</strong></span> <span class='ocrx_word' id='word_1_30' title='bbox 761 1139 794 1203; x_wconf 93' lang='lat' dir='ltr'><strong>in</strong></span> <span class='ocrx_word' id='word_1_31' title='bbox 813 1153 962 1224; x_wconf 86' lang='lat' dir='ltr'><strong>praetura</strong></span> <span class='ocrx_word' id='word_1_32' title='bbox 984 1161 1015 1206; x_wconf 87' lang='lat' dir='ltr'><strong>a.</strong></span> <span class='ocrx_word' id='word_1_33' title='bbox 1035 1140 1098 1208; x_wconf 78' lang='lat'><strong>609</strong></span> <span class='ocrx_word' id='word_1_34' title='bbox 1117 1141 1208 1221; x_wconf 77' lang='lat' dir='ltr'><strong>(lli)</strong></span> <span class='ocrx_word' id='word_1_35' title='bbox 1229 1144 1285 1204; x_wconf 85' lang='lat' dir='ltr'><strong>ha·</strong></span> 
     </span>
     <span class='ocr_line' id='line_1_7' title="bbox 237 1241 1285 1327; baseline -0.005 -15"><span class='ocrx_word' id='word_1_36' title='bbox 237 1247 318 1312; x_wconf 89' lang='lat' dir='ltr'><strong>buit.</strong></span> <span class='ocrx_word' id='word_1_37' title='bbox 363 1245 406 1312; x_wconf 85' lang='lat' dir='ltr'><strong>C.</strong></span> <span class='ocrx_word' id='word_1_38' title='bbox 427 1243 572 1309; x_wconf 87' lang='lat' dir='ltr'><strong>Licinius</strong></span> <span class='ocrx_word' id='word_1_39' title='bbox 594 1243 733 1309; x_wconf 79' lang='lat' dir='ltr'>Crassus</span> <span class='ocrx_word' id='word_1_40' title='bbox 756 1241 847 1324; x_wconf 86' lang='lat' dir='ltr'><strong>(rid.</strong></span> <span class='ocrx_word' id='word_1_41' title='bbox 871 1243 1037 1308; x_wconf 85' lang='lat' dir='ltr'><strong>Drumann</strong></span> <span class='ocrx_word' id='word_1_42' title='bbox 1060 1255 1088 1307; x_wconf 91' lang='lat' dir='ltr'><strong>t.</strong></span> <span class='ocrx_word' id='word_1_43' title='bbox 1106 1245 1138 1308; x_wconf 78' lang='lat' dir='ltr'><strong>l.</strong></span> <span class='ocrx_word' id='word_1_44' title='bbox 1160 1266 1196 1327; x_wconf 89' lang='lat' dir='ltr'><strong>p.</strong></span> <span class='ocrx_word' id='word_1_45' title='bbox 1215 1245 1285 1322; x_wconf 78' lang='lat'><strong>58.)</strong></span> 
     </span>
     <span class='ocr_line' id='line_1_8' title="bbox 235 1345 1286 1432; baseline -0.004 -17"><span class='ocrx_word' id='word_1_46' title='bbox 235 1352 384 1415; x_wconf 88' lang='lat' dir='ltr'><strong>tribunus</strong></span> <span class='ocrx_word' id='word_1_47' title='bbox 402 1347 506 1432; x_wconf 81' lang='lat' dir='ltr'><strong>plebis</strong></span> <span class='ocrx_word' id='word_1_48' title='bbox 524 1349 627 1432; x_wconf 84' lang='lat' dir='ltr'><strong>legem</strong></span> <span class='ocrx_word' id='word_1_49' title='bbox 647 1345 776 1423; x_wconf 90' lang='lat' dir='ltr'><strong>tulerat,</strong></span> <span class='ocrx_word' id='word_1_50' title='bbox 801 1358 836 1408; x_wconf 90' lang='lat' dir='ltr'><strong>ut</strong></span> <span class='ocrx_word' id='word_1_51' title='bbox 858 1349 1043 1412; x_wconf 74' lang='lat' dir='ltr'><strong>sacerdotes</strong></span> <span class='ocrx_word' id='word_1_52' title='bbox 1066 1368 1129 1410; x_wconf 88' lang='lat' dir='ltr'><strong>nou</strong></span> <span class='ocrx_word' id='word_1_53' title='bbox 1151 1346 1286 1430; x_wconf 88' lang='lat' dir='ltr'><strong>amplius</strong></span> 
     </span>
     <span class='ocr_line' id='line_1_9' title="bbox 238 1448 1286 1537; baseline -0.007 -18"><span class='ocrx_word' id='word_1_54' title='bbox 238 1451 385 1537; x_wconf 72' lang='lat' dir='ltr'>collegiis</span> <span class='ocrx_word' id='word_1_55' title='bbox 406 1449 610 1535; x_wconf 87' lang='lat' dir='ltr'><strong>pontificum,</strong></span> <span class='ocrx_word' id='word_1_56' title='bbox 635 1453 693 1514; x_wconf 88' lang='lat' dir='ltr'><strong>sed</strong></span> <span class='ocrx_word' id='word_1_57' title='bbox 717 1471 734 1512; x_wconf 90' lang='lat' dir='ltr'><strong>a</strong></span> <span class='ocrx_word' id='word_1_58' title='bbox 760 1448 884 1532; x_wconf 92' lang='lat' dir='ltr'><strong>populo</strong></span> <span class='ocrx_word' id='word_1_59' title='bbox 910 1448 942 1512; x_wconf 89' lang='lat' dir='ltr'><strong>in</strong></span> <span class='ocrx_word' id='word_1_60' title='bbox 968 1449 1107 1514; x_wconf 85' lang='lat' dir='ltr'><strong>comitiis</strong></span> <span class='ocrx_word' id='word_1_61' title='bbox 1135 1471 1199 1515; x_wconf 90' lang='lat' dir='ltr'><strong>nou</strong></span> <span class='ocrx_word' id='word_1_62' title='bbox 1230 1449 1286 1513; x_wconf 88' lang='lat' dir='ltr'><strong>ali·</strong></span> 
     </span>
     <span class='ocr_line' id='line_1_10' title="bbox 207 1551 1284 1642; baseline -0.004 -22"><span class='ocrx_word' id='word_1_63' title='bbox 207 1563 286 1620; x_wconf 90' lang='lat' dir='ltr'><strong>&#39;ter</strong></span> <span class='ocrx_word' id='word_1_64' title='bbox 311 1577 405 1642; x_wconf 88' lang='lat' dir='ltr'><strong>quam</strong></span> <span class='ocrx_word' id='word_1_65' title='bbox 431 1551 550 1638; x_wconf 80' lang='lat' dir='ltr'><strong>reliqui</strong></span> <span class='ocrx_word' id='word_1_66' title='bbox 576 1551 781 1635; x_wconf 70' lang='lat' dir='ltr'><strong>magistratus</strong></span> <span class='ocrx_word' id='word_1_67' title='bbox 806 1563 1005 1617; x_wconf 76' lang='lat' dir='ltr'><strong>crearentur.</strong></span> <span class='ocrx_word' id='word_1_68' title='bbox 1051 1555 1100 1617; x_wconf 87' lang='lat' dir='ltr'><strong>Ea</strong></span> <span class='ocrx_word' id='word_1_69' title='bbox 1123 1565 1227 1616; x_wconf 89' lang='lat' dir='ltr'><strong>autem</strong></span> <span class='ocrx_word' id='word_1_70' title='bbox 1248 1575 1284 1616; x_wconf 89' lang='lat' dir='ltr'><strong>re</strong></span> 
     </span>
     <span class='ocr_line' id='line_1_11' title="bbox 237 1653 1285 1740; baseline -0.005 -17"><span class='ocrx_word' id='word_1_71' title='bbox 237 1681 302 1723; x_wconf 93' lang='lat' dir='ltr'><strong>non</strong></span> <span class='ocrx_word' id='word_1_72' title='bbox 321 1659 425 1721; x_wconf 89' lang='lat' dir='ltr'><strong>solum</strong></span> <span class='ocrx_word' id='word_1_73' title='bbox 441 1653 656 1721; x_wconf 84' lang='lat' dir='ltr'><strong>conditionem</strong></span> <span class='ocrx_word' id='word_1_74' title='bbox 680 1657 895 1732; x_wconf 88' lang='lat' dir='ltr'><strong>sacerdotum,</strong></span> <span class='ocrx_word' id='word_1_75' title='bbox 914 1659 972 1719; x_wconf 87' lang='lat' dir='ltr'><strong>sed</strong></span> <span class='ocrx_word' id='word_1_76' title='bbox 989 1655 1131 1720; x_wconf 87' lang='lat' dir='ltr'><strong>instituta</strong></span> <span class='ocrx_word' id='word_1_77' title='bbox 1153 1677 1285 1740; x_wconf 88' lang='lat' dir='ltr'><strong>quoque</strong></span> 
     </span>
     <span class='ocr_line' id='line_1_12' title="bbox 238 1756 1284 1840; baseline -0.004 -15"><span class='ocrx_word' id='word_1_78' title='bbox 238 1783 329 1826; x_wconf 84' lang='lat' dir='ltr'><strong>sacra</strong></span> <span class='ocrx_word' id='word_1_79' title='bbox 356 1772 388 1824; x_wconf 93' lang='lat' dir='ltr'><strong>et</strong></span> <span class='ocrx_word' id='word_1_80' title='bbox 410 1769 508 1823; x_wconf 89' lang='lat' dir='ltr'><strong>totam</strong></span> <span class='ocrx_word' id='word_1_81' title='bbox 530 1778 611 1840; x_wconf 88' lang='lat' dir='ltr'><strong>pene</strong></span> <span class='ocrx_word' id='word_1_82' title='bbox 634 1756 882 1840; x_wconf 87' lang='lat' dir='ltr'><strong>rempublicam</strong></span> <span class='ocrx_word' id='word_1_83' title='bbox 908 1769 1056 1822; x_wconf 86' lang='lat' dir='ltr'><strong>mutatam</strong></span> <span class='ocrx_word' id='word_1_84' title='bbox 1081 1757 1166 1832; x_wconf 83' lang='lat' dir='ltr'><strong>lore,</strong></span> <span class='ocrx_word' id='word_1_85' title='bbox 1189 1758 1284 1821; x_wconf 87' lang='lat' dir='ltr'><strong>laeile</strong></span> 
     </span>
     <span class='ocr_line' id='line_1_13' title="bbox 236 1858 1285 1948; baseline -0.002 -20"><span class='ocrx_word' id='word_1_86' title='bbox 236 1862 374 1948; x_wconf 79' lang='lat' dir='ltr'><strong>intelligi</strong></span> <span class='ocrx_word' id='word_1_87' title='bbox 402 1873 531 1946; x_wconf 84' lang='lat' dir='ltr'><strong>potest:</strong></span> <span class='ocrx_word' id='word_1_88' title='bbox 562 1859 697 1924; x_wconf 88' lang='lat' dir='ltr'><strong>sienim</strong></span> <span class='ocrx_word' id='word_1_89' title='bbox 733 1858 880 1924; x_wconf 84' lang='lat' dir='ltr'><strong>Licinius</strong></span> <span class='ocrx_word' id='word_1_90' title='bbox 909 1860 1089 1938; x_wconf 82' lang='lat' dir='ltr'><strong>effecisset,</strong></span> <span class='ocrx_word' id='word_1_91' title='bbox 1118 1873 1194 1924; x_wconf 89' lang='lat' dir='ltr'><strong>uta</strong></span> <span class='ocrx_word' id='word_1_92' title='bbox 1223 1883 1285 1944; x_wconf 90' lang='lat' dir='ltr'><strong>po·</strong></span> 
     </span>
     <span class='ocr_line' id='line_1_14' title="bbox 235 1963 1285 2051; baseline -0.003 -20"><span class='ocrx_word' id='word_1_93' title='bbox 235 1969 315 2051; x_wconf 91' lang='lat' dir='ltr'><strong>pulo</strong></span> <span class='ocrx_word' id='word_1_94' title='bbox 342 1977 527 2030; x_wconf 83' lang='lat' dir='ltr'><strong>crearentur</strong></span> <span class='ocrx_word' id='word_1_95' title='bbox 553 1966 760 2041; x_wconf 75' lang='lat' dir='ltr'><strong>sacerdotes,</strong></span> <span class='ocrx_word' id='word_1_96' title='bbox 787 1984 852 2027; x_wconf 92' lang='lat' dir='ltr'><strong>non</strong></span> <span class='ocrx_word' id='word_1_97' title='bbox 878 1963 1012 2046; x_wconf 88' lang='lat' dir='ltr'><strong>amplius</strong></span> <span class='ocrx_word' id='word_1_98' title='bbox 1039 1975 1153 2028; x_wconf 85' lang='lat' dir='ltr'><strong>cuncta</strong></span> <span class='ocrx_word' id='word_1_99' title='bbox 1178 1985 1285 2028; x_wconf 87' lang='lat' dir='ltr'><strong>sacer·</strong></span> 
     </span>
     <span class='ocr_line' id='line_1_15' title="bbox 237 2064 1285 2152; baseline -0.006 -18"><span class='ocrx_word' id='word_1_100' title='bbox 237 2074 345 2134; x_wconf 86' lang='lat' dir='ltr'><strong>dotum</strong></span> <span class='ocrx_word' id='word_1_101' title='bbox 369 2065 507 2152; x_wconf 85' lang='lat' dir='ltr'><strong>collegia</strong></span> <span class='ocrx_word' id='word_1_102' title='bbox 530 2065 730 2150; x_wconf 88' lang='lat' dir='ltr'><strong>optimatium</strong></span> <span class='ocrx_word' id='word_1_103' title='bbox 755 2064 902 2148; x_wconf 87' lang='lat' dir='ltr'><strong>partibus</strong></span> <span class='ocrx_word' id='word_1_104' title='bbox 924 2067 1102 2142; x_wconf 83' lang='lat' dir='ltr'><strong>stetissent,</strong></span> <span class='ocrx_word' id='word_1_105' title='bbox 1124 2069 1180 2130; x_wconf 86' lang='lat' dir='ltr'><strong>sed</strong></span> <span class='ocrx_word' id='word_1_106' title='bbox 1197 2066 1285 2150; x_wconf 89' lang='lat' dir='ltr'><strong>plebi</strong></span> 
     </span>
     <span class='ocr_line' id='line_1_16' title="bbox 236 2168 1285 2255; baseline -0.006 -17"><span class='ocrx_word' id='word_1_107' title='bbox 236 2173 404 2250; x_wconf 89' lang='lat' dir='ltr'><strong>favissent,</strong></span> <span class='ocrx_word' id='word_1_108' title='bbox 426 2193 496 2235; x_wconf 91' lang='lat' dir='ltr'><strong>cum</strong></span> <span class='ocrx_word' id='word_1_109' title='bbox 520 2169 542 2234; x_wconf 94' lang='lat' dir='ltr'><strong>ii</strong></span> <span class='ocrx_word' id='word_1_110' title='bbox 568 2168 767 2252; x_wconf 84' lang='lat' dir='ltr'><strong>potissimum</strong></span> <span class='ocrx_word' id='word_1_111' title='bbox 787 2189 804 2230; x_wconf 90' lang='lat' dir='ltr'><strong>a</strong></span> <span class='ocrx_word' id='word_1_112' title='bbox 823 2168 948 2250; x_wconf 90' lang='lat' dir='ltr'><strong>populo</strong></span> <span class='ocrx_word' id='word_1_113' title='bbox 969 2169 1063 2233; x_wconf 90' lang='lat' dir='ltr'><strong>electi</strong></span> <span class='ocrx_word' id='word_1_114' title='bbox 1083 2169 1205 2246; x_wconf 86' lang='lat' dir='ltr'><strong>lorent,</strong></span> <span class='ocrx_word' id='word_1_115' title='bbox 1228 2169 1285 2255; x_wconf 84' lang='lat' dir='ltr'><strong>qui</strong></span> 
     </span>
     <span class='ocr_line' id='line_1_17' title="bbox 237 2270 1285 2361; baseline -0.007 -20"><span class='ocrx_word' id='word_1_116' title='bbox 237 2277 410 2361; x_wconf 86' lang='lat' dir='ltr'><strong>populares</strong></span> <span class='ocrx_word' id='word_1_117' title='bbox 439 2285 544 2350; x_wconf 88' lang='lat' dir='ltr'><strong>erant,</strong></span> <span class='ocrx_word' id='word_1_118' title='bbox 573 2271 690 2348; x_wconf 89' lang='lat' dir='ltr'><strong>nonii,</strong></span> <span class='ocrx_word' id='word_1_119' title='bbox 719 2271 775 2358; x_wconf 89' lang='lat' dir='ltr'><strong>qui</strong></span> <span class='ocrx_word' id='word_1_120' title='bbox 800 2270 998 2354; x_wconf 87' lang='lat' dir='ltr'><strong>optimatium</strong></span> <span class='ocrx_word' id='word_1_121' title='bbox 1022 2293 1147 2336; x_wconf 87' lang='lat' dir='ltr'><strong>eausam</strong></span> <span class='ocrx_word' id='word_1_122' title='bbox 1175 2272 1285 2336; x_wconf 84' lang='lat' dir='ltr'><strong>defen·</strong></span> 
     </span>
     <span class='ocr_line' id='line_1_18' title="bbox 237 2372 1283 2460; baseline -0.006 -15"><span class='ocrx_word' id='word_1_123' title='bbox 237 2382 372 2454; x_wconf 81' lang='lat' dir='ltr'><strong>debant3</strong></span> <span class='ocrx_word' id='word_1_124' title='bbox 399 2398 458 2442; x_wconf 87' lang='lat' dir='ltr'><strong>nee</strong></span> <span class='ocrx_word' id='word_1_125' title='bbox 483 2376 603 2440; x_wconf 84' lang='lat' dir='ltr'><strong>diutius</strong></span> <span class='ocrx_word' id='word_1_126' title='bbox 629 2374 810 2459; x_wconf 83' lang='lat' dir='ltr'><strong>optimates,</strong></span> <span class='ocrx_word' id='word_1_127' title='bbox 838 2372 985 2460; x_wconf 86' lang='lat' dir='ltr'><strong>collegiis</strong></span> <span class='ocrx_word' id='word_1_128' title='bbox 1009 2372 1107 2438; x_wconf 85' lang='lat' dir='ltr'><strong>adiuti</strong></span> <span class='ocrx_word' id='word_1_129' title='bbox 1130 2378 1283 2439; x_wconf 85' lang='lat' dir='ltr'><strong>sacerdo·</strong></span> 
     </span>
     <span class='ocr_line' id='line_1_19' title="bbox 233 2477 1284 2562; baseline -0.007 -16"><span class='ocrx_word' id='word_1_130' title='bbox 233 2496 323 2560; x_wconf 86' lang='lat' dir='ltr'><strong>tum,</strong></span> <span class='ocrx_word' id='word_1_131' title='bbox 359 2479 541 2546; x_wconf 88' lang='lat' dir='ltr'><strong>hominibus</strong></span> <span class='ocrx_word' id='word_1_132' title='bbox 574 2477 808 2562; x_wconf 88' lang='lat' dir='ltr'><strong>popularibus,</strong></span> <span class='ocrx_word' id='word_1_133' title='bbox 844 2499 945 2542; x_wconf 86' lang='lat' dir='ltr'><strong>novas</strong></span> <span class='ocrx_word' id='word_1_134' title='bbox 976 2500 1029 2543; x_wconf 85' lang='lat' dir='ltr'><strong>res</strong></span> <span class='ocrx_word' id='word_1_135' title='bbox 1061 2477 1284 2554; x_wconf 88' lang='lat' dir='ltr'><strong>molientibus,</strong></span> 
     </span>
     <span class='ocr_line' id='line_1_20' title="bbox 233 2579 1285 2667; baseline -0.009 -15"><span class='ocrx_word' id='word_1_136' title='bbox 233 2585 387 2652; x_wconf 83' lang='lat' dir='ltr'><strong>resistere</strong></span> <span class='ocrx_word' id='word_1_137' title='bbox 406 2582 599 2667; x_wconf 87' lang='lat' dir='ltr'><strong>potuissent.</strong></span> <span class='ocrx_word' id='word_1_138' title='bbox 644 2581 775 2646; x_wconf 89' lang='lat' dir='ltr'><strong>Laelius</strong></span> <span class='ocrx_word' id='word_1_139' title='bbox 795 2580 827 2644; x_wconf 91' lang='lat' dir='ltr'><strong>in</strong></span> <span class='ocrx_word' id='word_1_140' title='bbox 850 2579 999 2646; x_wconf 88' lang='lat' dir='ltr'><strong>oratione</strong></span> <span class='ocrx_word' id='word_1_141' title='bbox 1021 2603 1076 2645; x_wconf 84' lang='lat' dir='ltr'><strong>sua</strong></span> <span class='ocrx_word' id='word_1_142' title='bbox 1099 2603 1136 2646; x_wconf 87' lang='lat' dir='ltr'><strong>ea</strong></span> <span class='ocrx_word' id='word_1_143' title='bbox 1154 2579 1285 2664; x_wconf 84' lang='lat' dir='ltr'><strong>potissi·</strong></span> 
     </span>
     <span class='ocr_line' id='line_1_21' title="bbox 237 2682 1286 2769; baseline -0.006 -17"><span class='ocrx_word' id='word_1_144' title='bbox 237 2710 324 2754; x_wconf 90' lang='lat' dir='ltr'><strong>mum</strong></span> <span class='ocrx_word' id='word_1_145' title='bbox 346 2708 440 2750; x_wconf 86' lang='lat' dir='ltr'><strong>cansa</strong></span> <span class='ocrx_word' id='word_1_146' title='bbox 462 2686 566 2769; x_wconf 85' lang='lat' dir='ltr'><strong>legem</strong></span> <span class='ocrx_word' id='word_1_147' title='bbox 592 2683 716 2748; x_wconf 91' lang='lat' dir='ltr'><strong>Licinii</strong></span> <span class='ocrx_word' id='word_1_148' title='bbox 742 2682 956 2769; x_wconf 78' lang='lat' dir='ltr'><strong>impugnavit,</strong></span> <span class='ocrx_word' id='word_1_149' title='bbox 984 2685 1074 2769; x_wconf 85' lang='lat' dir='ltr'><strong>quod</strong></span> <span class='ocrx_word' id='word_1_150' title='bbox 1097 2704 1183 2749; x_wconf 86' lang='lat' dir='ltr'><strong>nora</strong></span> <span class='ocrx_word' id='word_1_151' title='bbox 1204 2685 1286 2746; x_wconf 88' lang='lat' dir='ltr'><strong>haee</strong></span> 
     </span>
     <span class='ocr_line' id='line_1_22' title="bbox 239 2783 1285 2868; baseline -0.011 -11"><span class='ocrx_word' id='word_1_152' title='bbox 239 2788 369 2857; x_wconf 83' lang='lat' dir='ltr'><strong>creandi</strong></span> <span class='ocrx_word' id='word_1_153' title='bbox 394 2785 478 2852; x_wconf 89' lang='lat' dir='ltr'><strong>ratio</strong></span> <span class='ocrx_word' id='word_1_154' title='bbox 513 2809 604 2852; x_wconf 84' lang='lat' dir='ltr'><strong>more</strong></span> <span class='ocrx_word' id='word_1_155' title='bbox 633 2787 788 2851; x_wconf 86' lang='lat' dir='ltr'><strong>maiorum</strong></span> <span class='ocrx_word' id='word_1_156' title='bbox 822 2798 854 2851; x_wconf 92' lang='lat' dir='ltr'><strong>et</strong></span> <span class='ocrx_word' id='word_1_157' title='bbox 883 2785 984 2850; x_wconf 84' lang='lat' dir='ltr'><strong>sacris</strong></span> <span class='ocrx_word' id='word_1_158' title='bbox 1015 2785 1127 2868; x_wconf 89' lang='lat' dir='ltr'><strong>populi</strong></span> <span class='ocrx_word' id='word_1_159' title='bbox 1160 2783 1285 2849; x_wconf 88' lang='lat' dir='ltr'><strong>romani</strong></span> 
     </span>
     <span class='ocr_line' id='line_1_23' title="bbox 237 2887 1283 2973; baseline -0.009 -15"><span class='ocrx_word' id='word_1_160' title='bbox 237 2892 335 2959; x_wconf 83' lang='lat' dir='ltr'><strong>vetita</strong></span> <span class='ocrx_word' id='word_1_161' title='bbox 358 2901 454 2955; x_wconf 84' lang='lat' dir='ltr'><strong>esset.</strong></span> <span class='ocrx_word' id='word_1_162' title='bbox 487 2889 560 2954; x_wconf 89' lang='lat' dir='ltr'><strong>Lex</strong></span> <span class='ocrx_word' id='word_1_163' title='bbox 583 2888 705 2973; x_wconf 88' lang='lat' dir='ltr'><strong>perlata</strong></span> <span class='ocrx_word' id='word_1_164' title='bbox 727 2911 792 2954; x_wconf 92' lang='lat' dir='ltr'><strong>non</strong></span> <span class='ocrx_word' id='word_1_165' title='bbox 818 2901 878 2952; x_wconf 87' lang='lat' dir='ltr'><strong>eet.</strong></span> <span class='ocrx_word' id='word_1_166' title='bbox 917 2887 1034 2952; x_wconf 86' lang='lat' dir='ltr'><strong>Plures</strong></span> <span class='ocrx_word' id='word_1_167' title='bbox 1059 2898 1174 2970; x_wconf 88' lang='lat' dir='ltr'><strong>postea</strong></span> <span class='ocrx_word' id='word_1_168' title='bbox 1200 2887 1283 2950; x_wconf 88' lang='lat' dir='ltr'><strong>idem</strong></span> 
     </span>
     <span class='ocr_line' id='line_1_24' title="bbox 236 2987 1283 3071; baseline -0.008 -11"><span class='ocrx_word' id='word_1_169' title='bbox 236 2996 388 3071; x_wconf 86' lang='lat' dir='ltr'><strong>voluere,</strong></span> <span class='ocrx_word' id='word_1_170' title='bbox 422 3014 480 3058; x_wconf 89' lang='lat' dir='ltr'><strong>nee</strong></span> <span class='ocrx_word' id='word_1_171' title='bbox 509 3003 611 3056; x_wconf 89' lang='lat' dir='ltr'><strong>tamen</strong></span> <span class='ocrx_word' id='word_1_172' title='bbox 643 3005 716 3056; x_wconf 89' lang='lat' dir='ltr'><strong>ante</strong></span> <span class='ocrx_word' id='word_1_173' title='bbox 744 3013 859 3055; x_wconf 89' lang='lat' dir='ltr'><strong>annum</strong></span> <span class='ocrx_word' id='word_1_174' title='bbox 891 2991 954 3053; x_wconf 81' lang='grc'><strong>650</strong></span> <span class='ocrx_word' id='word_1_175' title='bbox 990 2990 1092 3070; x_wconf 80' lang='lat' dir='ltr'><strong>(tot)</strong></span> <span class='ocrx_word' id='word_1_176' title='bbox 1123 2987 1283 3054; x_wconf 87' lang='lat' dir='ltr'><strong>vicerunt.</strong></span> 
     </span>
     <span class='ocr_line' id='line_1_25' title="bbox 238 3092 1285 3177; baseline -0.011 -13"><span class='ocrx_word' id='word_1_177' title='bbox 238 3099 405 3164; x_wconf 85' lang='lat' dir='ltr'><strong>Drumann</strong></span> <span class='ocrx_word' id='word_1_178' title='bbox 437 3107 463 3159; x_wconf 89' lang='lat' dir='ltr'><strong>t.</strong></span> <span class='ocrx_word' id='word_1_179' title='bbox 485 3096 517 3159; x_wconf 80' lang='lat'><strong>3.</strong></span> <span class='ocrx_word' id='word_1_180' title='bbox 543 3117 579 3177; x_wconf 90' lang='lat' dir='ltr'><strong>p.</strong></span> <span class='ocrx_word' id='word_1_181' title='bbox 603 3096 656 3160; x_wconf 82' lang='lat'><strong>15.</strong></span> <span class='ocrx_word' id='word_1_182' title='bbox 702 3097 757 3159; x_wconf 84' lang='lat' dir='ltr'><strong>lus</strong></span> <span class='ocrx_word' id='word_1_183' title='bbox 782 3093 990 3159; x_wconf 86' lang='lat' dir='ltr'><strong>Pontificium</strong></span> <span class='ocrx_word' id='word_1_184' title='bbox 1018 3114 1083 3158; x_wconf 88' lang='lat' dir='ltr'><strong>von</strong></span> <span class='ocrx_word' id='word_1_185' title='bbox 1111 3092 1285 3157; x_wconf 84' lang='lat' dir='ltr'><strong>Hiillmann</strong></span> 
     </span>
     <span class='ocr_line' id='line_1_26' title="bbox 235 3197 1280 3285; baseline -0.007 -21"><span class='ocrx_word' id='word_1_186' title='bbox 235 3223 272 3285; x_wconf 96' lang='lat' dir='ltr'><strong>p.</strong></span> <span class='ocrx_word' id='word_1_187' title='bbox 297 3201 338 3264; x_wconf 81' lang='lat'><strong>33</strong></span> <span class='ocrx_word' id='word_1_188' title='bbox 358 3222 432 3284; x_wconf 86' lang='lat' dir='ltr'><strong>sqq.</strong></span> <span class='ocrx_word' id='word_1_189' title='bbox 477 3198 610 3264; x_wconf 90' lang='lat' dir='ltr'><strong>Rubino</strong></span> <span class='ocrx_word' id='word_1_190' title='bbox 632 3202 712 3262; x_wconf 87' lang='lat' dir='ltr'><strong>iiber</strong></span> <span class='ocrx_word' id='word_1_191' title='bbox 732 3204 819 3262; x_wconf 82' lang='lat' dir='ltr'><strong>riirn.</strong></span> <span class='ocrx_word' id='word_1_192' title='bbox 837 3198 933 3262; x_wconf 88' lang='lat' dir='ltr'><strong>Verl.</strong></span> <span class='ocrx_word' id='word_1_193' title='bbox 956 3221 989 3261; x_wconf 90' lang='lat' dir='ltr'><strong>u.</strong></span> <span class='ocrx_word' id='word_1_194' title='bbox 1014 3198 1134 3266; x_wconf 78' lang='lat' dir='ltr'><strong>Geseh.</strong></span> <span class='ocrx_word' id='word_1_195' title='bbox 1156 3218 1189 3278; x_wconf 90' lang='lat' dir='ltr'><strong>p.</strong></span> <span class='ocrx_word' id='word_1_196' title='bbox 1206 3197 1280 3258; x_wconf 76' lang='lat'><strong>335.</strong></span> 
     </span>
    </p>

    <p class='ocr_par' dir='ltr' id='par_1_5' title="bbox 234 3297 1286 3689">
     <span class='ocr_line' id='line_1_27' title="bbox 300 3297 1286 3384; baseline -0.009 -16"><span class='ocrx_word' id='word_1_197' title='bbox 300 3302 421 3368; x_wconf 89' lang='lat' dir='ltr'><strong>Cicero</strong></span> <span class='ocrx_word' id='word_1_198' title='bbox 451 3303 544 3365; x_wconf 86' lang='lat' dir='ltr'><strong>Brut.</strong></span> <span class='ocrx_word' id='word_1_199' title='bbox 577 3301 631 3366; x_wconf 78' lang='lat'><strong>21.</strong></span> <span class='ocrx_word' id='word_1_200' title='bbox 676 3303 731 3364; x_wconf 90' lang='lat' dir='ltr'><strong>De</strong></span> <span class='ocrx_word' id='word_1_201' title='bbox 761 3301 874 3384; x_wconf 83' lang='lat' dir='ltr'><strong>ipsine</strong></span> <span class='ocrx_word' id='word_1_202' title='bbox 905 3300 1017 3365; x_wconf 84' lang='lat' dir='ltr'><strong>Laelii</strong></span> <span class='ocrx_word' id='word_1_203' title='bbox 1048 3312 1081 3364; x_wconf 85' lang='lat' dir='ltr'><strong>et</strong></span> <span class='ocrx_word' id='word_1_204' title='bbox 1114 3297 1286 3381; x_wconf 84' lang='lat' dir='ltr'><strong>Scipionis</strong></span> 
     </span>
     <span class='ocr_line' id='line_1_28' title="bbox 235 3401 1286 3492; baseline -0.01 -19"><span class='ocrx_word' id='word_1_205' title='bbox 235 3406 389 3492; x_wconf 80' lang='lat' dir='ltr'><strong>ingenio,</strong></span> <span class='ocrx_word' id='word_1_206' title='bbox 414 3425 623 3490; x_wconf 76' lang='lat' dir='ltr'><strong>quamquem</strong></span> <span class='ocrx_word' id='word_1_207' title='bbox 644 3423 687 3468; x_wconf 86' lang='lat' dir='ltr'><strong>eo</strong></span> <span class='ocrx_word' id='word_1_208' title='bbox 707 3415 760 3469; x_wconf 87' lang='lat' dir='ltr'><strong>est</strong></span> <span class='ocrx_word' id='word_1_209' title='bbox 782 3404 872 3481; x_wconf 86' lang='lat' dir='ltr'><strong>ium,</strong></span> <span class='ocrx_word' id='word_1_210' title='bbox 900 3416 939 3468; x_wconf 89' lang='lat' dir='ltr'><strong>ut</strong></span> <span class='ocrx_word' id='word_1_211' title='bbox 957 3403 1151 3488; x_wconf 84' lang='lat' dir='ltr'><strong>plurimum</strong></span> <span class='ocrx_word' id='word_1_212' title='bbox 1178 3401 1286 3466; x_wconf 82' lang='lat' dir='ltr'><strong>tribu·</strong></span> 
     </span>
     <span class='ocr_line' id='line_1_29' title="bbox 234 3501 1286 3584; baseline -0.01 -9"><span class='ocrx_word' id='word_1_213' title='bbox 234 3523 319 3575; x_wconf 82' lang='lat' dir='ltr'><strong>etur</strong></span> <span class='ocrx_word' id='word_1_214' title='bbox 341 3509 528 3584; x_wconf 83' lang='lat' dir='ltr'><strong>ambobus,</strong></span> <span class='ocrx_word' id='word_1_215' title='bbox 556 3506 692 3571; x_wconf 80' lang='lat' dir='ltr'><strong>dicendi</strong></span> <span class='ocrx_word' id='word_1_216' title='bbox 719 3519 834 3570; x_wconf 84' lang='lat' dir='ltr'><strong>tomen</strong></span> <span class='ocrx_word' id='word_1_217' title='bbox 859 3509 939 3571; x_wconf 80' lang='lat' dir='ltr'><strong>laus</strong></span> <span class='ocrx_word' id='word_1_218' title='bbox 962 3519 1014 3570; x_wconf 83' lang='lat' dir='ltr'><strong>eet</strong></span> <span class='ocrx_word' id='word_1_219' title='bbox 1040 3507 1076 3569; x_wconf 88' lang='lat' dir='ltr'><strong>in</strong></span> <span class='ocrx_word' id='word_1_220' title='bbox 1098 3505 1220 3569; x_wconf 82' lang='lat' dir='ltr'><strong>Laelio</strong></span> <span class='ocrx_word' id='word_1_221' title='bbox 1243 3501 1286 3566; x_wconf 85' lang='lat' dir='ltr'><strong>il-</strong></span> 
     </span>
     <span class='ocr_line' id='line_1_30' title="bbox 235 3605 1286 3689; baseline -0.011 -13"><span class='ocrx_word' id='word_1_222' title='bbox 235 3613 396 3676; x_wconf 86' lang='lat' dir='ltr'><strong>lustrior.</strong></span> <span class='ocrx_word' id='word_1_223' title='bbox 453 3613 502 3677; x_wconf 80' lang='lat' dir='ltr'><strong>Ae</strong></span> <span class='ocrx_word' id='word_1_224' title='bbox 536 3610 688 3674; x_wconf 83' lang='lat' dir='ltr'><strong>oratio</strong></span> <span class='ocrx_word' id='word_1_225' title='bbox 722 3610 864 3674; x_wconf 86' lang='lat' dir='ltr'><strong>Laelii</strong></span> <span class='ocrx_word' id='word_1_226' title='bbox 901 3611 949 3672; x_wconf 81' lang='lat' dir='ltr'><strong>eie</strong></span> <span class='ocrx_word' id='word_1_227' title='bbox 983 3605 1190 3689; x_wconf 50' lang='lat' dir='ltr'><strong>collegiis¹</strong></span> <span class='ocrx_word' id='word_1_228' title='bbox 1217 3624 1286 3667; x_wconf 93' lang='lat' dir='ltr'><strong>non</strong></span> 
     </span>
    </p>
   </div>
   <div class='ocr_carea' id='block_1_5' title="bbox 237 3705 1286 4413">
    <p class='ocr_par' dir='ltr' id='par_1_6' title="bbox 237 3705 1286 4413">
     <span class='ocr_line' id='line_1_31' title="bbox 237 3705 1286 3798; baseline -0.01 -20"><span class='ocrx_word' id='word_1_229' title='bbox 237 3714 360 3779; x_wconf 88' lang='lat' dir='ltr'><strong>melior</strong></span> <span class='ocrx_word' id='word_1_230' title='bbox 387 3733 492 3797; x_wconf 72' lang='lat' dir='ltr'><strong>quum</strong></span> <span class='ocrx_word' id='word_1_231' title='bbox 522 3714 564 3777; x_wconf 81' lang='lat' dir='ltr'><strong>de</strong></span> <span class='ocrx_word' id='word_1_232' title='bbox 595 3713 843 3798; x_wconf 71' lang='lat' dir='ltr'><strong>multisonam</strong></span> <span class='ocrx_word' id='word_1_233' title='bbox 871 3713 964 3774; x_wconf 85' lang='lat' dir='ltr'><strong>uoles</strong></span> <span class='ocrx_word' id='word_1_234' title='bbox 992 3705 1185 3789; x_wconf 81' lang='lat' dir='ltr'><strong>Scipionis,</strong></span> <span class='ocrx_word' id='word_1_235' title='bbox 1216 3727 1286 3770; x_wconf 92' lang='lat' dir='ltr'><strong>non</strong></span> 
     </span>
     <span class='ocr_line' id='line_1_32' title="bbox 237 3809 1286 3904; baseline -0.009 -24"><span class='ocrx_word' id='word_1_236' title='bbox 237 3839 308 3904; x_wconf 79' lang='lat' dir='ltr'><strong>quo</strong></span> <span class='ocrx_word' id='word_1_237' title='bbox 328 3816 391 3880; x_wconf 85' lang='lat' dir='ltr'><strong>illo</strong></span> <span class='ocrx_word' id='word_1_238' title='bbox 412 3815 525 3880; x_wconf 83' lang='lat' dir='ltr'><strong>Laelii</strong></span> <span class='ocrx_word' id='word_1_239' title='bbox 542 3816 731 3900; x_wconf 79' lang='lat' dir='ltr'><strong>quidquam</strong></span> <span class='ocrx_word' id='word_1_240' title='bbox 754 3815 801 3878; x_wconf 82' lang='lat' dir='ltr'><strong>sit</strong></span> <span class='ocrx_word' id='word_1_241' title='bbox 826 3812 971 3886; x_wconf 82' lang='lat' dir='ltr'><strong>dulcius,</strong></span> <span class='ocrx_word' id='word_1_242' title='bbox 996 3820 1059 3872; x_wconf 87' lang='lat' dir='ltr'><strong>aut</strong></span> <span class='ocrx_word' id='word_1_243' title='bbox 1082 3831 1151 3894; x_wconf 76' lang='lat' dir='ltr'><strong>quo</strong></span> <span class='ocrx_word' id='word_1_244' title='bbox 1169 3809 1211 3872; x_wconf 81' lang='lat' dir='ltr'><strong>de</strong></span> <span class='ocrx_word' id='word_1_245' title='bbox 1231 3831 1286 3871; x_wconf 85' lang='lat' dir='ltr'><strong>re·</strong></span> 
     </span>
     <span class='ocr_line' id='line_1_33' title="bbox 237 3914 1286 4004; baseline -0.01 -20"><span class='ocrx_word' id='word_1_246' title='bbox 237 3919 368 4004; x_wconf 81' lang='lat' dir='ltr'><strong>ligione</strong></span> <span class='ocrx_word' id='word_1_247' title='bbox 392 3919 461 3982; x_wconf 83' lang='lat' dir='ltr'><strong>dici</strong></span> <span class='ocrx_word' id='word_1_248' title='bbox 487 3930 605 4002; x_wconf 82' lang='lat' dir='ltr'><strong>poscet</strong></span> <span class='ocrx_word' id='word_1_249' title='bbox 633 3917 842 4000; x_wconf 81' lang='lat' dir='ltr'><strong>augustius,</strong></span> <span class='ocrx_word' id='word_1_250' title='bbox 870 3915 932 3977; x_wconf 83' lang='lat' dir='ltr'><strong>sed</strong></span> <span class='ocrx_word' id='word_1_251' title='bbox 959 3914 1068 3978; x_wconf 85' lang='lat' dir='ltr'><strong>multo</strong></span> <span class='ocrx_word' id='word_1_252' title='bbox 1094 3925 1209 3976; x_wconf 87' lang='lat' dir='ltr'><strong>tomen</strong></span> <span class='ocrx_word' id='word_1_253' title='bbox 1232 3934 1286 3975; x_wconf 87' lang='lat' dir='ltr'><strong>ue-</strong></span> 
     </span>
     <span class='ocr_line' id='line_1_34' title="bbox 237 4013 1286 4102; baseline -0.01 -16"><span class='ocrx_word' id='word_1_254' title='bbox 237 4024 367 4088; x_wconf 83' lang='lat' dir='ltr'><strong>tustior</strong></span> <span class='ocrx_word' id='word_1_255' title='bbox 387 4034 421 4086; x_wconf 83' lang='lat' dir='ltr'><strong>et</strong></span> <span class='ocrx_word' id='word_1_256' title='bbox 443 4021 622 4086; x_wconf 79' lang='lat' dir='ltr'><strong>horridior</strong></span> <span class='ocrx_word' id='word_1_257' title='bbox 643 4021 700 4083; x_wconf 84' lang='lat' dir='ltr'><strong>ille</strong></span> <span class='ocrx_word' id='word_1_258' title='bbox 724 4039 829 4102; x_wconf 77' lang='lat' dir='ltr'><strong>quam</strong></span> <span class='ocrx_word' id='word_1_259' title='bbox 850 4016 977 4101; x_wconf 86' lang='lat' dir='ltr'><strong>Scipio,</strong></span> <span class='ocrx_word' id='word_1_260' title='bbox 1000 4027 1036 4079; x_wconf 86' lang='lat' dir='ltr'><strong>et</strong></span> <span class='ocrx_word' id='word_1_261' title='bbox 1060 4037 1138 4079; x_wconf 84' lang='lat' dir='ltr'><strong>curn</strong></span> <span class='ocrx_word' id='word_1_262' title='bbox 1159 4015 1228 4079; x_wconf 83' lang='lat' dir='ltr'><strong>sint</strong></span> <span class='ocrx_word' id='word_1_263' title='bbox 1249 4013 1286 4076; x_wconf 91' lang='lat' dir='ltr'><strong>in</strong></span> 
     </span>
     <span class='ocr_line' id='line_1_35' title="bbox 239 4118 1286 4201; baseline -0.008 -14"><span class='ocrx_word' id='word_1_264' title='bbox 239 4125 382 4189; x_wconf 76' lang='lat' dir='ltr'><strong>dicendo</strong></span> <span class='ocrx_word' id='word_1_265' title='bbox 406 4124 523 4188; x_wconf 74' lang='lat' dir='ltr'><strong>variae</strong></span> <span class='ocrx_word' id='word_1_266' title='bbox 553 4125 759 4197; x_wconf 75' lang='lat' dir='ltr'><strong>voluntates,</strong></span> <span class='ocrx_word' id='word_1_267' title='bbox 788 4120 952 4186; x_wconf 81' lang='lat' dir='ltr'><strong>delectari</strong></span> <span class='ocrx_word' id='word_1_268' title='bbox 979 4118 1064 4182; x_wconf 82' lang='lat' dir='ltr'><strong>mihi</strong></span> <span class='ocrx_word' id='word_1_269' title='bbox 1087 4118 1201 4201; x_wconf 82' lang='lat' dir='ltr'><strong>magis</strong></span> <span class='ocrx_word' id='word_1_270' title='bbox 1219 4136 1286 4178; x_wconf 60' lang='lat' dir='ltr'><strong>‹nn-</strong></span> 
     </span>
     <span class='ocr_line' id='line_1_36' title="bbox 237 4220 1286 4312; baseline -0.01 -21"><span class='ocrx_word' id='word_1_271' title='bbox 237 4227 396 4312; x_wconf 80' lang='lat' dir='ltr'><strong>tiquitute</strong></span> <span class='ocrx_word' id='word_1_272' title='bbox 423 4227 578 4302; x_wconf 80' lang='lat' dir='ltr'><strong>uidetur,</strong></span> <span class='ocrx_word' id='word_1_273' title='bbox 606 4236 639 4288; x_wconf 86' lang='lat' dir='ltr'><strong>et</strong></span> <span class='ocrx_word' id='word_1_274' title='bbox 659 4225 814 4289; x_wconf 84' lang='lat' dir='ltr'><strong>lubenter</strong></span> <span class='ocrx_word' id='word_1_275' title='bbox 840 4224 951 4290; x_wconf 81' lang='lat' dir='ltr'><strong>uerbis</strong></span> <span class='ocrx_word' id='word_1_276' title='bbox 974 4221 1081 4293; x_wconf 81' lang='lat' dir='ltr'><strong>etiarn</strong></span> <span class='ocrx_word' id='word_1_277' title='bbox 1104 4221 1157 4284; x_wconf 87' lang='lat' dir='ltr'><strong>uli</strong></span> <span class='ocrx_word' id='word_1_278' title='bbox 1180 4220 1286 4303; x_wconf 72' lang='lat' dir='ltr'><strong>putto</strong></span> 
     </span>
     <span class='ocr_line' id='line_1_37' title="bbox 238 4327 675 4413; baseline -0.002 -20"><span class='ocrx_word' id='word_1_279' title='bbox 238 4330 354 4413; x_wconf 81' lang='lat' dir='ltr'><strong>magis</strong></span> <span class='ocrx_word' id='word_1_280' title='bbox 371 4328 499 4412; x_wconf 81' lang='lat' dir='ltr'><strong>priscis</strong></span> <span class='ocrx_word' id='word_1_281' title='bbox 522 4327 675 4394; x_wconf 80' lang='lat' dir='ltr'><strong>Laelius.</strong></span> 
     </span>
    </p>
   </div>
   <div class='ocr_carea' id='block_1_6' title="bbox 0 0 1501 4840">
    <p class='ocr_par' dir='ltr' id='par_1_7' title="bbox 0 0 1501 4840">
     <span class='ocr_line' id='line_1_38' title="bbox 0 0 1501 4840; baseline 0 0"><span class='ocrx_word' id='word_1_282' title='bbox 0 0 1501 4840; x_wconf 95' lang='lat' dir='ltr'><strong> </strong></span> 
     </span>
    </p>
   </div>
  </div>
 </body>
</html>
