2984 4842
1176 371 1235 431 tut

184 531 246 593 696
273 529 340 605 (58)
365 525 397 588 in
431 524 630 607 provinciam
663 526 808 608 Cyprum
838 525 957 588 invitus
983 526 1118 590 decedit.
1149 527 1236 591 Plut.

185 632 269 696 Cato
294 633 344 699 bl.
372 632 521 695 Praetor.
537 651 566 692 a.
603 630 664 690 700
689 631 769 709 (54).
806 628 891 696 Plut.
920 628 1004 693 Cato
1029 631 1080 699 ll,
1109 627 1237 693 Consu·

185 736 280 796 latum
310 734 439 816 petebat
473 753 502 795 a.
535 732 595 793 702
622 731 709 816 (52),
741 744 806 794 tres
838 742 869 794 et
897 732 1108 816 quadraginta
1139 755 1239 798 annos

184 848 292 911 natus,
323 839 379 898 sed
409 834 567 916 repulsam
602 833 683 901 tulit.
720 834 808 899 Plut.
846 834 920 897 Cat.
955 837 1005 903 49.
1040 836 1119 899 Liv.
1150 835 1239 919 Epit.

186 939 257 1002 1⁰8.
286 937 351 1002 Dio
383 936 475 1001 Cass.
509 938 569 1011 110,
599 939 652 1000 ts.
694 938 739 999 A.
774 937 834 1000 708
860 939 930 1017 (46)
960 937 1047 1001 bello
1078 937 1237 1003 Africano

186 1052 299 1106 contra
332 1039 502 1104 Caesarem
528 1041 729 1122 sernetipsum
765 1038 898 1103 occidit.
930 1038 1020 1102 Livii
1046 1040 1136 1122 Epit.
1165 1043 1237 1104 tlt.
1321 1029 1328 1038 ⁸

187 1143 288 1209 Conf.
309 1144 474 1207 Drumano
498 1155 522 1206 t.
550 1145 582 1205 b.
603 1165 636 1225 p.
665 1143 845 1206 153-198.

250 1245 325 1310 Cic.
346 1247 441 1308 Brut.
467 1245 518 1308 31.
564 1248 703 1309 Tubero
713 1244 799 1334 fuit
821 1245 1005 1309 mediocris
1027 1247 1234 1324 indicendo,

187 1350 404 1413 doctissimus
419 1349 456 1411 in
478 1349 702 1431 disputando.
727 1353 841 1431 Quam
863 1350 926 1410 hcc
948 1349 1040 1411 idem
1055 1350 1092 1412 in
1108 1352 1239 1415 nostris

187 1454 386 1536 contingere
404 1451 577 1534 intelligo,
606 1451 700 1534 quod
722 1451 757 1513 in
779 1450 936 1532 graecis,
961 1463 999 1514 ut
1022 1451 1237 1542 omnessere

188 1555 295 1620 Stoici
325 1553 586 1637 prudentissimi
619 1554 654 1616 in
688 1553 890 1616 disserendo
922 1553 991 1616 sint
1023 1565 1057 1616 et
1093 1554 1130 1616 id
1162 1570 1239 1620 arte

175 1656 325 1747 saciant
347 1657 481 1740 sintque
503 1655 682 1720 architecti
701 1677 788 1738 pene
809 1657 1011 1731 verborum,
1038 1657 1141 1720 iidem
1166 1671 1239 1722 tra·

188 1761 282 1824 ducti
303 1780 325 1821 a
348 1760 559 1840 disputando
581 1760 628 1821 ad
657 1759 838 1822 dicendum
861 1760 980 1840 inopes
1003 1760 1237 1842 reperiantur.

189 1863 301 1925 Unum
323 1862 461 1944 excipio
484 1866 667 1936 Catonem,
692 1864 727 1925 in
749 1886 817 1947 quo
837 1862 1100 1954 perfectissimo
1122 1865 1240 1930 Stoico

187 1986 359 2028 summam
374 1964 603 2048 eloquentiam
625 1986 693 2028 non
716 1966 920 2030 desiderem.
945 2001 986 2012 -
1009 1970 1108 2030 Tuus
1123 1981 1239 2032 autem

188 2070 373 2132 auunculus
390 2065 515 2145 (Cato),
538 2068 827 2150 quemadmodum
850 2070 937 2142 scis,
962 2069 1062 2132 habet
1075 2091 1099 2131 a
1113 2072 1240 2134 Stoicis

189 2171 243 2246 id,
268 2171 360 2254 quod
388 2171 431 2232 ab
459 2170 529 2232 illis
557 2171 743 2253 petendum
760 2171 866 2263 suit,
896 2171 957 2234 sed
986 2172 1099 2234 dicere
1122 2173 1241 2237 didicit

189 2296 212 2336 a
233 2274 370 2337 dicendi
392 2274 571 2355 magistris
593 2295 779 2357 eorumque
807 2295 902 2336 more
925 2295 961 2337 se
983 2274 1154 2336 exercuit.

254 2376 327 2440 Cic.
340 2376 549 2441 Prooemium
562 2377 826 2439 Paradoxorum:
850 2375 1100 2452 Animadverti,
1118 2379 1237 2452 Brute,

193 2500 294 2560 saepe
310 2482 491 2554 Catonem,
511 2480 716 2541 avunculum
732 2489 846 2552 tuum,
871 2499 950 2540 cum
971 2479 1007 2542 in
1026 2489 1149 2541 senatu
1164 2500 1241 2542 sen-

191 2582 334 2644 tentiam
350 2581 490 2655 diceret,
515 2584 608 2646 locos
630 2602 756 2664 graues
778 2602 825 2642 ex
839 2581 1059 2663 philosophia
1077 2592 1240 2658 tractare,

191 2685 413 2748 abhorrentes
445 2683 489 2746 ab
517 2687 580 2746 hoc
610 2704 675 2745 usu
693 2681 845 2773 forensi
873 2695 907 2746 et
925 2683 1083 2765 publico,
1108 2684 1169 2746 sed
1190 2683 1242 2747 di·

106 2829 113 2836 ·
191 2788 298 2850 cendo
326 2787 488 2870 consequi
524 2799 657 2858 tamen,
697 2798 735 2847 ut
773 2786 833 2848 illa
863 2787 968 2849 etiam
994 2790 1126 2869 populo
1158 2809 1243 2870 pro·

192 2889 318 2953 babilla
340 2889 551 2951 viderentur.
582 2923 623 2934 —
646 2891 733 2952 Cato
755 2889 846 2950 enim
872 2890 1057 2950 dumtaxat
1079 2890 1120 2952 de
1144 2910 1242 2974 mag·

194 2991 348 3055 nitudine
370 2989 497 3065 animi,
531 2991 572 3052 de
594 2990 823 3065 continentia,
857 2991 898 3052 de
921 3004 1052 3064 morte,
1085 2992 1126 3055 de
1150 2993 1245 3057 omni

195 3095 296 3155 laude
336 3093 491 3167 uirtutis,
532 3092 573 3154 de
610 3092 678 3156 diis
715 3092 987 3168 immortalibus,
1019 3095 1061 3157 de
1098 3096 1245 3158 caritate

191 3197 330 3279 patriae
364 3196 477 3262 Stoice
514 3199 601 3260 solet
634 3195 803 3260 oratoriis
835 3197 1047 3260 ornamentis
1080 3199 1245 3262 adhibitis

195 3299 319 3364 dicere.

260 3401 333 3467 Cic.
360 3405 397 3466 de
426 3401 553 3488 legibus
580 3406 616 3479 3,
647 3404 698 3466 18.
744 3401 901 3465 Brevitas
926 3422 993 3464 non
1021 3403 1123 3467 modo
1146 3423 1244 3466 sena·

193 3506 293 3578 toris,
319 3506 507 3569 sedetiam
536 3507 689 3571 oratoris
720 3525 850 3589 magna
880 3506 958 3567 laus
979 3517 1031 3568 est
1053 3506 1088 3567 in
1112 3518 1244 3568 senten-

194 3606 262 3678 tia,
294 3627 354 3666 nec
384 3618 436 3668 est
467 3628 631 3690 umquam
661 3611 769 3690 longa
790 3607 948 3671 oratione
971 3608 1154 3681 utendum,
1178 3608 1247 3671 nisi

196 3715 258 3764 aut
276 3718 438 3784 peccante
460 3720 583 3770 senatu
612 3711 707 3771 nullo
730 3709 941 3790 magistratu
963 3710 1147 3772 adiuuante
1169 3711 1246 3771 tolli
1304 3766 1309 3773 .

196 3802 287 3864 diem
309 3807 392 3867 utile
414 3817 478 3878 est,
503 3821 564 3870 aut
586 3831 664 3871 cum
685 3820 785 3871 tanta
806 3831 913 3873 causa
935 3823 1004 3886 est,
1030 3824 1068 3873 ut
1090 3831 1178 3893 opus
1201 3811 1246 3872 sit

199 3903 352 3967 oratoris
379 3905 480 3986 copia
506 3912 558 3971 uel
584 3911 631 3972 ad
659 3911 867 3975 hortandum
898 3914 950 3973 uel
970 3912 1018 3973 ad
1038 3909 1247 3973 docendum:

198 4027 345 4090 quorum
367 4027 534 4091 generum
556 4012 591 4073 in
615 4023 760 4095 utroque
783 4033 931 4097 magnus
953 4023 1068 4073 noster
1083 4014 1168 4074 Cato
1183 4021 1247 4072 est.

261 4109 375 4172 Salust.
404 4103 544 4172 Catilina
577 4133 607 4174 c.
640 4113 692 4176 50.
745 4118 799 4178 Μ.
830 4112 954 4180 Catoni
981 4123 1014 4172 et
1041 4113 1079 4174 0.
1103 4111 1247 4176 Caesari

197 4233 326 4297 genus,
363 4222 477 4280 aetas,
514 4215 768 4295 eloquentia
798 4235 908 4299 prope
939 4211 1097 4294 aequalia
1117 4212 1245 4304 fuere,

199 4317 404 4399 magnitudo
425 4311 533 4377 animi
554 4335 637 4397 par,
667 4315 747 4378 item
769 4317 902 4399 gloria,
927 4312 989 4374 sed
1010 4313 1081 4376 alia
1101 4316 1175 4379 clii.
