2976 4844
1173 362 1212 426 st

163 535 253 590 esse,
286 534 356 576 cum
392 512 485 576 Titus
512 511 707 578 Flamininus
742 517 916 594 effecisset,
953 528 986 580 ut
1020 516 1214 592 locationes,

163 639 245 703 quas
273 635 387 680 censor
416 613 538 678 fecerat
569 614 670 689 Cato,
703 616 813 682 irritae
844 631 948 684 essent
977 631 1009 684 et
1043 621 1155 684 mulcta
1186 620 1214 684 ei

164 719 384 804 irrogaretur.
430 719 598 782 Plutarch.
629 716 703 783 Cat.
729 722 781 785 19.
821 723 860 788 ot
882 725 918 788 δὲ
940 729 1013 813 περὶ
1037 719 1094 789 τὸν
1118 725 1216 790 Τίτον

163 817 345 899 συστάντες
371 818 415 887 ἐπ’
435 817 537 888 αὐτὸν
560 819 627 886 ἕντο
655 822 694 915 τῇ
718 823 824 917 βουλῇ
847 821 907 903 τάς
927 829 1140 911 γεγενημένας
1165 827 1215 891 ἐκ-

164 919 273 1002 δόσεις
300 929 356 992 καὶ
384 917 574 1009 μισθώσεις
603 923 667 990 τῶν
701 927 794 1014 ἱερῶν
829 932 884 994 καὶ
917 929 1083 1014 δημοσίων
1114 927 1216 1018 ἔργων

163 1026 286 1096 ἔλυσαν
314 1022 357 1106 ὡς
388 1029 602 1112 γεγενημένας
632 1022 831 1106 ἀλυσιτελῶς
857 1035 914 1098 καὶ
947 1031 1012 1097 τῶν
1040 1025 1216 1118 δημάρχων

164 1127 244 1208 τοὺς
265 1123 506 1219 θρασυτάτους
528 1124 722 1217 παρώξυνον
745 1133 779 1197 ἐν
801 1132 893 1222 δήμῳ
915 1136 1215 1220 προςκαλέσασθαι

165 1229 223 1300 τὸν
248 1227 392 1298 Κάτωνα
415 1236 471 1300 καλ
493 1232 655 1317 ζημιῶσαι
681 1234 754 1300 δυσὶ
780 1229 965 1312 ταλάντοις.
1019 1236 1057 1300 ld
1087 1237 1120 1298 in
1147 1235 1214 1320 ipsa

166 1355 299 1398 censura
325 1333 525 1398 factumest.

229 1437 346 1503 Livius
372 1438 425 1516 39,
449 1439 502 1500 ll.
536 1441 635 1520 Quae
663 1437 699 1501 in
726 1441 804 1504 loca
828 1440 964 1521 publica
989 1439 1216 1520 inaedificata

165 1540 374 1603 immolitave
398 1539 530 1621 priuati
551 1539 740 1616 habebunt,
768 1541 863 1604 intra
884 1543 957 1604 dies
985 1543 1135 1626 triginta
1157 1544 1214 1608 de·

165 1643 277 1708 moliti
303 1654 383 1706 sunt
410 1641 518 1722 (Cata
541 1654 572 1704 et
594 1643 730 1708 Flaccus
751 1647 936 1722 censores).
963 1665 1071 1726 opera
1094 1645 1216 1710 deinde

154 1743 333 1836 facienda
364 1769 411 1808 ex
445 1746 585 1810 decreta
616 1746 652 1808 in
687 1767 765 1810 eam
798 1769 872 1810 rem
903 1747 1076 1829 pecunia,
1118 1751 1214 1812 lacus
1265 1753 1274 1772 '

166 1847 369 1914 sternendos
403 1846 543 1930 lapide,
578 1848 872 1934 detergendasque
906 1871 976 1932 qua
1006 1871 1095 1934 opus
1127 1864 1216 1916 esset

166 1951 321 2025 cloacas,
350 1950 386 2012 in
408 1949 580 2015 Auentino
605 1962 638 2014 et
666 1950 701 2012 in
727 1951 807 2014 attis
829 1953 1010 2035 partibus,
1038 1973 1107 2035 qrra
1131 1973 1215 2016 non-

167 2052 253 2114 dum
275 2065 389 2128 erant,
400 2050 597 2143 faciendas
620 2056 830 2118 locaverunt.
856 2066 890 2118 et
912 2055 1102 2136 separatim
1122 2059 1216 2120 Flac-

167 2175 226 2219 cus
253 2159 377 2220 molem
401 2158 447 2220 ad
472 2155 670 2238 Neptunias
696 2177 806 2240 aquas
829 2169 862 2220 et
886 2157 977 2220 uiam
995 2179 1061 2239 per
1084 2159 1215 2222 Formi·

165 2277 272 2322 onum
291 2271 459 2334 montem,
490 2262 577 2324 caro
602 2260 696 2322 atria
721 2259 791 2323 duo
817 2259 1000 2326 Maenium
1026 2272 1059 2322 et
1084 2260 1215 2326 Titium

166 2360 203 2424 in
224 2362 404 2426 lautumiis
430 2372 463 2426 et
486 2374 637 2445 quotuor·
666 2362 827 2424 tabernas
854 2362 889 2424 in
915 2361 1092 2446 publicum
1119 2365 1212 2438 emit,

164 2463 410 2546 basilicamque
441 2464 487 2528 ibi
519 2463 627 2548 fecit,
661 2485 748 2547 qssae
784 2464 909 2528 Porcia
940 2467 1116 2548 appellata
1149 2479 1213 2538 est.

166 2577 200 2627 et
230 2566 414 2648 uectigalia
443 2567 588 2632 summis
619 2567 764 2648 pretiis,
801 2569 895 2628 ultro
923 2565 1054 2630 tributa
1080 2567 1216 2642 infimis

164 2670 377 2733 locauerunt.
408 2691 496 2754 quas
520 2669 709 2734 locationes
735 2690 812 2732 cum
838 2679 978 2731 senatus
997 2668 1160 2751 precibus
1183 2683 1216 2734 et

166 2770 320 2835 lacrimis
342 2771 607 2854 publicanorum
635 2772 761 2848 uictus,
800 2771 919 2834 induci
951 2783 985 2834 et
1010 2772 1051 2834 de
1078 2771 1216 2856 integro

165 2873 276 2938 toran
295 2873 471 2950 iussisset,
495 2895 675 2950 censores,
700 2874 812 2940 edicto
835 2873 1017 2938 summotis
1043 2876 1087 2936 ab
1112 2875 1213 2938 hasta

165 2976 226 3060 qui
247 2976 423 3054 ludificati
451 2977 606 3058 priorem
638 2977 843 3042 locationem
871 2988 984 3051 erant,
1017 2977 1134 3040 omnia
1157 2998 1215 3040 ea-

167 3079 245 3144 dem
268 3083 425 3160 paullum
450 3079 642 3144 imminutis
665 3079 790 3161 pretiis
818 3081 1027 3142 locauerunt.
1080 3080 1216 3146 Nobilis

166 3202 314 3247 censsua
333 3180 421 3270 fuit
452 3181 747 3266 simultatiumque
778 3184 902 3264 plena,
935 3202 1023 3268 quae
1053 3185 1108 3246 M.
1131 3185 1217 3248 Por·-

167 3284 269 3362 αἰτιοτ,
297 3285 354 3348 cui
375 3284 545 3350 acerbitas
570 3306 613 3350 ea
635 3285 895 3368 assignabatur,
921 3307 986 3368 per
1012 3305 1148 3348 omnem
1166 3285 1213 3350 vi-

167 3397 240 3452 tam
256 3398 502 3454 exercuerunt.

230 3490 285 3554 Ex
317 3493 382 3554 hoc
419 3491 493 3554 loco
527 3502 676 3572 apparet,
711 3489 743 3553 iu
775 3489 844 3572 ipsa
879 3510 1011 3556 censura
1042 3492 1081 3554 dc
1108 3487 1215 3556 litibus

170 3590 325 3656 censoriis
351 3591 456 3675 egisse
482 3591 651 3660 Catonern.

231 3695 346 3756 Festus
369 3717 403 3776 p.
429 3695 503 3758 242.
550 3694 753 3761 Periculatus
786 3715 873 3768 sum,
910 3697 997 3758 Cato
1028 3694 1079 3757 ait
1110 3696 1145 3758 in
1174 3715 1216 3756 ea

169 3795 338 3873 oratione,
364 3818 469 3881 quam
492 3797 631 3879 scripsit
654 3795 702 3860 acl
720 3795 791 3861 litis
814 3795 1003 3859 censorias.

232 3899 346 3962 Festus
372 3921 405 3980 p.
429 3899 505 3964 att.
544 3897 638 3965 Parsi
660 3919 724 3963 nou
746 3896 901 3981 peperci,
928 3897 971 3960 ait
995 3901 1081 3962 Coto
1103 3897 1140 3958 in
1162 3919 1217 3960 ea·

170 3998 246 4060 dem
273 4000 450 4064 oratione:
475 4001 554 4066 Scio
568 3999 749 4092 fortunas
773 4000 940 4064 secundas
962 3997 1216 4081 neglegentiam

167 4101 337 4182 prendere
359 4105 490 4166 solere:
515 4104 609 4186 quod
628 4103 679 4168 uti
702 4101 914 4186 prohibitum
937 4100 1035 4173 irem,
1062 4099 1155 4180 quod
1181 4101 1216 4163 in

170 4223 221 4268 me
246 4215 350 4279 erret,
375 4225 450 4272 msa
478 4205 588 4270 labori
610 4226 679 4270 non
701 4205 813 4288 parsi.
