2984 4842
213 371 274 432 116

217 551 368 612 persona
388 530 547 595 Caesaris
569 553 684 594 sermo
707 531 751 594 sit
775 533 953 596 Metellum
976 552 1077 615 seque
1099 528 1265 594 aduersus

219 635 453 696 communium
485 635 752 697 obtrectatorum
782 634 1038 697 criminationes
1065 636 1264 716 [retegantis.

287 735 415 798 Scholia
445 735 617 798 Bobiensia
651 736 683 798 iu
718 737 809 804 Orat.
841 758 875 818 p.
905 735 1009 798 Sestio
1035 758 1068 817 p.
1095 737 1168 804 302.
1220 741 1262 817 Q.

220 841 382 902 Metellus
424 841 545 920 Nepos
580 851 625 901 tr.
661 841 711 920 pl.
750 861 827 900 cum
862 841 1044 920 plerasque
1078 841 1172 919 leges
1202 861 1267 920 per

219 940 424 1004 seditionem
438 938 584 1030 ferret,
610 953 643 1003 et
667 941 852 1022 praecipue
878 941 977 1011 duas,
1003 961 1119 1016 unaru,
1147 952 1185 1002 ut
1205 941 1265 1002 ab·

218 1063 297 1106 sens
326 1045 447 1105 consul
476 1046 538 1106 Cn.
572 1043 756 1125 Pompeius
784 1042 914 1120 fleret,
953 1054 1106 1124 tempore
1137 1041 1266 1104 scilicet

220 1144 455 1210 Mithridatici
471 1143 559 1218 belli,
583 1146 677 1229 quod
697 1146 873 1208 abeodem
889 1145 1052 1226 Pompeio
1067 1145 1262 1225 gerebatur,

217 1260 250 1308 et
287 1249 453 1321 alteram,
490 1259 528 1308 ut
563 1247 742 1329 praesidio
786 1248 909 1312 ltaliae
944 1247 1071 1310 ueniret
1100 1247 1266 1307 adversus

217 1370 318 1412 arma
341 1349 529 1422 Catilinae,
556 1349 773 1411 contradixit
802 1349 834 1412 ei
857 1352 1021 1432 pleraque
1047 1349 1207 1411 nobilitas
1234 1359 1267 1410 et

218 1452 291 1534 ipse
316 1453 368 1513 vel
392 1452 545 1514 maxime
576 1454 709 1534 collega
736 1473 821 1514 suits
855 1455 958 1525 Cato,
987 1473 1064 1512 cum
1087 1462 1200 1513 tamen
1227 1453 1265 1513 0.

219 1557 350 1618 Caesar
370 1565 515 1635 praetor
537 1555 681 1616 Metello
706 1563 752 1615 tr.
777 1556 826 1634 pl.
850 1553 1044 1615 adsisteret.

411 1692 440 1746 8.
480 1689 580 1746 Oratio
600 1707 652 1761 pro
672 1691 816 1747 Masintha
838 1694 937 1774 conl-ra
957 1689 1069 1746 Iubam.

285 1801 390 1866 Causa
406 1815 452 1864 est
475 1813 542 1863 acta
565 1824 592 1870 a.
620 1802 682 1865 699
706 1802 785 1877 (69).
819 1800 982 1863 Masintha
998 1799 1065 1864 sive
1083 1803 1267 1876 Masinissa,

220 1905 321 1978 Afer,
347 1903 447 1966 nobili
473 1902 593 1965 faenilia
621 1914 727 1975 ortus,
761 1924 853 1986 quem
883 1902 1068 1984 Hiempsal,
1097 1905 1267 1967 Numidiae

219 2028 295 2080 rex,
329 2005 532 2067 tributarium
573 2027 642 2092 esse
677 2004 796 2077 voluit,
834 2005 1052 2067 Romanorum
1084 2005 1268 2088 imploravit

219 2107 371 2170 auxilinm
388 2107 622 2191 Caesaremque
650 2118 759 2168 nactus
780 2117 828 2168 est
851 2118 1034 2187 patronum.
1059 2106 1139 2171 Cum
1155 2108 1266 2170 deinde

220 2210 311 2284 Iuba,
337 2208 531 2290 Hiempsalis
553 2207 656 2278 filius,
684 2207 738 2292 qni
759 2207 965 2289 optimatibus
989 2221 1082 2293 atque
1107 2209 1265 2288 Pompeio

217 2312 340 2373 deditus
360 2321 447 2384 erat,
466 2309 544 2386 (Dio
569 2309 660 2374 Cass.
681 2312 740 2386 ll,
766 2311 834 2388 61.)
855 2312 976 2373 Romae
998 2332 1067 2372 eum
1091 2321 1264 2382 accusaret,

221 2416 461 2489 condemnatur,
485 2416 539 2474 sed
563 2412 682 2476 Caesar
708 2412 886 2493 impedivit,
916 2434 952 2474 ne
975 2411 1047 2494 regi
1069 2414 1264 2474 traderetur.

220 2513 318 2578 conf.
344 2515 507 2576 Drnmauu
531 2525 555 2576 l.
580 2515 609 2578 3,
632 2537 666 2596 p.
696 2515 769 2577 185.

219 2637 225 2648 ·
285 2619 375 2678 Suet.
394 2615 487 2686 Caes.
509 2639 538 2678 e.
566 2619 617 2680 tl.
662 2617 824 2680 Studium
847 2629 880 2680 et
895 2616 994 2694 fides
1010 2637 1097 2698 erga
1111 2615 1267 2677 clientem

217 2741 258 2781 ne
296 2719 409 2791 iuueni
444 2719 581 2802 quidem
615 2717 818 2807 defuerunt.
870 2717 1085 2782 Masintham
1122 2717 1268 2780 nobilem

220 2821 393 2896 iuuenem,
410 2843 486 2882 cnm
505 2821 670 2882 aduersus
687 2821 924 2902 Hiempsalem
943 2827 1062 2900 regem
1075 2831 1147 2880 tam
1164 2818 1267 2879 enixe

223 2923 450 3013 defendisset,
475 2934 513 2983 ut
539 2922 643 2986 Iubae
673 2922 767 3004 regis
781 2921 868 3000 filio
893 2921 928 2982 in
950 2920 1172 2981 altercatione
1188 2919 1265 2978 bar-

219 3027 298 3088 bam
324 3023 510 3096 inuaserit‚
548 3023 812 3103 stipendiarium
840 3044 973 3106 quoque
1004 3023 1268 3104 pronuntiatum

218 3138 251 3187 et
284 3122 558 3187 abstrahentibus
587 3125 705 3186 statim
738 3126 866 3207 eripuit
899 3124 1147 3207 occultauitque
1174 3122 1269 3203 apud

218 3248 256 3289 se
281 3226 360 3297 diu,
388 3237 421 3285 et
448 3245 533 3286 mox
557 3248 604 3287 ex
629 3240 797 3308 praetura
828 3226 1056 3307 proficiscens
1077 3226 1112 3286 in
1141 3224 1266 3302 Hispa-

221 3328 329 3400 niam,
354 3326 444 3387 inter
458 3324 590 3416 officia
605 3329 887 3411 prosequentium
896 3324 1092 3416 fascesque
1107 3326 1268 3385 lictorum

221 3431 341 3492 lectica
366 3450 431 3490 sua
454 3429 584 3494 auexit.

254 3570 288 3600 ex
307 3553 440 3612 praetura]
478 3570 501 3598 a.
524 3554 571 3600 ⁶92
596 3553 663 3612 (⁶22.

222 3693 251 3749 9.
308 3691 460 3750 Orationes
492 3700 550 3751 tres
586 3697 685 3750 eontra
718 3693 751 3748 L.
786 3691 939 3748 Domitium
976 3695 1006 3746 el
1033 3689 1066 3747 C.
1103 3689 1270 3747 Memmium

663 3790 822 3856 praetores.

289 3900 354 3961 Eae
377 3909 449 3961 sunt
478 3895 604 3958 habitae
629 3917 659 3956 a.
683 3896 744 3959 696
769 3897 850 3976 (58).
886 3895 967 3961 Cum
992 3895 1113 3960 Caesar
1132 3894 1164 3956 iu
1190 3915 1298 3958 oon·,

220 3999 322 4062 sulatu
355 4023 383 4064 a.
419 3999 478 4062 695
513 3997 580 4075 (59)
618 3995 701 4060 vires
734 4009 828 4083 atque
866 3998 1086 4062 auctoritatem
1119 3997 1270 4080 fregisset

222 4085 431 4180 optimatium,
449 4091 536 4182 leges
551 4121 654 4162 novas
668 4101 861 4183 pertulisset,
876 4101 1054 4185 multosque
1067 4099 1271 4162 offendisset:

221 4202 264 4263 1..
295 4203 456 4265 Domitius
492 4204 729 4266 Ahenobarbus
760 4214 791 4266 et
822 4203 863 4268 C.
896 4201 1068 4266 Memmius
1101 4211 1269 4282 praetores

223 4319 252 4359 a.
276 4301 338 4362 696
359 4301 426 4382 (58)
448 4316 517 4366 acta
543 4303 611 4367 eius
637 4305 818 4369 rescindere
843 4303 1023 4386 cupiebant,
1040 4322 1175 4385 eumque
1189 4320 1269 4362 eon*
