2992 4840
1200 383 1261 450 24⁹

276 547 328 608 10.
354 546 475 608 Seneca
493 543 523 606 in
545 542 776 607 Consolatione
792 544 830 604 ad
846 542 995 606 Helviam
1012 553 1142 607 matrem
1158 565 1189 607 e.
1204 546 1258 610 16.

213 647 409 721 Corneliam
430 670 478 710 ex
500 645 679 708 duodecim
702 645 819 708 liberie
844 647 890 708 ad
915 647 1003 710 dnae
1016 645 1179 735 fortuna
1204 671 1259 711 re·

211 751 368 833 degerat.
408 749 446 814 Si
465 768 650 811 numerare
660 745 805 833 funera
826 748 1005 812 Corneliae
1028 752 1145 825 velles,
1169 751 1257 814 ami-

212 865 305 916 serae
327 853 460 914 decem:
479 849 511 914 εἰ
528 850 731 924 aestimare,
757 850 923 912 amiserat
945 853 1132 914 Gracchos.
1149 857 1257 916 'Flen-

211 954 301 1017 tibus
317 965 430 1015 tamen
442 953 536 1015 eirca
554 973 590 1014 ec
609 963 641 1014 et
651 949 782 1040 fatum
803 951 878 1014 eine
893 954 1135 1019 execrantibus
1150 956 1258 1018 inter·

207 1056 322 1130 dixit,
338 1053 581 1144 nesortanam
600 1065 820 1130 accusarent,
846 1075 932 1136 qnae
953 1053 1019 1116 sibi
1031 1055 1128 1130 filios
1149 1061 1257 1120 Grac-

211 1159 292 1220 chos
318 1157 475 1219 dedisset.
521 1159 581 1220 Ex
603 1156 666 1219 hac
686 1153 825 1239 femina
849 1155 963 1218 debuit
985 1157 1098 1233 nacci,
1123 1158 1182 1242 qni
1201 1160 1254 1223 di·

210 1270 302 1322 ceret
327 1259 362 1320 in
387 1258 570 1321 concione:
603 1261 660 1323 Ta
684 1257 790 1320 matri
816 1278 910 1320 meae
936 1259 1138 1337 maledicae,
1167 1281 1255 1345 qnae

212 1383 265 1424 me
286 1361 451 1444 peperit?

245 1508 288 1567 qai
307 1506 402 1552 diceret
423 1508 450 1552 e'n
467 1503 596 1566 concione]
633 1509 650 1551 i.
665 1521 687 1551 e.
708 1507 781 1552 Gaiae
796 1507 928 1552 Gracchus.

245 1619 271 1657 τυ
294 1615 371 1658 maeri
391 1627 461 1659 meae
483 1610 640 1672 maledicas]
685 1614 763 1658 simile
786 1613 873 1658 dicium
896 1615 972 1659 refert
995 1615 1140 1659 Plutarchus
1165 1615 1187 1660 in
1210 1616 1258 1660 vite

281 1703 310 1747 C.
326 1701 427 1746 Cracchi
449 1715 471 1746 c·
487 1700 511 1746 1.

276 1861 327 1920 11.
367 1859 455 1922 Plut.
484 1858 561 1922 Tib.
593 1860 736 1923 Gracch.
767 1859 799 1923 8.
848 1855 886 1926 ‘O
911 1855 943 1926 δ’
966 1855 1112 1952 ἀδελφὸς
1138 1855 1257 1939 αὐτοῦ,

210 1964 330 2038 Γαΐος,
352 1960 386 2026 έν
404 1985 469 2026 τινι
486 1961 604 2052 βιβλίῳ
626 1965 791 2052 γέγραφεν
809 1957 854 2039 εἰς
868 1964 1063 2048 Νομαντίαν
1081 1957 1259 2052 πορευόμε-

209 2086 267 2129 νον
282 2057 339 2127 διὰ
354 2063 412 2142 τῆς
432 2063 616 2151 Τυρρηνίας
637 2059 696 2130 τὸν
716 2066 870 2154 Τιβέριον
888 2069 945 2130 καὶ
965 2061 1024 2144 τὴν
1047 2066 1186 2154 ἐρημίαν
1202 2065 1259 2146 τῆς

206 2159 317 2252 χώρας
338 2159 465 2246 ὁρῶντα
486 2171 541 2231 καί
563 2162 640 2242 τούς
661 2167 885 2254 γεωργοῦντας
907 2163 928 2246 ἢ
950 2170 1109 2253 νέμοντας
1129 2163 1259 2244 οἰκέτας

210 2262 416 2344 έπειςόκτους
442 2272 496 2334 καί
516 2263 712 2357 βαρβάρους
738 2262 812 2333 τότε
841 2269 970 2357 πρῶτον
987 2270 1039 2334 ἐπὶ
1064 2269 1142 2334 νοῦν
1158 2271 1259 2354 βαλέ-

214 2372 301 2434 σθαι
321 2366 380 2450 τὴν
400 2371 525 2460 μυρίων
545 2369 654 2435 καλῶν
676 2366 825 2456 ἄρξασαν
847 2365 961 2446 αὐτοῖς
977 2372 1155 2437 πολιτείαν.

246 2504 280 2563 ἕν
301 2527 357 2564 τινι
375 2512 492 2577 βιβλίαν]
529 2516 552 2560 ἰν
574 2515 702 2572 oratioue,
722 2515 824 2569 opinor,
844 2517 872 2560 de
893 2515 986 2572 legibue
1009 2529 1022 2559 e
1043 2529 1069 2560 ae
1088 2517 1255 2572 promulgetis,

279 2607 303 2648 et
321 2605 343 2648 io
366 2617 394 2648 ee
411 2605 506 2661 quidem
529 2609 613 2660 parte,
634 2601 672 2647 ubi
692 2615 776 2646 caueae
796 2603 856 2658 legis
874 2603 985 2660 egi-erico
1004 2603 1131 2658 exposuit,
1153 2615 1252 2661 euinque

278 2691 380 2736 menime
403 2693 564 2738 necessariam
586 2705 638 2736 ease
662 2690 843 2735 demonstravit.

272 2845 361 2911 Plut.
382 2846 424 2911 C.
442 2849 584 2910 Gracch.
609 2848 642 2910 3.
684 2842 790 2933 Ὑμῶν
812 2842 844 2912 δ’
863 2841 1030 2934 ὁρώντων,
1052 2846 1133 2939 ἔφη,
1162 2849 1257 2930 Τιβέ-

208 2972 281 3034 ριον
301 2944 410 3030 ξύλοις
431 2954 628 3016 συνέκοπτον
652 2939 744 3018 οὗτοι
765 2954 819 3018 καὶ
844 2947 901 3016 διὰ
929 2953 1030 3036 μέσης
1055 2952 1112 3030 τῆς
1134 2945 1258 3030 πόλεως

210 3045 343 3140 ἐσύρετο
368 3047 480 3140 νεκρός
507 3053 541 3116 έκ
562 3053 777 3119 Καπετωλίου
800 3045 1023 3144 ῥιφησόμενος
1047 3047 1092 3130 εἰς
1116 3048 1173 3118 τόν
1197 3077 1258 3117 πο-

207 3151 331 3237 ταμὸν,
354 3156 385 3218 οί
400 3150 432 3218 δ’
450 3149 659 3240 ἁλισκόμενοι
682 3155 746 3219 τῶν
765 3156 870 3246 φίλων
887 3151 1102 3237 ἀπέθνησκον
1116 3149 1257 3243 όίκριτοι.

207 3256 280 3320 Καὶ
301 3279 355 3321 τοι
377 3250 517 3342 ποίτριόν
538 3257 626 3322 ἐστιν
647 3249 740 3342 ἡμῖν,
763 3257 840 3334 εἴτις
860 3256 938 3344 έχων
959 3259 1050 3338 δίκην
1067 3253 1259 3337 θανατικὴν

207 3352 253 3442 μὴ
279 3351 454 3436 ὑπακούει,
486 3351 606 3424 τούτου
635 3354 718 3447 πρὸς
743 3355 802 3436 τὰς
830 3355 946 3448 θύρας
975 3361 1082 3426 ἕωθεν
1109 3354 1258 3426 ἐλθόντα

209 3457 414 3544 σαλπιγκτὴν
436 3455 682 3526 ἀνακαλεῖσθαι
707 3462 747 3552 τῇ
769 3455 924 3546 σύλπιγγι
950 3465 1006 3526 καί
1030 3457 1075 3546 μὴ
1097 3457 1258 3549 πρότερον

209 3561 373 3650 ἐπιφέρειν
400 3563 521 3654 ψῆφον
546 3558 636 3652 αὐτῷ
656 3558 734 3639 τούς
763 3557 931 3662 δικαστάς.
979 3553 1090 3639 Ούτως
1110 3559 1259 3646 εὐλαβεῖς

178 3667 266 3727 ··καὶ
285 3666 531 3756 πεφυλαγμένοι
554 3671 626 3752 περὶ
649 3662 711 3742 τὰς
732 3665 853 3751 κρίσεις
872 3663 967 3746 ἦσαν.

245 3798 316 3871 ἔφη]
352 3811 376 3854 in
398 3813 508 3856 oratione
532 3816 616 3855 eontra
637 3814 666 3861 Ρ.
688 3811 826 3866 Popiiiium.
860 3812 942 3870 Egger
963 3814 1024 3866 apua
1046 3813 1209 3857 Dnebnerum.

620 3987 842 4000 υ--ι-ιι-να-

271 4116 434 4179 Extabant
460 4124 561 4178 autem
592 4135 657 4177 non
689 4116 791 4180 solum
820 4115 861 4180 C.
885 4115 1026 4177 Gracchi
1058 4117 1254 4192 orationes,

208 4219 263 4279 sed
292 4217 384 4280 etiam
412 4217 639 4300 epistolarum
661 4218 763 4293 liber,
788 4238 922 4300 querum
944 4232 1006 4276 una
1032 4215 1064 4278 in
1085 4218 1256 4282 Ciceronis

208 4316 300 4382 libris
323 4321 362 4382 de
383 4316 593 4383 Divinatione
609 4319 637 4392 1,
660 4321 699 4385 18
715 4329 746 4383 et
770 4318 802 4396 2,
820 4319 860 4381 29
885 4325 1096 4393 memoratur,
1120 4328 1151 4382 et
1166 4317 1257 4401 frag·
