2984 4842
403 541 404 546 '
461 554 547 614 xcv.
587 555 941 615 summittentem.
1014 581 1016 586 ,

246 692 347 752 Natus
370 707 452 749 anno
477 687 534 748 671
561 685 641 770 (83).
674 686 722 750 vel
746 709 772 753 a.
796 689 856 750 668
881 689 969 768 (86)ι
995 689 1128 754 decessit
1143 689 1223 754 enim

181 812 279 855 annos
294 800 385 852 uatus
407 788 458 862 53,
482 787 545 863 vel,
569 788 595 851 si
617 788 696 852 alios
718 789 862 873 sequeris
884 803 1040 865 auctores,
1061 793 1113 855 56.
1138 793 1224 859 Plut.

181 895 301 961 Anton.
332 913 362 954 c.
398 891 451 953 87.
486 891 647 970 Quaestor
682 913 712 954 a.
750 892 809 952 toa
845 893 924 970 (52).
963 893 1026 955 Sed
1058 891 1120 955 iam
1153 905 1224 958 aute

178 1005 380 1080 quaesturam
402 992 561 1056 exercitui
584 991 732 1056 Caesaris
755 991 786 1056 in
810 992 915 1058 Gallia
937 992 1081 1056 interfuit
1102 1006 1133 1057 et
1149 1016 1224 1059 mox

177 1095 261 1160 inter
283 1096 407 1180 legatos
434 1094 501 1158 eius
529 1094 663 1157 maxime
687 1095 875 1158 excellebat.
913 1099 1029 1179 Augur
1049 1096 1152 1159 factus
1176 1109 1224 1160 est

177 1220 207 1263 a.
232 1201 293 1260 tot
315 1195 396 1282 (50).
425 1196 587 1259 Tribunus
612 1196 658 1278 pl.
687 1218 717 1258 a.
741 1199 801 1259 705
826 1198 905 1277 (19),
924 1196 1057 1262 consilia
1075 1195 1223 1262 Caesaris

178 1299 332 1363 acerrime
349 1297 480 1372 adiuvit,
497 1296 627 1382 eiusque
643 1297 675 1360 in
691 1299 777 1362 bello
796 1298 884 1361 civili
899 1311 1005 1380 partes
1021 1312 1068 1362 est
1083 1311 1221 1363 secutus.

178 1400 301 1466 Consul
330 1422 360 1464 a.
387 1403 449 1462 710
471 1400 539 1476 (ll)
570 1421 640 1461 cum
669 1397 828 1476 Caesare,
853 1422 918 1486 quo
947 1422 1030 1466 anno
1052 1398 1104 1464 bic
1123 1400 1223 1464 truci·

179 1506 267 1566 datus
282 1512 342 1564 est.
359 1504 434 1566 lude
455 1500 541 1564 bella
564 1499 671 1563 civilia
696 1501 778 1565 inter
802 1503 851 1571 M.
876 1504 1029 1578 Brutum,
1047 1503 1221 1567 Antonium

177 1617 209 1666 et
239 1602 469 1677 Octavianum,
501 1624 577 1666 mox
605 1602 689 1666 inter
723 1602 899 1667 Antonium
933 1616 965 1666 et
996 1603 1220 1670 Octavianum.

177 1703 331 1769 Caeditur
354 1703 573 1772 Alexandriae
600 1726 629 1767 a.
662 1706 723 1766 tat
750 1706 830 1781 (30).
865 1705 1034 1770 Plutarch.
1059 1705 1220 1770 Antonius

176 1829 207 1870 c.
231 1807 283 1870 86.
316 1806 417 1871 Conf.
450 1808 613 1870 Drumann
639 1817 661 1874 t.
690 1811 719 1869 1.
744 1829 778 1888 p.
805 1807 846 1868 bl
863 1829 947 1892 sqq.
975 1805 1145 1872 Weiobert
1170 1807 1222 1871 De

176 1907 292 1973 Cassio
315 1907 481 1973 Parmensi
503 1930 537 1990 p.
561 1909 624 1970 334
645 1931 720 1994 sqq.

238 2029 288 2092 De
317 2026 498 2113 eloquentia
529 2027 663 2090 Antonii
692 2041 800 2091 extant
833 2027 1012 2120 testimonia
1034 2029 1221 2112 plerumque

173 2151 229 2204 ea,
256 2149 337 2213 quae
368 2132 407 2191 ab
433 2127 625 2192 adversariis
661 2129 746 2205 eius,
783 2127 941 2194 Cicerone
967 2142 998 2194 et
1025 2129 1220 2206 Octaviano,

175 2230 258 2293 dicta
286 2241 373 2305 sunt,
400 2230 443 2292 ita
472 2243 505 2292 ut
531 2252 569 2293 ne
605 2229 729 2293 minima
753 2229 879 2315 quidem
902 2230 932 2294 ei
960 2230 1119 2293 tribuatur
1142 2231 1219 2304 laus,

174 2335 229 2395 sed
248 2330 354 2414 potius
379 2332 578 2413 vituperetur
602 2345 695 2415 atque
721 2330 903 2400 irrideatur.
931 2330 1030 2395 Conl.
1054 2331 1220 2395 Drumaon

173 2445 199 2496 t.
225 2438 255 2497 1.
280 2454 312 2515 p.
338 2435 413 2496 505.
441 2433 566 2497 Habuit
591 2444 691 2496 autem
720 2433 892 2516 magistros
920 2432 1046 2496 dicendi
1069 2432 1218 2513 Epidium

172 2545 204 2597 et
229 2536 360 2598 Sextum
386 2535 548 2600 Clodium.
575 2537 664 2599 Suet.
689 2537 726 2597 de
750 2534 924 2598 Rhetorib.
949 2536 981 2597 l.
1009 2535 1041 2597 5.
1149 2547 1151 2554 ’

234 2657 321 2721 Plut.
345 2653 505 2718 Antonius
531 2656 562 2717 2.
603 2649 752 2739 Ἀτιῇρεν
780 2655 815 2720 ἐκ
840 2656 898 2735 τῆς
922 2650 1071 2731 Ἰταλίας
1093 2650 1138 2731 εἰς
1161 2651 1219 2736 τὴν

168 2753 319 2822 Ἐλλάδα
341 2763 396 2823 καὶ
423 2759 565 2847 διέτριβε
598 2753 637 2822 τὸ
670 2781 705 2822 τε
731 2757 825 2841 σῶμα
848 2752 1018 2842 γυμνάζων
1037 2753 1120 2847 πρὸς
1141 2753 1219 2834 τούς

172 2855 429 2947 στρατιωτικοὺς
447 2855 577 2944 ἀγῶνας
601 2863 657 2925 καὶ
685 2863 786 2944 λέγειν
818 2859 967 2945 μελετῶν.
1000 2850 1151 2948 ἐχρῆτο
1175 2861 1218 2923 δὲ

172 2961 222 3051 τῷ
244 2964 487 3052 καλουμένῳ
520 2968 594 3048 μὲν
618 2956 810 3052 Ἀσιανῷ
839 2955 947 3051 ζήλῳ
974 2962 1056 3027 τῶν
1078 2955 1218 3044 λόγων

171 3057 336 3130 ἀνθοῦντι
356 3059 504 3150 μάλιστα
524 3057 600 3128 κατ’
641 3064 761 3128 ἐκεῖνον
794 3058 850 3127 τὸν
879 3057 1018 3150 χρόνον,
1047 3062 1153 3148 ἔχοντι
1181 3063 1217 3126 δὲ

170 3160 295 3246 πολλὴν
323 3160 505 3252 ὁμοιότητα
536 3159 619 3253 πρὸς
650 3160 710 3230 τὸν
739 3165 813 3248 βίον
846 3159 949 3228 αὐτοῦ
978 3159 1132 3249 κομπώδη
1161 3168 1217 3229 καὶ

170 3269 407 3358 φρυαγματίαν
423 3264 502 3333 ὄντα
523 3271 579 3332 καὶ
593 3267 687 3332 κενοῦ
708 3259 938 3357 γαυριάματος
952 3269 1008 3331 καὶ
1024 3266 1216 3352 φιλοτιμίας

170 3365 345 3456 ἀνωμάλου
366 3363 505 3456 μεστον.

234 3490 366 3556 Sueton.
402 3489 557 3555 Octavius
589 3513 618 3553 c.
656 3491 709 3552 86.
766 3490 931 3553 Marcum
959 3491 1150 3553 Antonium
1177 3503 1216 3552 ut

171 3589 332 3651 insanum
364 3591 518 3671 increpat
545 3590 776 3665 Octavianus,
808 3591 908 3673 quasi
930 3611 973 3653 ea
999 3590 1213 3664 scribentem,

169 3708 257 3769 quae
298 3691 467 3753 mirentur
507 3692 627 3771 potius
662 3691 815 3754 homines
855 3712 959 3774 quam
1007 3691 1212 3773 intelligant.

171 3786 304 3848 Deinde
318 3790 439 3852 ludens
455 3793 582 3852 malum
597 3802 631 3853 et
645 3792 842 3856 inconstans
861 3791 1072 3875 inreligendo
1087 3813 1213 3873 genere

170 3886 305 3948 dicendi
330 3889 506 3972 ingenium
531 3891 627 3964 eius,
659 3893 757 3955 audit
788 3895 888 3956 haee:
919 3897 1040 3974 Tuque
1062 3891 1211 3964 dubitas,

170 3986 347 4052 Cimberne
371 3989 507 4053 Annius
530 4013 575 4054 an
603 3994 776 4059 Veranius
798 3998 939 4056 Flaccus
962 3990 1121 4053 imitandi
1143 3991 1213 4052 sint

169 4088 248 4163 tibi,
267 4089 318 4152 ita
347 4104 385 4154 ut
418 4089 544 4166 verbis,
577 4114 664 4176 quae
697 4097 735 4158 0.
764 4093 936 4157 Salustius
968 4090 1141 4172 excerpsit
1166 4113 1212 4152 ear

169 4192 373 4276 Originibus
401 4192 560 4270 Catonis,
589 4197 721 4270 utaris,
756 4214 801 4256 an
820 4191 822 4201 '
833 4191 949 4276 potius
979 4190 1213 4254 Asiaticorum
1268 4185 1271 4192 ’
