2984 4842
1114 339 1116 342 ’
1151 343 1210 402 lli

159 493 261 556 sulatu
296 486 477 554 defunctum
502 512 588 554 retati}
621 489 783 567 lecerunt,
820 505 852 555 ut
879 494 1035 558 rationem
1062 499 1209 562 redderet

159 617 315 659 novarum
332 615 456 670 rerutn,
473 615 551 678 quas
578 592 609 655 in
634 594 797 657 consulatu
814 606 975 660 tentasset.
998 599 1060 662 Sed
1074 598 1207 664 frustra.

161 698 262 763 Coos.
287 707 386 760 oratt.
413 695 556 758 Memmii
580 718 614 777 p.
639 697 728 758 495..

225 820 313 881 Suet.
347 816 440 880 Caes.
477 817 528 880 23.
581 822 729 881 Functus
762 825 943 885 consulatu
971 826 1009 887 C.
1040 825 1209 888 Memmio

161 921 335 1004 Lucioque
372 919 527 983 Domitio
564 920 786 1001 praetoribus
819 925 860 985 de
896 925 1089 1007 superioris
1126 927 1209 989 anni

94 1029 98 1034 '
160 1024 247 1087 actis
278 1020 514 1112 referentibus
543 1023 774 1105 cognitionem
808 1027 945 1088 senatui
976 1027 1114 1102 detulit,
1150 1051 1210 1091 nec

161 1127 221 1190 illo
243 1125 448 1206 suscipiente
470 1124 653 1206 triduoque
672 1149 737 1207 per
759 1127 881 1191 irritas
895 1131 1206 1194 altercationesab·

162 1241 277 1291 sumto
300 1229 335 1288 in
355 1227 570 1308 prouinciam
591 1228 689 1289 abiit.

227 1349 315 1410 Suet.
334 1349 424 1409 Nero
450 1347 481 1408 2.
527 1349 704 1412 Domitius
723 1364 867 1433 praetor
888 1357 926 1416 0.
946 1356 1131 1417 Caesarem
1150 1355 1209 1418 ab·

162 1463 299 1514 euntem
321 1452 521 1524 consulatu,
554 1473 654 1533 quem
681 1453 848 1516 adversus
869 1453 1027 1536 auspicia
1052 1459 1210 1540 legesque

163 1555 313 1638 gessisse
353 1551 640 1626 existimabatur,
676 1557 723 1617 ad
762 1556 1036 1640 disquisitionem
1068 1571 1211 1622 senatus

165 1655 309 1719 vocavit.

229 1775 358 1840 Scholia
391 1775 562 1840 Bobiensia
586 1776 617 1839 in
648 1778 739 1843 Orat.
770 1802 802 1862 p.
832 1778 939 1842 Sestio
969 1803 1000 1862 p.
1033 1779 1107 1844 297.
1159 1782 1211 1843 De

163 1881 251 1942 actis
283 1879 455 1962 loquitur,
488 1901 575 1962 quae
605 1880 725 1942 habuit
751 1881 788 1944 in
816 1885 1006 1970 consulatu!
1021 1885 1059 1948 0.
1085 1885 1211 1948 Caesar

165 1981 383 2064 inauspicato
410 1993 448 2044 ut
476 1982 671 2060 uidebatur,
702 2004 771 2066 qua
806 1984 846 2046 de
878 2007 915 2047 re
943 1985 1110 2047 aduersus
1132 2005 1211 2046 eum

165 2096 309 2166 egerant
324 2085 359 2146 in
382 2095 505 2148 senatu
524 2087 563 2148 0.
586 2085 776 2149 Memmius
798 2097 830 2148 et
853 2089 895 2149 L.
920 2085 1098 2150 Domitius
1112 2105 1213 2167 prae-

165 2199 278 2262 tores,
296 2199 329 2249 et
344 2187 455 2269 ipsius
478 2186 640 2251 Caesaris
661 2188 836 2250 orationes
858 2201 980 2250 contra
999 2191 1062 2250 hos
1076 2199 1211 2260 extant,

166 2289 285 2372 quibus
308 2302 341 2352 et
364 2310 429 2352 sua
449 2301 529 2352 acta
551 2286 710 2378 defendit
731 2301 764 2350 et
785 2290 863 2351 illos
885 2288 1084 2354 insectatur.

233 2410 343 2471 Schol.
361 2409 533 2473 Bobiensia
549 2410 581 2471 in
598 2411 692 2474 Orat.
716 2409 747 2472 in
763 2407 926 2472 Vatinium
949 2431 984 2491 p.
1008 2409 1080 2474 317.
1113 2412 1213 2472 Com·

169 2511 312 2573 miserat
334 2533 474 2575 causam
503 2533 604 2574 satam
631 2512 768 2574 senatui
790 2515 828 2576 0.
852 2515 999 2585 Caesar,
1025 2511 1062 2572 id
1084 2521 1151 2584 est,
1177 2521 1214 2572 ut

168 2615 209 2676 de
231 2617 305 2696 lege
326 2615 473 2696 agraria
492 2627 612 2697 patres
635 2615 839 2676 iudicarent.
885 2613 937 2678 lbi
961 2613 1053 2676 enim
1078 2612 1213 2674 habitae

169 2729 248 2780 sunt
257 2729 328 2780 tres
339 2718 418 2780 illae
430 2719 605 2781 orationes
617 2730 740 2791 contra
749 2715 943 2782 Domitium
954 2727 987 2776 et
998 2712 1215 2780 Memmium.
1285 2772 1286 2776 ,

417 2895 461 2950 10.
504 2894 610 2952 Conoio
631 2860 667 2950 tid
688 2894 794 2951 milites
815 2894 844 2948 in
865 2891 972 2948 Atrion.

235 3026 281 3087 Ea
305 3038 353 3088 est
375 3025 459 3088 dicta
483 3048 510 3088 a.
536 3026 596 3086 708
619 3027 697 3104 (46).

235 3130 323 3191 Soet.
357 3127 450 3192 Caes.
483 3129 535 3190 bb.
590 3131 697 3190 Fama
727 3127 905 3190 hostilium
934 3125 1115 3206 copiarum
1137 3145 1217 3207 per·

170 3231 313 3294 territos
328 3253 397 3294 non
419 3231 580 3314 negando
603 3229 828 3294 minuendave
849 3229 910 3290 sed
931 3229 1075 3309 insuper
1095 3225 1218 3307 ampli·

164 3332 312 3410 ficando
350 3335 629 3417 ementiendoque
672 3331 917 3410 confirmabat.
979 3333 1100 3413 Itaque
1139 3348 1219 3390 cum

138 3517 140 3522 .
170 3435 369 3517 expectatio
389 3436 556 3500 adventus
582 3437 686 3500 Iubae
708 3434 871 3498 terribilis
895 3444 1000 3506 esset,
1024 3429 1220 3494 convocatis

171 3536 217 3596 ad
241 3537 440 3599 concionem
463 3539 643 3614 militibus,
670 3538 829 3618 „scitota
854 3536 976 3618 inquit,
1000 3531 1220 3616 paucissimis

172 3637 366 3698 hisdiebus
395 3659 513 3720 regem
541 3637 739 3724 affuturum
767 3660 846 3700 cum
875 3637 990 3701 decem
1011 3633 1220 3718 legionibus,

174 3735 326 3818 equitum
353 3738 521 3818 triginta,
556 3740 639 3802 levis
667 3752 869 3802 armaturae
895 3750 1030 3800 centum
1056 3735 1218 3805 millibus,

174 3837 362 3918 elephantis
383 3841 555 3902 trecentis.
600 3841 748 3904 Proinde
771 3841 929 3904 desinant
954 3838 1094 3924 quidam
1117 3852 1221 3918 quae·

174 3961 252 4002 rere
291 3941 385 4000 ultra
426 3952 488 4002 aut
529 3942 684 4022 opinari,
725 3941 873 4025 mihique
908 3941 969 4023 qui
1008 3944 1223 4018 compertum

174 4043 300 4116 habeo,
323 4041 484 4115 credant,
507 4053 569 4104 aut
595 4042 731 4125 quidem
757 4041 991 4120 vetustissimo
1012 4057 1096 4098 naue
1111 4035 1222 4114 impo-

175 4145 274 4220 sitos,
302 4163 503 4228 quocunque
529 4154 629 4205 vento
652 4145 687 4205 in
712 4163 941 4228 quascumque
966 4150 1080 4201 terras
1102 4133 1223 4198 iubebo

174 4247 307 4312 avehi.“
336 4281 374 4292 -

223 4354 298 4395 steten
308 4356 364 4397 Orat·
371 4353 430 4396 Rom·
444 4353 523 4406 chflm.
539 4351 571 4392 td·
582 4351 601 4388 ἶ·
983 4347 1022 4408 27
