2970 4836
1157 334 1195 395 21

149 486 246 551 Diese
281 487 354 548 Lex
383 485 504 549 Porcia
540 485 580 548 ist
615 487 858 566 heuptsichlicb
892 511 932 552 zu
968 489 1110 553 Gnnsten
1144 493 1200 553 der

148 589 333 652 romischen
359 589 489 669 Bttrger
513 587 544 649 in
576 591 634 650 den
666 589 852 653 Provinzen
885 595 1042 675 gegeben,
1073 594 1198 656 welche

149 694 251 754 durch
277 691 329 752 ihr
356 693 510 754 Provoca
537 693 615 752 oder
641 691 732 754 Civis
754 713 920 756 romanus
942 717 1018 756 sum
1041 695 1109 757 sich
1138 717 1200 758 vor

150 798 210 857 den
239 793 395 856 Lictoren
425 796 482 855 der
512 793 699 854 Statthalter
726 797 782 856 der
813 796 997 859 Provinzen
1024 797 1197 872 sicherten,

150 899 212 958 ond
246 917 284 957 an
315 895 365 956 ein
402 895 602 956 'offentliches
635 895 769 957 Gericht
802 896 833 957 in
871 900 955 961 Rom
987 899 1197 979 appellirten,

149 1001 307 1060 wa'hrend
333 997 383 1058 die
406 996 637 1060 Provinzialen
661 999 828 1060 denselben
852 999 1053 1086 hingegeben
1073 1023 1198 1064 waren.

216 1099 283 1162 Atii
313 1122 391 1163 vcro
417 1099 521 1180 legem
552 1097 666 1182 populi
703 1099 770 1162 sive
804 1105 841 1163 de
871 1103 1105 1182 provocatione
1136 1103 1199 1186 ipsi

152 1205 205 1267 M.
238 1201 358 1266 Catoni
388 1201 573 1276 vindicant,
614 1223 696 1284 quos
730 1201 813 1265 inter
846 1205 887 1266 P.
915 1207 1078 1267 Manutius
1106 1219 1200 1290 atque

152 1305 323 1386 Zumptius
350 1307 387 1366 ad
422 1303 617 1369 Ciceronem
651 1303 683 1365 in
708 1306 809 1367 Verr.
835 1303 864 1379 5,
886 1307 936 1380 63,
963 1309 1049 1383 163„
1076 1308 1200 1388 impro-

152 1412 247 1470 bante
275 1408 407 1469 Baitero
437 1408 470 1468 in
499 1406 610 1470 Indice
640 1408 770 1490 legum,
810 1407 1019 1471 Onomastico
1050 1409 1201 1474 Tulliano

154 1511 278 1573 adiecto
300 1533 334 1591 p.
352 1511 426 1572 252.

218 1615 389 1676 Postremo
419 1615 642 1686 adnotandum,
672 1612 873 1675 Bolhuisium
899 1635 933 1696 p.
963 1615 1036 1677 157.
1064 1626 1201 1696 putasse,

154 1718 253 1777 verba
281 1715 316 1776 in
334 1717 444 1797 legem
464 1715 586 1796 populi
609 1737 677 1777 esse
704 1729 868 1797 corrupta,
894 1729 987 1801 atque
1009 1719 1202 1780 emendanda

154 1817 190 1879 in
205 1819 315 1898 legem
326 1817 464 1892 Petillii,
481 1815 524 1878 ita
542 1829 575 1878 ut
589 1817 695 1880 oratio
709 1819 826 1880 adeam
843 1817 1011 1881 reserenda
1028 1831 1110 1881 esset
1127 1839 1202 1881 cau-

154 1941 230 1994 sam,
245 1921 281 1980 de
297 1918 402 2002 quain
416 1917 561 1981 oratione
575 1919 615 1980 tie
624 1921 773 2001 pecunia
785 1921 879 2002 regis
895 1921 1057 1984 Antiochi
1069 1919 1200 1983 dictum.

155 2021 219 2083 Sed
243 2022 327 2082 nulla
355 2019 414 2081 alia
441 2020 494 2081 lex
514 2020 634 2083 maiore
653 2021 722 2083 iure
748 2025 807 2084 lex
822 2023 945 2104 populi
965 2021 1120 2104 appellari
1141 2043 1203 2104 po·

154 2135 215 2186 test
236 2122 295 2186 nisi
316 2125 375 2184 lex
392 2123 518 2186 Porcia
540 2123 580 2185 de
598 2125 855 2205 prouocatione.
880 2125 1057 2187 Maiensius
1074 2145 1203 2210 quoque

154 2247 187 2308 p.
219 2227 258 2286 lt?
289 2225 483 2307 ambigebat,
513 2229 676 2308 quomodo
704 2229 812 2309 legem
834 2227 956 2309 populi
973 2227 1202 2310 interpretare·

155 2339 227 2390 tur:
259 2327 374 2390 scribit
397 2326 497 2390 enim:
532 2325 839 2414 quodnamfuerit
856 2342 1102 2412 argumentum
1124 2351 1204 2392 sna·

155 2431 265 2494 sionis
289 2431 502 2495 Catonianae
531 2431 572 2493 ln
601 2433 736 2513 legem
759 2431 932 2512 Populi,
961 2432 1005 2493 ab
1033 2433 1112 2493 aliis
1135 2433 1205 2495 dis·

156 2555 233 2596 cere
254 2535 368 2616 cupi0.

221 2636 348 2699 Nonius
371 2659 405 2718 p.
430 2637 483 2699 87.
523 2636 750 2718 Compluries,
773 2633 973 2719 frequenter.
1017 2637 1104 2698 Cato
1126 2655 1206 2697 sua·

156 2739 254 2802 sione
280 2740 315 2801 in
341 2743 453 2824 legem
475 2740 614 2821 populi:
639 2739 742 2822 Quod
769 2737 975 2820 compluries
1001 2757 1068 2799 usu
1095 2738 1204 2813 venit,

156 2842 253 2904 omni
276 2853 429 2924 tempore
452 2853 672 2906 anteventum
698 2861 789 2902 esse:
823 2862 895 2903 rem
926 2839 1099 2921 publicam
1129 2843 1207 2902 red·

156 2944 285 3006 dimus.

193 3075 350 3114 anteventum
371 3069 437 3130 esse]
464 3087 493 3115 an
514 3073 637 3130 tegendum
656 3074 811 3113 anteventum
833 3066 890 3112 est?
913 3069 935 3112 id
957 3073 1002 3122 est,
1027 3083 1075 3112 was
1098 3069 1154 3113 sebi·
1176 3071 1211 3114 ott

231 3158 313 3202 bisher
332 3159 479 3217 eingetreten
500 3173 567 3212 war,
592 3161 631 3202 das
654 3159 686 3202 ist
705 3159 762 3217 jetat
781 3157 823 3200 auf
844 3159 890 3200 alte
914 3157 999 3200 Zetten
1021 3157 1140 3202 rerh'tttet.

194 3261 336 3322 reddimus]
365 3267 437 3309 caino
456 3268 516 3320 apud
535 3266 685 3309 Botbuisiom
708 3262 882 3319 reddidimus,
911 3274 986 3310 rere:
1010 3264 1033 3307 it
1056 3269 1109 3318 est,
1138 3267 1212 3309 resti-

229 3336 328 3378 tutinus.

224 3452 372 3516 Alterum
398 3453 626 3529 testimonium,
652 3451 809 3517 Catonem
833 3474 895 3534 pro
920 3475 955 3516 ea
980 3453 1054 3536 lege
1078 3449 1208 3527 dixisse,

160 3565 250 3617 extat
279 3559 364 3638 apud
396 3559 524 3620 Festum
558 3578 590 3637 p.
617 3556 690 3618 tet.
737 3558 807 3619 Pro
836 3555 987 3636 scapulis
1014 3577 1092 3616 cum
1129 3553 1212 3615 dicit

160 3659 266 3733 Cato,
292 3659 474 3742 signifieat
492 3681 561 3740 pro
585 3658 716 3720 iniuria
734 3657 924 3720 verberum.
949 3659 1043 3720 Nam
1061 3657 1212 3737 complu·

161 3781 220 3822 ree
243 3763 336 3842 leges
363 3773 464 3822 erant
486 3761 522 3822 in
545 3761 633 3822 cives
666 3772 824 3842 rogatae,
850 3758 973 3841 quibus
997 3758 1214 3821 sanciebatur

156 3883 276 3943 poena
309 3863 512 3924 verberum:
543 3862 597 3925 his
629 3861 812 3945 signifieat
838 3860 1059 3944 prohibuisse
1088 3860 1214 3920 multos

160 3985 245 4027 suos
269 3963 358 4026 ciues
386 3965 423 4026 in
449 3985 491 4027 ea
518 3963 692 4039 oratione,
725 3985 812 4048 quae
833 3975 886 4026 est
907 3973 1030 4025 contra
1053 3963 1108 4023 M.
1131 3963 1215 4022 Cae·

159 4066 272 4128 lium:
300 4067 332 4129 si
357 4089 410 4130 em
439 4065 619 4149 percussi,
655 4085 756 4147 saepe
789 4065 971 4128 incolumis
1001 4061 1088 4135 abii,
1111 4080 1215 4142 prae·

159 4179 258 4232 terea
283 4191 353 4251 pro
383 4191 455 4249 rep.
487 4190 569 4251 pro
601 4167 798 4250 scapulis
828 4179 930 4250 atque
963 4161 1105 4225 aerario
1130 4164 1217 4224 mul·

159 4281 236 4333 tum
260 4294 292 4335 r.
311 4293 350 4353 p.
365 4267 506 4359 profui.
