2966 4842
236 373 297 434 tat

270 549 325 579 curn
345 547 394 592 pra
415 547 443 577 rr
472 531 577 592 diceret]
619 535 643 576 iu
673 534 715 576 ltac
741 547 812 576 causa
836 531 934 578 Coelius
963 535 1066 589 primum
1098 531 1171 584 dixit,
1201 533 1284 576 detrude

309 623 430 679 Crassus,
452 623 574 676 peroravit
593 623 689 666 Cicero.

302 742 435 803 Sueton.
452 739 502 804 De
519 738 608 804 Clac.
630 741 741 804 Rhctt.
770 741 802 803 9.
847 743 947 806 Hunc
966 741 1115 804 Plotium
1129 741 1185 802 M.
1203 741 1286 803 Cae·

238 843 306 906 lius
321 842 356 904 in
373 842 546 916 oratione,
571 863 675 925 quam
693 865 773 924 pro
795 865 837 906 se
860 844 907 906 de
930 843 969 905 ai
991 841 1158 914 habuit,
1176 840 1286 922 signi·

230 944 325 1024 fleat
360 943 507 1006 dictasse
540 945 722 1018 Atratino,
760 946 956 1009 accusatori
984 965 1065 1018 suo,
1097 943 1283 1016 actionem,

237 1047 479 1130 subtractoque
494 1046 631 1109 nomine
652 1048 876 1110 hordearium
895 1069 972 1111 eum
989 1049 1160 1109 rhetorem
1171 1047 1286 1127 appel-

239 1153 309 1224 lat,
338 1149 500 1212 deridens
526 1159 564 1211 ut
590 1148 757 1240 inflatum
782 1171 823 1212 ac
847 1152 951 1212 levem
972 1161 1005 1212 et
1027 1148 1219 1211 sordidum.

275 1293 394 1354 Plotium]
433 1293 469 1338 De
487 1295 517 1338 L.
544 1295 625 1338 Plotio
653 1295 724 1338 Gallo
751 1295 848 1339 rhetore
873 1309 896 1343 r.
924 1307 996 1350 supra
1016 1307 1070 1350 pag.
1092 1287 1150 1336 ³80.
1189 1291 1287 1336 Clodius

313 1383 390 1428 irrisit
408 1384 545 1426 Atratinum
572 1387 751 1440 accusatorem,
780 1385 842 1439 qaod
868 1397 914 1427 uon
942 1385 993 1437 ipse
1013 1380 1189 1425 accusationem
1208 1379 1288 1427 scrin-

313 1474 402 1528 eisset‚
422 1473 462 1516 sed
484 1484 557 1525 opera
576 1471 604 1518 L.
624 1471 698 1516 Plotii
716 1471 822 1514 rhetoris
842 1484 897 1514 usae
916 1473 986 1514 esset.

279 1557 453 1616 bordearium]
498 1557 600 1602 Cramer
628 1560 656 1600 ad
684 1558 765 1602 schol.
795 1555 916 1604 Iuvenalis
943 1558 992 1604 Sal.
1016 1557 1068 1611 xt,
1098 1553 1155 1604 193.
1185 1569 1199 1610 p
1239 1551 1289 1598 454

314 1647 413 1690 scribit:
448 1645 653 1706 „Gladiatoribus
681 1646 812 1688 victoribus
846 1647 870 1690 in
899 1646 959 1689 ludia
995 1645 1143 1688 circensibus
1173 1645 1288 1686 hordeum

313 1735 446 1788 praemium
466 1733 584 1783 dabatur,
616 1732 675 1775 uude
701 1733 745 1787 ipsi
766 1732 887 1777 hordeacii
910 1737 1032 1776 vocantur.
1063 1732 1154 1775 Calttcle
1173 1744 1231 1788 ergo
1250 1729 1287 1776 M.

312 1821 411 1864 Coelius
439 1819 561 1863 rhetorem
596 1819 748 1863 hordeacium
785 1821 905 1874 appellat,
937 1821 1115 1874 comparatione
1146 1821 1208 1862 iacta
1236 1831 1290 1860 cum

314 1907 497 1966 gladiatoribus,
518 1907 557 1963 qui
577 1907 599 1949 in
620 1907 693 1950 missu
714 1909 841 1952 hordearia
861 1909 977 1951 hordeum
996 1919 1040 1962 pro
1055 1908 1162 1962 praemio
1175 1906 1290 1950 victoriae

315 1997 437 2045 tulerant,
458 2008 517 2050 quoa
537 1999 560 2038 et
579 1994 633 2038 ideo
652 1994 746 2038 inflatos
764 1996 854 2050 luisse,
874 2007 968 2048 cetera,
989 1996 1009 2038 ai
1023 2007 1098 2052 genus
1118 1999 1210 2048 spectas
1229 1994 1291 2037 vitae

291 2088 339 2128 „et
364 2082 538 2134 conditionem,
569 2084 633 2126 lever
663 2096 691 2126 ac
719 2085 829 2128 sordidos
850 2097 920 2128 netno
944 2080 1094 2126 initiabitur.
1128 2081 1199 2125 Cani.
1220 2081 1291 2123 lanus

317 2171 398 2214 Dousa
423 2171 450 2212 ad
479 2170 603 2212 Horatium
632 2184 656 2225 p.
684 2165 769 2216 tw
789 2195 818 2204 -
840 2172 1009 2216 Weetertnana
1038 2170 1126 2218 Gescb.
1147 2171 1170 2216 d.
1191 2167 1289 2213 Griecb.

317 2259 474 2303 Besedaamlt.
495 2271 519 2311 p.
542 2254 589 2302 159
616 2263 739 2312 comparat
761 2255 923 2328 Δείναρχος
948 2249 965 2308 ὁ
983 2253 1158 2327 κρίθινος
1176 2253 1292 2320 Δημοσ·

315 2341 413 2408 ξένης.
1293 2359 1295 2364 ·

312 2462 453 2544 Quintil.
466 2465 529 2540 XI,
550 2468 580 2538 1,
598 2465 650 2528 51.
682 2466 784 2548 Quod
799 2466 885 2528 mire
899 2469 955 2530 M.
972 2465 1108 2532 Coelius
1123 2464 1158 2526 in
1171 2459 1293 2548 defen·

247 2569 343 2633 sione
356 2589 492 2640 causae,
510 2589 670 2651 quarens
689 2569 729 2630 de
749 2565 878 2657 uisuit,
895 2566 1190 2650 comprehendisse
1203 2563 1294 2626 nide-

248 2683 307 2734 tur
329 2669 430 2732 mihi:
461 2671 517 2734 Ne
539 2669 594 2732 cui
616 2682 767 2732 vestrum
789 2683 891 2753 atque
913 2671 1017 2732 etiam
1039 2667 1210 2740 omnium,
1235 2664 1295 2750 qui

249 2773 296 2834 ad
318 2794 390 2833 rem
412 2772 582 2853 agendam
605 2772 744 2846 adsunt,
769 2794 865 2834 meus
886 2784 947 2834 aut
968 2775 1081 2834 vultus
1105 2768 1292 2841 molestior,

249 2885 311 2936 aut
326 2895 396 2936 vox
410 2873 671 2936 immoderatior
693 2875 811 2958 aliqua
831 2886 893 2937 aut
916 2875 1070 2958 denique,
1088 2871 1180 2957 quod
1194 2870 1294 2933 mini·

251 2997 344 3038 mum
366 2986 436 3049 est,
461 2975 647 3039 iactantior
668 2988 787 3058 gestus
797 2974 923 3066 fuisse
946 2978 1116 3039 videatur.

315 3075 450 3156 Quintil.
475 3077 510 3150 8,
537 3077 574 3153 6,
604 3079 656 3140 53.
712 3083 806 3142 Haec
838 3079 1026 3160 allegoria,
1058 3085 1215 3161 quaeest
1238 3075 1295 3138 ob·

250 3177 398 3251 scurior,
416 3178 577 3261 aenigma
592 3180 739 3254 dicitur,
768 3181 888 3243 vitium
911 3202 986 3242 meo
999 3165 1136 3263 quidem
1153 3176 1292 3249 iudicio,

251 3299 320 3364 quo
353 3290 467 3340 tamen
497 3293 529 3342 et
554 3293 678 3363 poetae
711 3294 856 3343 utuntur
887 3293 920 3342 et
948 3292 1106 3343 oratores
1128 3298 1296 3342 nonnum·

252 3401 371 3466 quam,
395 3392 433 3442 ut
463 3384 599 3448 Coelius
628 3381 915 3466 quadrantariam
952 3385 1240 3464 Clytemnestram
1265 3389 1299 3440 et

252 3484 289 3546 in
312 3482 464 3548 triclinio
486 3507 603 3558 coam,
629 3485 664 3546 in
690 3483 844 3545 cubiculo
866 3483 994 3544 nolam.

290 3627 510 3694 quadrantariam]
547 3629 645 3672 Coelius
658 3627 782 3680 Clodiam,
802 3627 832 3674 P.
853 3626 932 3670 Clodii
951 3639 1076 3679 sororem,
1091 3624 1299 3680 corruptissimam

324 3720 451 3763 mulierem
470 3714 662 3774 quadrantariam
681 3716 785 3769 appellat
804 3720 923 3772 tamquam
948 3715 1098 3758 tneretricetu
1118 3712 1297 3770 nequissimam,

324 3819 385 3862 quae
410 3807 540 3863 quadrante
566 3814 668 3856 corpore
693 3808 818 3859 quaestum
841 3803 921 3851 faciat.
949 3803 1021 3849 Cani.
1047 3803 1169 3847 Drumann
1189 3805 1207 3846 t.
1229 3795 1253 3842 2.
1274 3811 1297 3852 p.

330 3887 389 3954 38¹,
408 3893 447 3948 qui
467 3895 560 3932 ceteras
579 3901 672 3946 quoque
692 3891 863 3944 explicationes
882 3891 951 3934 huius
971 3891 1078 3934 vocabuli
1096 3890 1175 3950 affert.

290 3973 511 4039 clytemnestram]
549 3975 646 4020 Coelius
666 3977 775 4021 Clodiam
799 3979 1001 4032 Clytemuestram
1020 3982 1097 4028 vocat,
1122 3981 1147 4020 at
1168 3988 1228 4033 quae
1247 3973 1300 4018 Me·

327 4068 409 4110 tellam
423 4065 533 4107 maritam
553 4078 622 4108 saum
641 4067 705 4109 velut
723 4067 797 4110 altera
817 4065 994 4118 clytemnestra
1013 4067 1175 4109 trucidaverit.
1199 4063 1250 4106 Cic·
1276 4072 1300 4113 p·

328 4153 413 4196 Coelio
432 4147 475 4220 24.
496 4149 538 4197 29.

293 4239 473 4296 mummolam]
509 4239 632 4284 Eicbst'adt
652 4243 674 4284 in
694 4247 869 4300 programmate
893 4255 916 4285 a.
939 4238 1003 4284 182⁴
1027 4246 1106 4296 putat,
1127 4237 1236 4283 Clodiam
1254 4231 1302 4275 dic-

330 4327 376 4364 tatn
394 4339 447 4369 esse
467 4332 491 4369 et
509 4327 584 4371 Ceam
605 4335 628 4372 et
648 4329 734 4373 Nolam
753 4332 819 4386 quasi
842 4343 871 4374 ex
889 4328 923 4372 Co
942 4331 1018 4372 insula
1037 4332 1059 4372 et
1079 4327 1140 4370 Nola
1161 4324 1218 4368 urbe
1232 4321 1303 4364 Cam-
