2992 4840
258 341 319 416 tot

258 501 335 586 ρι’ων
366 494 423 563 τὸν
449 497 523 580 βίον
552 491 763 581 ποιούμενος,
792 497 829 588 τῇ
852 519 883 560 τε
910 494 1080 585 παρρησίᾳ
1100 494 1184 579 μετὰ
1207 493 1300 565 druc-

257 599 409 687 σχυντίας
427 604 606 684 κατακορεῑ
619 593 792 689 χρώμενος.

321 738 439 803 Cicero
466 739 569 803 Bruto
600 740 653 802 45.
702 737 867 804 Eiusdem
887 734 979 826 sere
1006 738 1172 819 temporis
1204 740 1299 820 (cum

256 845 384 926 Crasso
412 853 445 904 et
474 841 644 922 Antonio)
661 839 747 932 ficit
772 861 870 924 eques
900 859 1066 901 romanus
1093 843 1131 903 0.
1160 841 1294 918 Titius,

255 944 315 1028 qui
329 965 404 1006 meo
423 943 551 1007 iudicio
565 965 607 1006 eo
617 943 813 1025 peruenisse
828 941 978 1014 videtur,
1005 962 1072 1024 quo
1084 941 1296 1031 potuitfere

255 1046 385 1109 latinus
408 1057 530 1109 orator
549 1047 623 1108 sine
647 1044 785 1128 graecis
807 1043 932 1106 litteris
953 1053 986 1104 et
1010 1042 1083 1104 sine
1104 1047 1212 1108 multo
1230 1067 1297 1110 usu

249 1148 443 1231 peruenire.
477 1149 591 1211 Huius
611 1147 787 1211 orationes
806 1154 940 1208 tantum
961 1145 1194 1227 argutiarum,
1217 1159 1295 1210 tan·

253 1262 328 1312 tum
362 1252 622 1331 exemplorum,
664 1259 799 1311 tantum
835 1247 1042 1310 urbanitatis
1078 1248 1220 1324 habent,
1255 1264 1295 1314 ut

251 1373 337 1438 pene
367 1352 484 1416 Attico
516 1351 596 1414 stilo
626 1350 775 1431 scriptae
810 1371 883 1412 esse
919 1349 1122 1412 videantur:
1157 1353 1293 1416 easdem

252 1455 414 1538 argutias
440 1453 475 1516 in
501 1453 703 1536 tragoedias
728 1451 815 1514 satis
841 1452 897 1514 ille
928 1451 1065 1534 quidem
1091 1464 1210 1530 acute,
1234 1457 1295 1518 sed

248 1577 378 1640 parum
401 1555 534 1639 tragice
553 1555 743 1618 transtulit.
788 1558 898 1637 Quem
917 1553 1075 1616 studebat
1094 1554 1228 1618 imitari
1249 1560 1291 1620 L.

252 1655 430 1748 Afranius
441 1669 562 1740 poeta,
583 1660 685 1720 homo
698 1668 930 1742 perargutus,
952 1655 988 1718 in
991 1654 1137 1747 fabulis
1155 1659 1292 1742 quidem

251 1760 373 1836 etiam,
398 1771 437 1822 ut
461 1760 574 1835 scitis,
598 1760 761 1822 disertus.

288 1903 470 1962 exemplorum]
506 1917 529 1951 v.
543 1904 640 1950 Ernesti
654 1904 714 1954 Lex.
729 1904 846 1950 Technoi.
859 1904 914 1950 Lei.
929 1905 1000 1952 Rbst.
1020 1919 1044 1962 p.
1058 1901 1115 1952 153.

286 2011 312 2054 in
331 2008 486 2071 tragoedias]
523 2011 580 2055 Titii
604 2016 688 2065 poetes
707 2024 777 2055 nemo
797 2012 903 2056 meminit
924 1991 1019 2066 praeter
1042 2013 1188 2058 Frontonem
1208 2026 1231 2068 p.
1248 2012 1288 2058 15,

543 2261 570 2317 1.
605 2259 703 2319 Oratio
719 2275 772 2332 pro
792 2262 857 2331 lege
875 2262 994 2318 Fennis.

311 2422 359 2484 Ea
380 2432 427 2483 est
450 2418 532 2482 dicta
555 2440 585 2483 a.
607 2418 668 2483 593
688 2419 790 2499 (161).

310 2531 501 2596 Macrobius
524 2531 683 2595 Saturnal.
709 2531 741 2593 2.
767 2531 818 2594 12.
862 2534 958 2596 Inter
973 2532 1088 2614 pisces
1108 2534 1287 2598 Tiberinas

243 2636 469 2718 praecipuum
485 2638 596 2698 locum
611 2637 713 2717 lupus
737 2633 864 2708 tenuit,
888 2633 1077 2718 etquidem
1098 2637 1140 2713 is,
1159 2637 1219 2721 qui
1234 2638 1286 2698 in-

244 2749 299 2800 ter
320 2737 407 2800 duos
425 2748 548 2819 pontes
573 2748 694 2819 captus
722 2746 783 2800 est.
829 2735 872 2800 1d
889 2739 1072 2801 ostendunt
1091 2761 1167 2800 cum
1188 2739 1287 2802 multi

246 2838 308 2902 alii
334 2850 407 2900 tum
432 2837 537 2900 etiam
559 2841 597 2902 C.
623 2837 757 2913 Titius,
786 2837 839 2900 vir
860 2827 986 2902 aetatis
1007 2840 1223 2916 Lucilianae,
1249 2841 1285 2902 in

244 2939 417 3015 oratione,
451 2961 520 3023 qua
547 2943 657 3023 legem
681 2939 848 3004 Fanniam
879 2941 1004 3004 suasit,
1048 2941 1154 3006 Cuius
1183 2942 1285 3004 verba

244 3041 322 3105 ideo
341 3062 454 3125 pono,
478 3041 559 3125 quia
581 3063 650 3105 non
673 3045 784 3106 solum
805 3043 846 3104 de
870 3045 952 3125 lupo
973 3043 1062 3106 inter
1088 3043 1174 3108 duos
1199 3064 1285 3126 pon-

242 3155 294 3207 tes
315 3154 415 3227 capto
438 3155 539 3206 erunt
560 3145 772 3220 testimonio,
800 3145 984 3208 sedetiam
1005 3163 1137 3221 mores,
1161 3146 1284 3230 quibus

239 3246 394 3328 plerique
422 3257 502 3308 tunc
531 3246 703 3321 vivebant,
723 3245 842 3336 facile
864 3247 1099 3330 publicabunt.
1143 3248 1283 3312 Descri-

242 3348 323 3410 bens
349 3347 440 3410 enim
464 3347 618 3410 homines
637 3347 825 3430 prodigos,
849 3349 885 3410 in
902 3346 1038 3440 forum
1060 3350 1108 3411 ad
1127 3349 1282 3412 iudican-

242 3450 324 3512 dum
344 3449 456 3512 ebrios
476 3461 716 3525 commeantes,
732 3472 885 3534 quaeque
900 3453 1033 3514 soleant
1051 3452 1141 3514 inter
1159 3471 1196 3514 se
1210 3473 1281 3514 ser·

177 3604 210 3628 ,
241 3551 425 3628 macinari,
450 3552 499 3614 sic
525 3552 593 3614 ait:
616 3554 777 3633 „Ludunt
801 3555 894 3628 alea,
919 3553 1073 3616 studiose
1096 3553 1282 3635 unguentis

241 3654 399 3730 delibuti,
423 3654 548 3717 scortis
570 3653 702 3736 stipati.
749 3656 813 3718 Ubi
833 3659 940 3718 borae
966 3655 1081 3718 decem
1102 3665 1200 3729 sunt,
1227 3654 1280 3718 iu·

238 3758 316 3820 bent
338 3777 488 3838 puerum
511 3757 646 3831 vocari,
672 3767 710 3820 ut
727 3757 903 3820 comitium
928 3769 984 3820 eat
1003 3768 1276 3841 percunctatum,

238 3858 322 3943 quid
345 3858 382 3920 in
395 3856 494 3943 foro
515 3870 652 3942 gestum
676 3859 741 3933 sit,
765 3859 825 3941 qui
847 3859 1040 3935 suaserint,
1066 3859 1125 3942 qui
1146 3859 1280 3922 dissua-

237 3960 361 4034 serint,
386 3971 467 4043 quot
488 3961 600 4022 tribus
623 3959 803 4035 iusserint,
828 3972 909 4043 quot
928 3962 1097 4024 vetuerint
1104 3984 1116 4034 ,·
1137 3961 1216 4024 inde
1231 3962 1278 4024 ad

237 4061 413 4124 comitium
435 4063 578 4135 uadunt,
604 4081 645 4123 ne
668 4063 762 4126 litem
776 4062 1042 4154 suamfaciant.
1072 4069 1167 4129 Dum
1182 4075 1275 4137 eunt,

237 4166 332 4226 nulla
357 4175 408 4227 est
434 4164 469 4226 in
499 4165 685 4246 angiporta
712 4169 900 4247 amphora,
937 4188 1039 4250 quam
1066 4187 1134 4229 non
1160 4167 1279 4249 imple·

234 4276 312 4340 ant,
346 4265 469 4348 quippe
494 4267 552 4347 qui
579 4265 724 4330 vesicam
746 4271 883 4349 plenam
911 4269 980 4332 vini
1006 4270 1165 4332 babeant.
1212 4272 1276 4333 Ve-
