2992 4840
1152 394 1211 455 167

170 544 303 610 Libone
332 543 472 606 tribuno
491 545 542 625 pl.
565 547 733 627 populum
755 545 919 608 incitante
940 560 973 610 et
996 549 1213 632 rogationem

167 647 205 710 in
229 645 377 712 Galbina
395 645 573 728 privilegii
593 647 741 710 similem
750 645 912 735 ferente,
940 668 1078 712 samma
1098 671 1212 714 senec·

163 761 240 818 tute
272 751 330 814 M.
357 751 446 814 caro
469 751 581 832 legem
605 749 758 813 suadens
787 751 824 813 in
847 753 993 815 Galbam
1022 756 1131 816 multa
1159 755 1212 818 di·

164 852 236 916 xit.
281 855 373 916 Tum
401 851 512 932 igitur
542 851 628 915 nihil
658 874 824 917 recusans
852 856 964 918 Galba
985 877 1056 938 pro
1080 878 1153 920 sese
1178 869 1213 920 et

163 954 287 1038 populi
321 954 460 1020 romani
483 952 599 1030 fidem
636 954 829 1039 implorans
863 979 942 1020 cum
972 978 1055 1022 suos
1083 979 1213 1041 pueros

166 1071 240 1122 tum
262 1059 302 1124 0.
324 1057 417 1122 Galli
439 1055 545 1120 etiam
561 1053 801 1150 flliumflens
823 1059 1093 1135 commendabat,
1116 1061 1213 1144 isque

166 1183 204 1226 se
227 1172 303 1224 tum
323 1159 454 1242 eripuit
463 1158 635 1251 flammo,
656 1172 804 1243 propter
820 1183 952 1244 pueros
974 1161 1214 1226 misericordia

163 1262 286 1348 populi
306 1273 493 1326 commata.

232 1363 386 1430 Valerius
413 1365 510 1428 Max.
539 1363 645 1441 8,1,
671 1363 703 1428 2.
748 1368 836 1431 Gum
862 1387 887 1428 a
916 1366 1045 1431 Libone
1072 1367 1213 1432 tribuno

163 1472 214 1552 pl.
238 1471 315 1532 Ser.
338 1469 451 1532 Galba
468 1489 537 1551 pro
562 1467 689 1532 rostris
714 1470 928 1532 veliementer
948 1469 1210 1553 increparetur,
1306 1462 1312 1484 ‘

166 1572 259 1655 quod
281 1571 532 1635 Lusitanorum
560 1590 725 1652 magnam
749 1591 889 1634 inanum
911 1573 1118 1655 interposita
1130 1571 1211 1649 sede

166 1685 311 1757 praetor
333 1674 369 1736 in
381 1673 556 1755 Hispania
575 1674 823 1749 interemisset,
851 1675 1046 1759 actionique
1066 1676 1212 1739 tribuni·

167 1777 241 1841 ciae
267 1779 354 1842 cato
377 1809 419 1822 -
440 1777 681 1852 subscriberet,
706 1799 788 1842 reus
809 1799 935 1860 prose
958 1778 1029 1841 iam
1053 1778 1140 1840 nibil
1157 1801 1211 1841 re·

169 1901 310 1955 ausoris,
334 1883 503 1962 paruulos
524 1879 654 1945 liberos
678 1901 762 1944 suos
781 1892 817 1943 et
835 1881 939 1956 Galli,
962 1881 1133 1964 sanguine
1148 1881 1215 1945 sibi

168 1983 390 2046 conismctum
410 1983 535 2060 filium
553 1983 660 2077 flens
687 1985 928 2048 commendare
951 1983 1079 2066 coepit,
1107 2005 1214 2068 eoque

160 2083 276 2176 sacto
298 2086 462 2169 mitigata
484 2088 659 2160 concione,
685 2087 745 2170 qui
761 2086 916 2150 omnium
937 2107 1106 2150 consensu
1121 2087 1214 2169 peri·

167 2201 270 2252 turus
294 2201 382 2265 erat,
409 2209 497 2271 pene
520 2192 654 2252 nullum
675 2189 775 2253 triste
801 2188 1017 2276 stiffi-agium
1038 2190 1170 2254 babuit.

232 2293 359 2356 Fronto
385 2291 442 2354 has
468 2291 631 2354 orationes
654 2291 777 2355 Galbae
798 2291 915 2376 legisse
938 2290 1075 2355 videtur.

231 2393 357 2458 Fronto
388 2393 496 2475 Epist.
521 2415 557 2476 p.
586 2393 639 2457 85.
684 2395 830 2458 Galbam
861 2406 951 2456 certe
983 2393 1032 2455 ad
1056 2396 1214 2460 Centum·

168 2499 272 2560 cellas
293 2497 479 2580 produces.
512 2527 552 2539 -
582 2500 670 2561 Cato
693 2495 778 2580 quid
799 2495 891 2558 dicat
914 2497 955 2557 de
979 2494 1091 2561 Galba
1114 2497 1226 2559 abso-¹

167 2603 264 2676 luto,
299 2612 340 2663 tu
373 2599 496 2662 melius
531 2601 619 2674 scis,
647 2619 713 2680 ego
742 2597 882 2660 memini
908 2609 1055 2680 propter
1071 2595 1214 2687 fratris

163 2701 270 2780 filios
295 2724 374 2768 eum
398 2702 608 2766 absolutum.
653 2697 749 2766 τὸδὲ
772 2695 906 2787 ἀκριβὲς
932 2697 1005 2782 ipse
1029 2699 1172 2783 inspice.

208 2845 328 2906 Galbam]
364 2848 422 2893 nihil
443 2849 508 2893 aliud
531 2847 578 2893 nisi
600 2846 692 2892 Gelbes
718 2847 841 2891 orationes
866 2848 980 2891 adsersus
1006 2845 1124 2892 Libonem
1149 2847 1217 2892 intel·

240 2936 360 2997 ligeritum
379 2942 447 2993 puto.

312 3169 342 3227 2.
376 3167 475 3226 Oratio
498 3165 689 3226 adversust..
716 3164 880 3222 Cornelium
898 3163 1065 3236 Cethegum.

235 3302 274 3366 ln
300 3304 408 3390 eedem
436 3321 530 3364 causa
556 3320 639 3362 anuo
667 3296 727 3359 605
751 3296 841 3376 (119)
867 3298 962 3360 dicta.
1008 3299 1051 3360 L.
1077 3295 1216 3379 Cethegi

173 3402 313 3468 meminit
332 3403 499 3468 Drumanu
523 3403 644 3465 Gesch.
670 3402 772 3464 Roms
793 3412 817 3464 t.
844 3402 876 3464 2.
901 3422 935 3482 p.
960 3401 1035 3464 656.

235 3509 311 3570 Huc
333 3506 473 3590 pertinet
493 3504 584 3570 Livii
609 3503 699 3588 Epit.
725 3502 784 3566 lib.
810 3503 1100 3588 requestarum
1122 3523 1219 3584 supra

172 3607 327 3678 dedimus.

476 3805 506 3864 3.
540 3802 639 3862 Oratio
662 3818 715 3875 pro
734 3799 909 3874 publicanis.

237 3937 330 4000 Haec
354 3957 448 4000 cause
471 3946 540 3998 ecta
562 3945 610 3999 est
632 3955 664 3998 a.
681 3932 743 3996 616
762 3932 867 4012 (138).
899 3930 986 3996 Vide
1011 3929 1123 3996 Laelii
1141 3948 1220 3990 ora-

172 4038 286 4104 tiones
308 4060 378 4120 pro
397 4037 592 4122 publicanis
610 4059 648 4119 p.
667 4037 740 4101 172.

238 4140 360 4206 Cicero
385 4150 495 4204 narrat
517 4139 549 4202 iu
574 4139 678 4204 Bruto
705 4158 736 4200 a.
759 4138 821 4216 tt,
849 4135 1007 4202 Laelium
1033 4138 1220 4213 (postquam

174 4247 252 4308 dues
276 4242 420 4310 actiones
447 4241 479 4306 iu
505 4262 598 4305 eausa
624 4261 686 4322 pro
713 4237 892 4322 publicanis
916 4233 1123 4317 suscepisset)
1145 4253 1223 4296 cum

175 4367 255 4410 cum
286 4347 375 4411 socii
400 4347 541 4410 domum
571 4342 796 4410 seduxissem
824 4340 1040 4425 egissentque
1072 4334 1221 4418 gratias,
