2992 4840
266 349 326 410 216

302 509 440 570 epistolas]
477 513 538 556 idem
560 512 643 557 scribit
664 512 826 567 Quintilianus
847 513 862 554 Ι.
889 509 916 563 l,
941 510 969 562 1,
994 508 1017 552 6.
1060 508 1234 554 Gracchorum
1256 514 1312 555 elo-

336 599 451 658 quentiae
469 599 573 642 mullum
595 599 732 642 contulisse
754 598 898 656 accepimus
919 594 1061 642 Corneliam
1083 604 1208 653 malr-cm,
1238 601 1312 644 cuius

339 687 500 732 doctissimus
522 699 605 730 sermo
628 687 655 732 in
671 692 788 743 posteros
805 699 898 745 quoque
920 691 958 729 est
975 685 1089 742 epistolis
1107 685 1227 732 traditus.
1253 688 1315 742 Epi-

338 777 414 819 stolae
436 775 564 818 Cornelios
586 749 636 818 non¹
655 776 756 830 emplius
779 779 869 820 extent.
906 773 954 819 Eas
973 774 1050 826 enim,
1077 788 1136 830 quae
1157 776 1228 832 vulgo
1249 777 1314 820 inter

338 863 471 921 fragmenta
485 863 592 906 Cornelii
610 861 708 915 Nepotis
728 862 853 918 leguntur,
877 862 967 905 rhetori
988 861 1082 904 cuidam
1096 861 1236 906 tribuendas
1249 877 1313 916 esse,

339 952 459 1006 plerisque
481 963 621 1005 persuasum
641 955 685 993 est.
725 951 769 991 Vid
800 949 880 1010 Lange
901 949 1051 992 Vertuiscble
1066 948 1185 994 Schriften
1205 951 1251 994 uod
1264 950 1316 994 Re-

337 1040 381 1082 den
403 1051 427 1092 p.
444 1032 501 1080 1⁰8.

333 1211 457 1276 Ibidem
485 1235 515 1274 c.
543 1214 596 1274 86.
641 1212 833 1278 Carbonem
867 1212 902 1273 in
933 1211 1078 1274 summis
1115 1211 1315 1276 oratoribus

269 1315 422 1378 babitum
448 1314 538 1391 scio,
563 1315 625 1376 sed
648 1334 725 1375 cum
756 1313 791 1376 in
824 1312 945 1376 ceteris
968 1314 1069 1376 rebus
1098 1325 1172 1376 tum
1197 1315 1233 1376 in
1262 1315 1315 1377 di·

269 1418 376 1482 cendo
398 1439 551 1499 semper,
576 1438 644 1500 quo
670 1416 757 1478 nibil
779 1427 829 1478 est
851 1415 991 1490 melius,
1020 1415 1058 1477 id
1074 1416 1212 1479 laudari
1230 1439 1315 1501 qua-

270 1523 433 1604 lecunque
456 1531 525 1594 est,
550 1521 648 1582 solet.
695 1519 784 1582 Dico
808 1517 899 1580 idem
928 1518 969 1578 de
994 1519 1227 1595 Gracchis,
1252 1519 1319 1582 etsi

271 1622 313 1684 de
338 1621 381 1683 iis
404 1642 446 1684 ea
467 1633 548 1682 sunt
570 1642 593 1680 a
615 1631 647 1681 te
673 1619 786 1694 dicta,
811 1619 933 1702 quibus
956 1641 1022 1702 ego
1044 1620 1229 1684 assentior.

334 1723 421 1785 Ibid.
449 1743 479 1785 c.
505 1722 559 1812 97,
604 1724 730 1786 Nonne
754 1721 942 1795 cernimus,
967 1721 1029 1784 vix
1056 1722 1203 1804 singulis
1221 1734 1316 1786 aeta·
1399 1712 1410 1728 '
1487 1755 1488 1778 n

273 1823 363 1888 libus
399 1825 496 1888 binos
529 1835 687 1886 oratores
720 1822 909 1885 laudabiles
944 1824 1166 1888 constitisse?
1209 1826 1319 1888 Galba

261 1923 348 2016 fuit
362 1927 452 1989 inter
468 1937 518 1987 tot
536 1927 696 2008 aequales
712 1945 802 1987 unus
816 1928 998 2001 excellens,
1018 1927 1169 2008 Lepidus
1184 1938 1316 2010 postea,

273 2028 395 2090 deinde
421 2028 552 2093 Carbo:
585 2047 665 2088 narn
691 2027 840 2090 Gracchi
868 2027 905 2088 in
937 2028 1175 2105 concionibus,
1209 2031 1318 2091 multo

262 2128 437 2221 faciliore
461 2141 494 2192 et
521 2129 681 2192 liberiore
702 2151 827 2211 genere
850 2129 1004 2205 dicendi,
1029 2151 1177 2214 qaorum
1200 2144 1315 2194 tamen

273 2233 431 2315 ipsorum
459 2233 506 2294 ad
530 2243 678 2294 aetatem
703 2235 780 2293 laus
809 2232 1021 2314 eloquentiae
1041 2233 1205 2322 perfecta
1233 2253 1319 2296 non·

274 2335 356 2397 dum
368 2331 467 2424 fuit.

311 2509 337 2554 in
359 2507 535 2568 concionibus]
572 2512 615 2552 inl.
639 2511 797 2554 excellebant.

341 2701 478 2780 Quintil.
507 2705 542 2776 2,
572 2705 611 2780 5,
641 2703 692 2772 21.
743 2707 824 2768 Duo
854 2715 969 2766 autem
1004 2725 1135 2786 genera
1168 2704 1321 2766 maxime

277 2803 428 2866 cavenda
445 2804 567 2885 pueris
588 2816 688 2887 puto.
736 2807 867 2880 Unum,
896 2827 937 2868 ne
959 2805 1036 2888 quis
1057 2827 1115 2868 eos
1134 2805 1324 2888 antiquita·

276 2905 323 2968 tis
349 2905 477 2967 nimius
505 2906 700 2970 admirator
725 2907 762 2969 in
787 2909 1023 2971 Gracchorum
1054 2907 1260 2989 Catonisque
1288 2918 1324 2968 et

277 3007 426 3069 aliorum
448 3007 615 3070 similium
638 3007 780 3070 lectione
799 3008 980 3072 durescere
1007 3007 1211 3083 ueli13fient
1231 3006 1324 3069 enim

276 3108 412 3172 horridi
437 3121 539 3191 alque
563 3109 681 3172 ieiuni.
727 3111 822 3174 Nam
842 3131 948 3193 neque
975 3109 1042 3172 vim
1062 3131 1183 3173 eorum
1206 3109 1320 3170 adhuc

278 3211 451 3272 intellectu
476 3223 726 3294 consequentur
749 3223 783 3272 et
809 3212 1016 3286 elocutione,
1043 3223 1226 3294 quactum
1253 3210 1324 3271 sine

279 3311 384 3373 dubio
405 3323 481 3373 erat
502 3314 648 3393 optima,
673 3313 734 3374 sed
755 3312 885 3375 nostris
900 3313 1109 3394 temporibus
1123 3313 1238 3375 aliena
1258 3321 1323 3382 est,

278 3413 450 3489 contenti,
485 3414 578 3497 quod
606 3425 657 3476 est
683 3414 892 3495 pessimum,
923 3415 1052 3478 similes
1086 3414 1151 3478 sibi
1187 3411 1324 3496 magnis

277 3515 362 3579 viris
385 3515 599 3578 videbuntur.

343 3690 478 3759 Ausonii
507 3691 689 3758 Gratiarum
718 3692 801 3758 actio
829 3716 864 3774 p.
891 3695 949 3755 727
978 3696 1030 3756 ed.
1053 3691 1143 3758 Toll.
1188 3693 1235 3755 Et
1261 3689 1326 3752 ali·

279 3815 349 3877 qua
370 3794 411 3855 de
431 3793 598 3857 oratoriis
622 3795 692 3856 tuis
713 3795 898 3858 virtutibus
919 3795 1085 3870 dicerem,
1109 3793 1177 3855 nisi
1192 3813 1328 3855 vererer

281 3895 365 3957 mibi
386 3895 600 3977 gratificari.
646 3898 730 3960 Non
748 3897 839 3958 enim
853 3897 1027 3978 Sulpicius
1050 3895 1168 3958 acrior
1193 3895 1228 3956 in
1248 3913 1328 3955 con-

281 3996 436 4060 cionibus
473 4018 532 4060 nec
573 3997 764 4060 maioris
800 3999 987 4061 Gracchi
1023 3993 1329 4061 commendabilior

283 4099 451 4161 modestia
460 4115 462 4120 '
463 4097 550 4189 fuit
578 4120 638 4161 nec
661 4100 776 4180 patris
797 4099 850 4162 tui
870 4100 1014 4182 gravior
1036 4099 1241 4162 auctoritas.

318 4241 458 4302 Sulpicius]
494 4245 522 4287 P.
546 4244 666 4298 Sulpicius
689 4241 779 4298 Rufus,
801 4247 828 4289 de
852 4258 897 4301 quo
921 4245 982 4289 infra
1005 4247 1107 4289 dicetur.
