2992 4844
255 347 317 412 390

256 507 451 571 simillimus
472 517 524 570 est
544 506 651 570 visus.
669 506 847 571 Tabernae
867 517 984 570 autem
1005 519 1106 573 erant
1130 508 1299 602 eireafo·

256 631 336 673 rum
359 631 399 672 ae
425 620 561 673 sentum
582 608 669 672 illud
689 609 783 692 signi
804 610 924 692 gratia
943 609 1111 692 positum.

442 823 516 882 LIV.
559 822 587 880 0.
608 822 699 880 Iulias
721 821 823 880 Caesar
842 821 944 880 Strabo
970 823 1109 896 Vopiscus.

317 955 418 1018 Natus
438 973 506 1017 esse
524 953 651 1017 videtur
669 975 698 1016 a.
724 953 785 1016 693
807 954 911 1034 (131).
935 955 1063 1017 Ellendt
1082 978 1115 1037 p.
1135 958 1298 1029 LXXXI.

255 1079 336 1121 anno
355 1056 416 1119 628
439 1068 562 1132 natum,
584 1078 613 1118 a.
639 1057 699 1120 659
730 1057 799 1134 (96)
825 1068 1026 1141 quaestorem
1049 1057 1149 1122 fuisse
1171 1060 1295 1123 scribit.

255 1159 380 1224 Aedilis
411 1159 529 1222 curulis
561 1171 630 1222 erat
652 1179 681 1221 a.
716 1159 777 1220 661
803 1161 871 1238 (90)
902 1162 946 1223 L.
979 1158 1118 1225 Caesare
1140 1161 1241 1225 fratre
1267 1176 1298 1226 et

253 1265 294 1328 P.
310 1261 433 1326 Rutilio
458 1263 555 1342 Lupo
572 1259 655 1324 coss.
679 1259 844 1323 Drumnnn
868 1272 893 1324 t.
922 1263 954 1325 3.
978 1285 1012 1344 p.
1037 1263 1112 1326 196.
1129 1285 1188 1327 nec
1205 1263 1297 1327 aliter

252 1364 390 1448 Pighius
410 1363 529 1426 statuit.
550 1362 617 1427 Alii
642 1373 675 1425 ut
692 1363 823 1426 Ellendt
843 1386 877 1446 p.
904 1367 1057 1430 LXXXI
1079 1378 1110 1428 et
1131 1368 1248 1449 Zumpt
1263 1365 1296 1428 in

252 1466 431 1531 Annalibus
459 1487 489 1528 a.
517 1466 576 1528 666
605 1467 673 1545 (89)
705 1465 766 1529 Cn.
794 1467 955 1548 Pompeio
989 1471 1032 1531 L.
1061 1469 1184 1533 Porcio
1209 1490 1294 1534 coss.

252 1569 440 1632 aedilitatem
468 1567 605 1650 gessisse
631 1568 754 1630 volunt.
782 1569 892 1631 Falso.
921 1569 1040 1634 Cicero
1070 1571 1153 1633 enim
1183 1570 1297 1634 scribit

252 1671 284 1734 in
299 1673 401 1734 Bruto
423 1693 453 1732 e.
475 1670 526 1745 89,
552 1670 639 1745 305„
665 1668 706 1733 C.
733 1667 903 1733 Caesarem
926 1676 1037 1735 eodem
1057 1695 1139 1736 anno
1162 1674 1293 1735 aedilem

250 1773 350 1837 fuisse
376 1794 440 1858 quo
467 1769 640 1835 Curionem
667 1771 826 1834 tribunum
854 1775 901 1855 pl.
928 1773 1009 1838 Cum
1037 1774 1136 1857 igitur
1159 1785 1292 1848 constet,

252 1875 427 1940 Curionem
451 1895 479 1936 a.
505 1875 566 1935 661
589 1870 654 1957 (90)
676 1895 744 1936 eum
769 1874 986 1956 magistratum
1015 1876 1203 1951 obtinuisse,
1229 1879 1293 1940 hoc

251 1999 380 2063 quoque
411 1962 493 2040 ann'o
529 1975 648 2040 Caesar
681 1976 871 2040 aedilitatem
901 1978 1081 2060 capessivit.
1112 1977 1237 2042 Deinde
1260 2000 1290 2040 a.

251 2081 310 2142 666
326 2079 393 2164 (88)
409 2079 603 2143 consulatum
625 2082 754 2161 petebat
772 2081 994 2161 praetermissa
1014 2093 1174 2163 praetura.
1195 2083 1291 2162 Quod

250 2189 319 2246 cum
336 2184 409 2264 lege
436 2179 537 2244 annali
561 2181 692 2243 vetitum
714 2194 806 2256 esset,
830 2195 861 2245 et
883 2194 1048 2263 praeterea
1070 2182 1170 2246 factio
1184 2181 1292 2246 lMarii

249 2306 320 2348 cnm
351 2284 503 2359 Sullanis,
538 2283 725 2370 quibuscum
755 2282 941 2348 coniunctus
978 2298 1061 2359 erat,
1092 2285 1223 2348 'multum
1253 2288 1290 2347 de

248 2386 413 2470 republica
432 2398 584 2450 certaret:
611 2407 742 2470 magnae
767 2409 808 2449 ex
834 2407 869 2449 ea
889 2385 1044 2468 petitione
1065 2399 1197 2451 exortae
1221 2398 1292 2450 sunt

248 2489 335 2564 lites,
370 2501 464 2574 atque
497 2489 656 2571 repulsam
689 2488 773 2551 tulit.
809 2490 903 2552 Anno
929 2488 1042 2552 deinde
1070 2490 1235 2574 sequenti,
1259 2512 1289 2554 a.

248 2594 308 2654 667
327 2591 404 2671 (87),
433 2613 502 2654 cum
529 2591 655 2654 Marius
685 2593 822 2654 Romam
850 2602 1086 2670 reverteretur,
1115 2589 1147 2655 cl
1173 2593 1291 2656 amieos

248 2694 353 2758 Sullae
372 2706 637 2778 persequeretur,
666 2692 788 2757 Caesar
812 2715 943 2779 quoque
962 2693 1138 2757 trucidatus
1160 2706 1218 2758 est.

311 2812 483 2879 Orationes
512 2813 609 2876 edidit
642 2825 736 2898 atque
766 2813 969 2895 tragoedias,
1004 2837 1136 2899 quarum
1156 2815 1291 2899 collegit

246 2916 397 3002 reliquias
424 2916 593 2980 Weichert
621 2918 714 2981 Post.
740 2917 816 2979 Lat.
850 2918 923 2979 Rel.
956 2938 991 2997 p.
1020 2919 1078 2978 127
1103 2929 1134 2979 et
1156 2919 1289 2980 Wcllter

245 3019 456 3084 Rheinisches
466 3021 613 3082 Museum
627 3019 645 3080 2
657 3019 819 3100 Supplem.
833 3019 851 3081 3
864 3017 1011 3082 Abtheil.
1030 3020 1123 3082 1811.
1140 3041 1175 3102 p.
1194 3019 1287 3084 1398.

310 3140 431 3204 Cicero
453 3141 556 3204 Bruto
580 3139 633 3203 18.
678 3140 873 3204 Festiuitate
896 3151 929 3202 et
939 3139 1093 3230 facetiis
1116 3144 1154 3207 0.
1178 3141 1288 3206 Iulias

246 3247 287 3307 L.
319 3248 355 3307 F.
386 3255 419 3306 et
451 3242 690 3325 superioribas
722 3254 755 3304 et
792 3242 992 3324 aequalibus
1024 3243 1098 3305 sais
1131 3243 1288 3304 omnibus

243 3346 436 3429 praestitit,
469 3356 655 3428 aratorque
675 3342 762 3433 fait
788 3343 927 3406 minime
955 3343 1012 3405 ille
1034 3342 1170 3426 quidem
1192 3346 1289 3405 vehe-

245 3469 358 3526 mens,
388 3449 449 3511 sed
475 3469 575 3510 nemo
606 3467 768 3530 umquam
795 3444 1006 3519 urbanitate,
1037 3465 1136 3506 nemo
1158 3446 1286 3525 lepore,

244 3571 343 3613 nemo
358 3549 527 3614 suavitate
542 3549 725 3611 conditior.
749 3551 837 3612 Sane
858 3544 931 3608 eias
950 3545 1082 3629 aliquot
1097 3545 1284 3623 orationes,

243 3676 290 3718 ex
312 3654 450 3737 quibas,
475 3651 564 3716 sicut
592 3673 638 3713 ex
659 3650 811 3714 eiusdem
833 3648 1042 3734 tragoediis,
1066 3648 1190 3712 lenitas
1212 3649 1287 3712 eius

243 3755 316 3818 siae
338 3755 452 3818 nervis
472 3752 622 3836 perspici
640 3765 766 3836 polest.

308 3856 381 3926 Cic.
403 3859 441 3919 de
462 3853 602 3930 Officiis,
626 3857 662 3930 1,
692 3856 744 3918 37.
797 3855 941 3918 Uberior
964 3853 1079 3918 oratio
1102 3857 1143 3918 L.
1167 3855 1287 3920 Crassi

244 3980 303 4022 uec
319 3957 580 4048 minusfaeeta,
597 3958 659 4020 sed
679 3958 760 4020 bene
782 3956 943 4044 loquendi
964 3958 1006 4019 de
1022 3957 1154 4022 Catulis
1169 3956 1287 4040 opinio

243 4081 312 4124 noa
327 4061 453 4125 minor.
477 4060 555 4124 Sale
576 4080 657 4120 vero
679 4070 712 4120 et
721 4058 875 4149 facetiis
890 4063 1026 4138 Caesar,
1046 4059 1160 4126 Catali
1172 4059 1285 4144 patris

232 4161 379 4258 frater,
411 4161 491 4238 aicit
519 4180 654 4236 omnes,
687 4171 724 4222 ut
752 4161 789 4223 ia
820 4161 897 4244 ipso
919 4161 978 4224 illo
987 4159 1139 4250 forensi
1160 4182 1285 4246 genere

244 4264 377 4326 dicendi
399 4263 630 4326 contentiones
652 4259 800 4324 aliorum
824 4283 981 4326 sermone
1002 4262 1163 4326 vinceret.
