2984 4842
247 310 307 374 ool

282 470 381 524 πᾶσαν
399 469 505 544 ἀρχὴν]
542 477 663 524 Honorem
689 482 752 526 euim
780 481 892 536 triumphi
922 482 1022 532 inseruit,
1050 485 1174 536 antequam
1198 486 1293 526 senator

319 570 383 617 erat,
404 568 427 608 et
451 567 599 611 consulatum
628 568 730 622 primum
756 568 859 613 obtinuit
886 571 925 613 diu
949 574 1001 612 ante
1029 568 1157 628 legitimam
1180 573 1291 612 aetatem.

319 653 410 697 Deinde
430 654 518 696 bellurn
542 661 624 698 contra
649 657 737 710 piratas
759 657 893 702 incredibili
917 658 1039 701 celeritate
1059 655 1142 710 linivit,
1165 662 1293 712 cunctaque

316 743 337 782 ei
356 743 477 786 voluntate
494 749 618 787 cesserunt
631 751 653 786 et
667 743 762 788 fortuna
783 758 877 801 semper
900 745 956 789 iavit
975 759 1048 802 usqne
1068 747 1096 788 ad
1118 759 1139 790 a.
1159 740 1207 789 693
1221 738 1292 804 (61).

453 891 481 944 7.
523 888 623 946 Oratio
643 893 680 948 de
699 891 877 963 Theophane
897 893 1083 965 Mitylenaen.

312 1003 360 1067 Ea
377 1014 424 1066 est
446 1002 552 1065 habita
579 1013 724 1085 tempore
751 1005 828 1067 belli
853 1004 1070 1068 Mithridatici
1086 1005 1291 1084 (688-698),

246 1128 343 1169 annus
366 1117 467 1169 autem
494 1105 619 1169 deliniri
649 1107 771 1192 nequit.
817 1109 901 1171 Usus
923 1120 971 1172 est
994 1108 1166 1189 Pompeius
1183 1111 1292 1172 Theo·

246 1213 350 1291 phane
380 1209 596 1289 Mitylenen,
635 1231 703 1272 cum
734 1210 766 1272 in
802 1211 880 1273 Asia
919 1223 1032 1275 contra
1071 1209 1292 1274 Mithridatem

244 1333 355 1395 regem
382 1312 498 1375 bellum
525 1323 670 1394 gereret,
698 1335 832 1399 errorque
857 1325 1024 1396 tantopere
1049 1317 1193 1376 adamare
1216 1335 1291 1378 coe·

244 1415 304 1497 pit,
323 1425 356 1477 nt
375 1414 551 1478 auctoritas
575 1415 641 1480 eius
665 1419 748 1498 apud
772 1437 805 1479 ee
831 1415 1001 1498 plurimum
1025 1417 1158 1480 valeret.
1184 1418 1292 1496 Quare

245 1518 276 1581 in
294 1517 450 1580 concione
467 1517 599 1580 militum
621 1517 750 1581 civitate
767 1540 836 1580 eum
866 1537 994 1581 romana
1010 1519 1152 1582 donavit.
1179 1521 1291 1582 Theo-

243 1621 379 1701 phanem
406 1641 458 1682 res
485 1631 590 1702 gestas
617 1618 765 1701 Pompeii
792 1619 957 1700 scripsisse
984 1631 1119 1682 constat.

308 1719 379 1783 Cic.
395 1744 429 1803 p.
447 1720 567 1784 Archia
585 1724 640 1796 10,
663 1722 716 1783 71.
761 1721 880 1802 Quill?
902 1721 1034 1784 Noster
1049 1721 1289 1806 hic-Magnus,

242 1825 302 1908 qui
323 1844 401 1885 cum
429 1823 555 1885 uirtute
564 1821 761 1913 fortunam
789 1821 1012 1904 adaequauit,
1037 1843 1149 1887 nonne
1174 1829 1289 1890 Theo-

239 1928 387 2009 phanem
424 1925 697 2010 Mitylenaeum,
740 1925 945 2005 scriptorem
978 1947 1095 1988 rernm
1128 1949 1287 2004 suornm,

240 2029 275 2091 in
298 2028 459 2091 concione
482 2027 628 2090 militum
650 2026 786 2089 ciuitate
808 2025 977 2090 donavit?

305 2130 418 2193 Valer.
453 2129 546 2191 Max.
589 2129 625 2206 8,
665 2131 724 2205 11,
761 2127 791 2192 8.
848 2132 904 2194 Ne
936 2132 1119 2214 Pompeius
1152 2135 1289 2218 quidem

243 2237 399 2315 Magnos
426 2231 468 2292 ab
496 2232 558 2293 hoc
586 2229 716 2318 affectu
748 2233 882 2314 gloriae
909 2255 1069 2309 aversus,
1095 2237 1154 2320 poi
1177 2241 1288 2301 Theo

239 2339 386 2420 pisonem
408 2333 663 2421 Mitylenaeum
692 2335 896 2415 scriptorem
926 2357 1226 2415 aeramentorum,
1251 2341 1286 2403 in

241 2439 402 2502 concione
425 2438 572 2500 militnm
594 2437 730 2501 ciuitate
752 2437 909 2514 donavit,
940 2440 1144 2518 beneficium
1167 2465 1229 2523 per
1250 2463 1287 2506 se

238 2543 391 2624 amplum
403 2552 569 2603 occnrota
585 2541 689 2602 etiam
704 2551 737 2602 et
753 2551 880 2603 testata
895 2542 1051 2610 oratione
1064 2558 1283 2625 prosecutus.

703 2707 821 2763 Incerta.

304 2820 431 2884 Marius
458 2818 648 2884 Victorinus
672 2818 723 2881 De
747 2820 993 2904 Orthographia
1016 2825 1039 2886 l.
1066 2826 1095 2888 1.
1119 2826 1148 2899 t,
1165 2827 1194 2894 1.
1209 2826 1281 2906 p.8

241 2929 279 2988 cd
302 2924 475 2988 Gaisiord:
505 2922 635 2988 Gneisse
663 2923 846 3004 Pompeius
873 2926 1029 3007 Magnos
1057 2939 1090 2990 et
1118 2927 1284 2996 scribebat

240 3040 273 3090 et
295 3027 427 3090 dicebat
448 3023 767 3091 Kadomitntem
786 3047 855 3108 pro
875 3028 1205 3094 Kalamitatem.

271 3167 470 3228 Kadomilolem]
507 3171 595 3213 similia
623 3174 731 3225 exempla
754 3173 888 3216 litterarum
916 3171 933 3216 d
959 3178 982 3217 et
1009 3174 1019 3216 l
1048 3179 1190 3218 rnntatarum
1213 3191 1234 3220 v.
1260 3178 1283 3221 in

306 3259 445 3304 Schneideri
467 3257 674 3304 Elementarlehre
698 3261 720 3302 d.
748 3261 789 3304 lat.
814 3261 868 3315 Spr.
893 3261 924 3304 T.
951 3259 973 3305 1.
1001 3273 1023 3315 p.
1049 3257 1108 3305 2⁵5.

516 3373 519 3382 Ι
577 3405 705 3462 LXXIV.
749 3405 777 3462 C.
800 3407 944 3463 Antonine.

301 3537 456 3624 Aequalis
485 3537 555 3604 fere
586 3536 778 3615 Ciceronis,
811 3549 991 3619 praeturam
1022 3551 1053 3604 et
1084 3540 1281 3605 consulatum

235 3665 294 3706 una
322 3641 433 3704 iisdem
454 3639 553 3715 annis,
577 3640 695 3724 quibus
722 3640 855 3715 Cicero,
883 3638 1032 3706 obtinuit.
1060 3642 1104 3705 Α.
1131 3643 1191 3704 667
1212 3641 1283 3728 (87)

235 3743 379 3810 interfuit
393 3742 547 3808 exercitui
562 3742 679 3816 Sullae,
703 3742 758 3828 qui
779 3744 812 3806 in
828 3741 963 3806 Graecia
979 3746 1132 3807 adversus
1147 3743 1283 3809 Mithri·

235 3852 336 3912 datem
354 3869 466 3931 regem
489 3845 607 3908 beilum
632 3844 741 3929 gessit·
770 3845 851 3913 Cum
877 3844 922 3910 ibi
943 3845 1049 3913 multis
1066 3845 1176 3916 socios
1200 3846 1282 3910 iniu-

235 3951 291 4014 riis
319 3949 476 4016 affecisset
513 3947 726 4032 pecuniasque
761 3946 965 4029 diripuisset,
998 3969 1025 4016 a.
1064 3950 1127 4011 678
1162 3951 1231 4029 (76)
1264 3971 1281 4011 a

234 4050 373 4116 Caesare
405 4052 650 4132 repetundarum
681 4050 860 4130 postulatus
895 4061 954 4114 est.
991 4050 1154 4120 Tribunus
1178 4052 1225 4138 pl.
1253 4073 1281 4114 a.

235 4154 295 4216 687
326 4151 403 4233 (to).
439 4153 555 4216 Senatu
587 4161 689 4216 motus
722 4173 739 4213 a
770 4155 809 4218 L.
841 4150 950 4218 Gellio
983 4164 1014 4216 et
1043 4151 1106 4217 Cn.
1140 4155 1280 4218 Lentulo

237 4251 421 4316 censoribus
437 4274 464 4318 a.
482 4253 542 4316 681
559 4255 636 4330 (70),
654 4273 729 4317 nrox
747 4250 913 4336 recipitur.
930 4254 1070 4318 Praetor
1081 4278 1111 4320 a.
1124 4256 1185 4320 688
1197 4256 1277 4332 (66).

1472 4243 1473 4262 l

1472 4265 1473 4296 l

1468 4441 1473 4471 i
