2958 4840
1154 343 1214 407 613

166 511 237 553 oum
262 491 416 554 incendiis
437 489 604 567 Narbone,
623 491 815 556 Antioohiae
838 494 1035 579 Carthagine
1054 499 1150 562 laetis
1167 501 1214 562 in·

166 593 267 676 signis
296 605 377 656 esset
400 593 616 676 (Capitolinus
646 594 707 656 vita
736 595 890 658 Antonini
915 597 965 660 Pii
994 621 1021 662 e.
1044 601 1076 662 9.
1121 605 1213 666 Nor·-

167 697 325 759 bonensis
348 697 468 759 civitas
490 709 522 758 et
546 697 773 760 Antiochense
796 699 959 780 oppidum
983 713 1016 761 et
1031 705 1212 786 Carthagi-

168 796 405 888 nensesorum
419 800 553 880 arsit.).·
568 798 747 860 Antoninus
760 799 836 860 Pius
849 799 1024 880 imperator
1042 813 1104 864 tum
1121 803 1213 882 alios,

167 912 230 961 tum
254 899 551 984 Carthaginienses,
577 899 735 978 arixilium
758 901 825 962 eius
855 901 1084 984 implorantes,
1110 907 1214 970 suble·

168 1001 255 1064 vavit
284 1014 315 1064 et
345 1001 477 1084 pecunia
505 1005 582 1064 adeo
611 1001 748 1082 adiuvit,
781 1014 813 1064 ut
841 1004 1001 1081 aedificia,
1035 1005 1102 1088 igni
1137 1029 1213 1068 eon·

167 1115 277 1174 statuta,
303 1104 469 1166 restituere
496 1115 636 1184 possent,
660 1116 692 1165 ut
720 1106 891 1168 Pausanias
915 1117 1046 1170 testatur
1067 1109 1087 1170 l.
1109 1109 1140 1184 8,
1164 1111 1213 1186 13,

167 1207 212 1274 1.Ὶ
244 1203 344 1266 Cuius
373 1205 520 1267 beneficii
549 1209 748 1270 Frontonem
782 1207 1099 1292 Carthaginiensibus
1128 1233 1213 1273 man·

167 1304 311 1398 dantibus
333 1307 452 1390 gratias
476 1306 506 1368 in
529 1320 635 1370 senatu
659 1308 763 1392 egisse
789 1309 948 1391 suspicor.

228 1409 328 1469 Extat
351 1407 506 1471 orationis
527 1407 739 1495 fragmentum
765 1410 797 1474 in
821 1411 958 1476 editione
982 1413 1064 1477 Maii
1088 1438 1121 1496 p.
1139 1417 1211 1480 332.

345 1563 348 1570 ·
415 1549 444 1604 6.
466 1547 565 1605 Oratio
586 1551 621 1604 de
642 1551 801 1606 hereditate
821 1551 968 1608 Matidiae.

231 1650 334 1714 Causa
363 1650 568 1727 hereditaria,
592 1654 640 1715 M.
665 1652 819 1714 Antonini
842 1653 1035 1734 Philosophi
1059 1655 1213 1735 tempori·

167 1755 225 1814 bus
249 1765 331 1816 acta.
377 1752 534 1830 Matidia,
567 1753 721 1816 Antonini
747 1753 799 1818 Pii
827 1767 993 1818 matertera
1026 1778 1084 1838 per
1114 1760 1214 1838 adop·

167 1855 283 1918 tionem
300 1854 438 1934 (Eckhel
454 1857 568 1920 Doctr.
583 1858 680 1919 Num.
703 1869 726 1918 t.
752 1857 783 1918 6.
805 1881 836 1940 p.
860 1858 934 1919 [170.
950 1857 1057 1920 Maius
1074 1879 1106 1940 p.
1129 1857 1217 1940 167.)

167 1981 242 2020 erim
261 1958 342 2019 diem
365 1957 519 2032 obiisset,
550 1956 588 2018 lis
613 1957 802 2020 hereditaria
825 1959 907 2021 inter
937 1960 988 2022 M.
1019 1958 1214 2022 Antoninum

169 2059 402 2139 Philosophum
436 2070 466 2119 et
500 2057 680 2120 Faustinam
716 2081 849 2121 uxorem
881 2072 912 2122 et
945 2061 1027 2122 inter
1059 2061 1216 2126 Matidiae

169 2160 340 2242 legatarios
365 2171 477 2221 exorta
506 2171 564 2221 est.
611 2162 737 2222 Fronto
763 2181 887 2222 causam
916 2160 1121 2241 imperatoris
1145 2163 1215 2246 lege

168 2261 310 2326 Falcidia
329 2264 375 2341 (v.
394 2259 488 2324 Rein.
505 2263 603 2324 Riim.
621 2261 826 2324 Privatreeht
839 2285 873 2343 p.
891 2263 976 2341 381.)
990 2263 1215 2327 defendendam

167 2363 324 2444 suscepit,
345 2375 376 2424 ut
395 2385 436 2425 ex
458 2362 564 2444 Epist.
583 2367 622 2425 ad
641 2365 762 2427 Anton.
784 2365 867 2446 lurp.
890 2365 925 2439 2,
949 2367 987 2427 ta
1013 2379 1042 2428 et
1061 2365 1155 2447 epist.
1176 2370 1215 2428 ad

167 2468 288 2529 anticos
313 2465 335 2526 l.
364 2471 392 2539 1,
419 2469 469 2527 17.
495 2477 592 2546 patet.
640 2465 738 2531 Conl.
769 2465 917 2529 Niebuhr
941 2491 974 2548 p.
1002 2471 1070 2528 101.
1310 2529 1311 2534 ,

233 2567 413 2631 Antoninus
429 2569 514 2648 lurp.
535 2570 574 2629 ad
592 2569 786 2631 Frontonem
806 2569 829 2630 l.
848 2569 879 2644 2,
895 2570 932 2630 15
947 2567 991 2653 (p.
1011 2573 1103 2648 teth:
1127 2575 1215 2636 Ora-

168 2671 315 2741 tionem,
348 2691 416 2752 qua
437 2691 580 2731 eausam
608 2683 763 2732 nostram
791 2668 1001 2761 defendisti,
1034 2676 1216 2736 Faustinae

168 2773 355 2859 confestim
377 2775 569 2837 ostendam.

202 2898 349 2959 Faustinos]
387 2903 457 2944 uxori
476 2902 553 2945 Marci
573 2897 740 2956 imperatoris.

439 3007 442 3011 ⁸
500 3021 528 3075 7.
550 3017 650 3075 Oratio
670 3036 722 3090 pro
742 3019 883 3091 Bithynis.

233 3123 358 3187 Fronto
376 3121 480 3204 Epist.
503 3124 541 3183 ad
568 3121 689 3184 ataricos
711 3124 733 3184 l.
762 3127 791 3194 l,
817 3121 866 3188 18.
896 3121 1098 3185 Orationem
1114 3121 1217 3182 istam

167 3249 234 3310 pro
256 3226 417 3312 Bithynis
440 3238 519 3287 onte
541 3247 669 3286 annum
691 3223 783 3316 fere
811 3224 846 3284 in
880 3244 1002 3284 rnanus
1025 3245 1217 3285 sumseram

168 3327 204 3390 et
241 3337 417 3412 corrigere
451 3328 687 3398 institueram
733 3327 795 3389 tibi
835 3327 937 3388 etiam
971 3329 1100 3390 Romae
1136 3338 1217 3386 trane

168 3432 298 3514 agenti,
324 3431 479 3493 nonnihil
502 3431 542 3492 de
566 3431 633 3492 isto
656 3431 812 3492 oratione
834 3430 1074 3510 promiseram,
1094 3441 1126 3488 et
1143 3428 1217 3511 qui-

169 3535 258 3606 dem,
283 3555 360 3594 rum
383 3555 496 3594 sermo
519 3533 608 3593 inter·
631 3553 692 3590 nos
709 3531 748 3590 de
760 3530 1007 3611 partitionibus
1019 3531 1218 3592 orationum

170 3647 266 3696 ortus
290 3645 388 3704 esset,
413 3633 571 3692 dixeram
595 3644 627 3689 et
649 3652 734 3710 prae
758 3653 809 3690 nae
838 3633 1008 3703 tulerant,
1043 3631 1130 3691 satis
1165 3653 1217 3691 me

170 3735 353 3816 diiigenter·
375 3733 409 3793 in
433 3733 499 3792 ista
521 3732 678 3792 oratione
701 3731 949 3806 ronieeturam,
980 3732 1123 3815 quaein
1150 3734 1216 3793 sri-

171 3837 259 3898 mine
295 3836 476 3896 mandatae
519 3834 633 3894 caedis
667 3845 873 3907 uerteretur,
914 3834 1070 3895 divisisse
1108 3853 1215 3916 argu·
1321 3832 1324 3841 “

173 3937 293 4000 mentis
320 3950 352 3998 et
374 3934 561 4025 refutasse.

221 4039 309 4103 ibid.
327 4039 349 4100 l.
374 4029 410 4114 1,
439 4042 488 4100 17.
535 4041 573 4102 In
594 4039 750 4099 oratione
770 4039 936 4122 Bithyna,
962 4041 1060 4100 (ruinas
1079 4049 1216 4119 portem

171 4143 295 4226 legisse
311 4154 343 4203 te
362 4141 497 4213 scribis,
515 4142 721 4202 multarunt
738 4161 826 4202 nona
837 4140 976 4214 addita,
994 4153 1031 4201 ut
1046 4141 1212 4212 arbitror,

171 4265 240 4308 non
262 4244 438 4320 inornate,
457 4245 549 4304 lorus
566 4241 600 4304 in
617 4241 741 4323 primis
763 4243 803 4302 de
830 4243 899 4304 vito
918 4255 1014 4314 aeta,
1040 4263 1139 4326 quaem
1154 4241 1216 4304 tibi
