2992 4840
1144 341 1204 405 200

217 491 406 558 Gronovius
432 495 470 554 ad
494 491 632 556 Gellium
663 495 700 567 2,
728 493 768 554 21
796 494 898 578 legem
932 496 1090 560 Liciniam
1119 519 1201 564 anno

151 599 213 660 055
241 597 309 674 (89)
333 594 488 677 assignat,
513 617 583 656 cum
601 597 641 660 P.
660 594 807 658 Licinius
824 596 958 662 Crassus
981 621 1097 664 censor
1120 613 1201 665 erat.

215 701 305 762 Bach
333 697 365 759 in
389 695 476 760 Hist.
502 696 774 779 Inrisprudentiae
800 721 832 780 p.
851 701 910 763 105
937 705 1096 767 1111110057
1122 705 1202 784 (97),

152 824 222 865 cum
245 801 358 865 consul
379 811 460 862 erat.
507 802 588 862 Eum
615 812 742 862 secutus
766 813 813 863 est
832 801 982 866 Kreuzcr
1004 805 1121 868 Abriss
1147 810 1203 870 der

153 909 253 969 Ram.
273 902 407 986 Antiqu.
427 925 463 983 p.
477 903 538 966 129
560 914 591 965 et
607 903 778 966 Weichert
793 906 889 968 Poct.
907 907 981 967 Lat.
1000 907 1074 970 Rel.
1098 929 1132 990 p.
1148 910 1201 971 18.

154 1021 186 1070 et
201 1007 329 1069 Walter
353 1007 473 1068 Gesch.
498 1008 530 1067 d.
555 1011 639 1068 10111.
665 1007 787 1068 Rechts
808 1029 843 1088 p.
859 1008 933 1070 252.

216 1108 354 1191 Pighius
378 1110 420 1170 Τ.
441 1109 472 1170 3.
497 1130 531 1188 p.
552 1109 627 1170 122.
654 1107 748 1183 dicit,
772 1131 839 1171 earn
855 1109 992 1193 legema
1012 1113 1053 1174 P.
1073 1113 1202 1176 Licinio

154 1234 235 1275 anno
262 1212 323 1272 (141
344 1207 454 1294 (110),
487 1232 556 1272 curn
586 1209 734 1273 tribunus
760 1211 862 1292 plebis
885 1224 968 1288 crat,
1001 1215 1092 1275 latam
1120 1237 1201 1278 esse.

156 1312 236 1377 Cum
272 1335 310 1376 eo
343 1311 502 1376 consentit
530 1315 659 1394 Vargcs
694 1311 725 1374 in
756 1313 934 1394 Specimine
963 1315 1202 1390 Lucilianarum

156 1417 301 1494 Quaestt.
329 1415 359 1477 iu
379 1416 497 1478 Museo
515 1415 673 1476 Rhenano
695 1416 758 1478 Ill.
784 1416 926 1479 11811.
950 1439 984 1498 p.
1006 1417 1058 1479 42.

218 1520 276 1582 Fr.
299 1517 447 1580 Wiillner
470 1515 500 1578 in
518 1515 700 1580 Conunent.
723 1519 760 1578 de
781 1517 907 1581 Laevia
931 1532 1024 1599 poeta
1043 1521 1200 1604 (Allgem.

157 1619 385 1703 Schulzeitung
412 1620 492 1682 1830
511 1619 668 1682 Decemb.
687 1641 719 1681 n.
737 1621 810 1697 155)
832 1621 1110 1700 1110011501101),
1133 1647 1202 1686 cum

156 1733 287 1804 praetor
307 1733 387 1784 erat.
665 1749 680 1768 =

218 1824 383 1886 Drumann
406 1835 430 1886 t.
450 1826 481 1885 1.
507 1847 539 1905 p.
565 1827 604 1886 70
625 1824 756 1889 scribit:
782 1827 992 1908 ignoramus,
1018 1849 1082 1912 quo
1105 1851 1203 1892 anno-

155 1950 224 1989 rum
260 1926 372 1989 ordine
411 1925 613 2009 magistratus
643 1927 818 1990 inferiores
852 1927 1028 1992 obtinuerit
1058 1930 1202 1994 Licinius

156 2042 187 2091 et
216 2031 342 2112 quando
369 2028 471 2112 legem
504 2029 706 2092 sumtuariam
736 2029 862 2092 tulerit:
896 2031 928 2092 id
955 2042 1057 2093 antem
1085 2033 1203 2096 sactum

155 2143 220 2206 est,
244 2142 409 2215 antequam
436 2132 547 2193 consul
571 2131 643 2194 suit.
683 2131 819 2215 Pighius
842 2144 949 2213 putat,
975 2134 1067 2194 latam
1091 2133 1122 2196 in
1145 2135 1204 2197 tri·

155 2235 291 2310 bunatu,
316 2231 371 2294 alii
394 2232 425 2295 in
448 2245 615 2314 praetura3
639 2233 672 2296 id
696 2233 832 2296 discerni
853 2233 982 2318 nequit:
1008 2239 1063 2298 sed
1083 2248 1204 2299 certum

158 2346 222 2411 est,
247 2356 315 2396 eam
338 2357 402 2398 non
425 2334 456 2397 in
479 2335 675 2397 consulatum
698 2334 808 2399 Crassi
832 2339 966 2412 cadere,
990 2348 1024 2398 ut
1040 2339 1151 2398 Lueac
1172 2337 1204 2400 in

158 2437 334 2500 Hortensio
363 2460 397 2519 p.
421 2439 457 2498 77
486 2435 609 2513 credit,
640 2436 794 2520 siquidem
827 2436 971 2498 Lucilius
1001 2449 1115 2518 poeta,
1149 2438 1204 2521 qui
1237 2487 1238 2490 .

159 2560 225 2600 eam
246 2539 277 2600 in
296 2538 408 2601 Satiris
429 2537 635 2614 memoravit,
660 2551 730 2600 ante
750 2541 835 2600 hunc
854 2559 965 2600 annum
987 2549 1131 2603 mortuus
1152 2539 1204 2614 sit,

157 2641 276 2716 idest,
302 2663 332 2703 a.
357 2642 416 2704 051
441 2642 544 2719 (108).

223 2743 359 2806 Constat
378 2743 495 2824 igitur,
520 2743 623 2826 legem
649 2741 807 2805 Liciniana
833 2742 1034 2804 sumtuariam
1059 2754 1130 2805 aute
1151 2765 1205 2806 an·

159 2868 230 2907 num
259 2846 318 2908 057
348 2845 434 2923 (97),
464 2845 498 2906 id
523 2855 592 2922 cst,
625 2856 695 2908 ante
725 2844 920 2907 consulatum
950 2843 1060 2908 Crassi
1092 2846 1205 2923 latam,

159 2951 214 3009 sed
237 2947 367 3010 omnino
394 2945 565 3020 incertum,
590 2945 660 3029 quis
684 2958 796 3009 orator
823 2967 889 3007 eam
912 2946 1064 3008 suaserit:
1097 2948 1207 3010 Favo-

160 3048 229 3110 nius
263 3048 344 3110 enim
375 3047 480 3110 minor
513 3059 560 3111 est
586 3058 676 3122 natu;
715 3047 855 3112 Fannius
882 3058 1002 3122 autem,
1037 3071 1128 3132 quem
1153 3049 1206 3112 alii

159 3151 396 3234 intelligendum
421 3154 590 3234 putabant,
614 3151 711 3234 longe
737 3149 838 3212 maior
865 3160 951 3212 natu.

226 3253 348 3316 Gellius
376 3255 432 3330 15,
456 3255 486 3320 8.
530 3255 642 3316 Verba
669 3255 765 3328 haec,
789 3273 869 3337 quae
899 3254 1119 3334 apposuimus,
1144 3258 1208 3317 Fa·

160 3356 273 3418 uorini
296 3367 383 3418 sunt:
909 3423 911 3428 ,

224 3455 403 3546 Praefecti
428 3459 576 3540 popinae
601 3471 702 3542 atque
729 3460 893 3520 luxuriae
917 3470 1045 3540 negant
1067 3477 1209 3520 coenam

161 3561 292 3620 laertem
315 3581 407 3633 esse,
433 3561 516 3638 nisi,
541 3583 618 3622 cum
645 3560 866 3624 libentissime
889 3561 977 3632 edis,
1008 3572 1081 3622 tum
1106 3557 1209 3646 aeffe-

163 3672 263 3722 ratur
283 3673 315 3723 et
340 3663 412 3725 alia
434 3684 514 3724 esca
539 3663 660 3725 melior
682 3673 784 3743 atque
808 3659 957 3740 amplior
982 3661 1209 3724 succenturia-

163 3773 233 3824 tur.
278 3766 314 3827 Ie
333 3765 509 3853 nunc-flos
533 3785 658 3828 coenae
680 3763 824 3826 habetur
845 3761 935 3822 inter
959 3761 1061 3836 istos,
1087 3762 1209 3843 quibus

163 3876 297 3926 sumtus
312 3877 345 3927 et
349 3865 548 3955 fastidium
560 3888 628 3947 pro
635 3862 785 3954 facetiis
804 3861 981 3944 procedit:
1003 3863 1062 3945 qui
1081 3873 1209 3939 negant

162 3968 268 4026 zallam
290 3987 387 4029 auem
409 3980 552 4049 praeter
570 3966 764 4043 ficedulam
790 3976 899 4026 totam
929 3983 1076 4026 comesse
1106 3979 1209 4036 opor-

163 4077 256 4143 tere,
284 4081 478 4131 ceterarurn
508 4069 623 4131 avium
652 4078 754 4148 atque
783 4065 950 4136 altilium,
977 4063 1045 4124 nisi
1076 4069 1212 4120 tantum

164 4182 385 4250 apponatur,
419 4181 457 4230 ut
482 4191 505 4230 a
530 4167 728 4241 cluniculis,
761 4163 934 4254 inferiore
955 4175 1075 4243 parte,
1101 4162 1215 4221 saturi

158 4269 272 4346 fiant,
303 4271 495 4334 convivium
516 4281 640 4350 psalant
668 4268 785 4350 inopia
812 4263 969 4326 sordere:
997 4257 1217 4345 superiorem

215 4376 290 4416 Maiori
300 4377 355 4416 orat.
365 4376 423 4414 Rom.
432 4375 512 4425 Fragm.
529 4375 559 4414 ed.
569 4372 589 4414 2.
972 4377 1012 4436 14
1076 4417 1079 4421 η
