2984 4842
1157 363 1216 422 tot

153 511 224 596 -τὴν
247 506 367 603 φύσιν,
387 506 433 588 ’ὡς
461 506 695 600 τὰκδεντερεῖα
722 517 783 596 μὲν
813 507 974 599 ἀδηρίτως
996 514 1093 601 ἔχειν,
1118 513 1156 581 τὸ
1180 520 1216 582 dl

164 617 342 703 πρωτεῖον,
365 603 452 689 ὅπως
475 612 513 706 τῇ
542 606 676 698 δυνάμει
705 619 761 679 καὶ
789 622 858 691 τοῖς
881 605 996 692 ὅπλοις
1017 617 1146 706 πρῶτος
1168 620 1216 699 εἴη

164 717 302 804 μᾶλλον,
326 713 442 792 ἄλλοις
466 711 670 802 ἀσχοληθεὶς
691 712 835 808 ὑφεῖναι,
860 713 943 805 πρὸς
970 709 1049 807 ὅπερ
1074 713 1216 808 ἡφύσις

166 816 340 911 ὑφηγεῖτο,
360 819 418 918 τῇς
436 819 469 883 ἐν
486 819 531 908 τῷ
554 820 657 902 λέγειν
675 813 861 898 δεινότητος
882 814 946 883 ὑπὸ
967 824 1146 907 στρατειῶν
1161 827 1216 887 καὶ

165 923 352 997 πολιτείας,
374 919 393 1012 ᾑ
412 913 638 1000 κατεκτήσατο
661 915 719 1001 τὴν
741 914 917 1005 ἡγεμονίαν
941 915 1000 986 οὐκ
1024 916 1215 1008 ἐξικόμενος.

231 1038 411 1121 Appuleius
443 1039 608 1124 Apologia
636 1063 671 1122 p.
703 1041 777 1103 589.
812 1043 851 1103 ed
873 1040 961 1104 oua.
1005 1043 1214 1122 Quamcum-

166 1165 231 1228 que
253 1141 445 1205 orationem
468 1143 640 1205 struxerit
663 1141 797 1219 Auitus,
822 1142 873 1204 ita
894 1143 955 1205 illa
976 1143 1044 1204 erit
1066 1145 1215 1228 undique

166 1242 323 1334 perfecte
344 1245 514 1315 absoluta,
540 1255 579 1306 ut
601 1245 635 1306 in
659 1244 720 1307 illa
740 1263 801 1307 nec
823 1248 910 1309 Cato
931 1244 1139 1327 gravitatem
1161 1269 1215 1308 re-

167 1347 284 1430 quirat
311 1343 535 1408 sesamino
567 1345 742 1408 lenitatem
769 1367 830 1408 nec
852 1349 1030 1411 Gracchus
1051 1347 1215 1429 impetum

167 1469 241 1509 nec
263 1451 430 1511 Caesar
450 1449 602 1508 calorem
627 1468 687 1509 nec
709 1448 918 1512 Hortensius
939 1447 1217 1512 distributionem

167 1571 227 1613 nec
251 1552 374 1612 Caluus
403 1549 565 1631 argutias
594 1569 654 1610 nec
680 1549 934 1631 parsimoniam
955 1550 1130 1615 Salustius
1152 1571 1214 1612 nec

169 1651 382 1734 opulentiam
405 1651 537 1715 Cicero.
621 1673 625 1682 “

232 1753 381 1815 Sidonius
411 1751 515 1833 Epist.
543 1753 567 1814 l.
598 1752 633 1826 lt,
664 1751 695 1814 3.
740 1755 819 1816 Reae
851 1751 1088 1816 Theodorieus
1110 1753 1214 1817 sentit

169 1867 207 1918 ut
223 1857 457 1940 Pythagoras,
482 1853 603 1916 diuidit
626 1864 664 1916 ut
678 1857 852 1930 Socrates,
875 1855 1028 1936 explicat
1050 1865 1088 1916 ut
1103 1857 1212 1928 Plato,

169 1957 323 2036 implicat
354 1968 392 2018 ut
423 1955 646 2030 Aristoteles,
682 1967 720 2018 ut
749 1956 936 2020 Aeschines
958 1955 1153 2032 blanditur,
1178 1966 1216 2018 ut

169 2061 419 2124 Demosthenes
434 2056 617 2130 irascitur,
642 2069 762 2120 vernat
784 2069 822 2118 ut
837 2059 1062 2130 Hortensius,
1080 2068 1217 2119 aestuat

170 2173 207 2224 ut
231 2163 422 2243 Cethegus,
448 2159 570 2221 incitat
602 2170 641 2220 ut
669 2159 792 2234 Curio,
825 2172 983 2221 moratur
1013 2170 1051 2221 ut
1081 2158 1214 2232 Fabius,

170 2262 312 2325 simulat
334 2273 371 2323 ut
388 2265 556 2334 Crassus,
581 2259 778 2322 dissimulat
804 2271 842 2321 ut
864 2264 1013 2334 Caesar,
1037 2259 1157 2324 suadet
1180 2271 1218 2320 ut

170 2367 273 2438 Cato,
299 2363 477 2426 dissuadet
497 2373 537 2458 ut
560 2362 713 2443 Appius,
735 2360 923 2443 persuadet
945 2373 984 2422 ut
1006 2360 1155 2424 turtius.

206 2507 362 2566 dissimulat]
398 2508 530 2552 Caesarem
550 2508 572 2550 in
597 2505 748 2550 orationibus
774 2505 939 2549 dissimulandi
959 2509 1010 2549 erte
1029 2505 1130 2548 inarime
1151 2517 1217 2546 usam

242 2609 310 2650 erse,
331 2601 430 2640 testatur
449 2596 573 2641 Sidonias.

205 2683 337 2728 dissuadet
361 2689 386 2727 ut
403 2680 511 2740 Appius]
550 2681 651 2736 appium
679 2680 783 2725 Caecum
811 2681 936 2738 intelligit,
964 2681 1003 2736 qui
1029 2689 1111 2734 presta
1129 2677 1218 2731 Pyrrhi

243 2773 365 2816 dissuasit.

234 2868 358 2955 Frbnto
391 2891 431 2952 ad
459 2890 583 2951 Verum
618 2889 852 2970 Imperatorem
887 2907 920 2966 p,
959 2885 1039 2948 181:
1075 2883 1217 2948 Caesari

159 2992 380 3086 facultatem
401 2991 537 3054 dicendi
558 2990 656 3053 video
677 2986 940 3075 imperatoriam
952 2985 1089 3076 fuisse.

235 3098 361 3160 Fronto
380 3097 418 3156 ad
433 3095 485 3156 M.
505 3092 676 3157 Caesarem
696 3113 731 3172 p.
755 3091 805 3158 il.
849 3087 1042 3152 Materiam
1056 3096 1220 3170 quantam

167 3183 298 3264 'misisti
313 3197 414 3260 mihi!
429 3196 572 3258 necdum
588 3193 659 3278 legi
673 3191 873 3259 Coelianum
895 3199 1110 3272 excerptum,
1127 3187 1221 3272 quod

172 3301 313 3374 misisti,
338 3322 398 3362 nec
420 3301 553 3382 legam,
583 3297 684 3379 prius
711 3313 816 3378 quam
844 3313 960 3358 sensus
983 3293 1056 3374 ipse
1078 3302 1221 3353 venatus

159 3393 297 3493 fuero,
315 3402 376 3464 sed
391 3422 443 3465 me
459 3400 622 3464 Caesaris
643 3397 759 3463 oratio
780 3395 878 3459 uncis
892 3394 1066 3478 unguibus
1081 3393 1218 3455 attinet.

173 3506 275 3569 Nunc
299 3502 443 3586 denique
469 3503 592 3577 sentio,
620 3512 788 3586 quantum
813 3497 929 3582 operis
951 3498 1008 3570 sit,
1033 3507 1151 3558 ternos
1171 3493 1224 3555 vel

173 3604 297 3687 quinos
322 3624 441 3665 versus
462 3604 498 3664 in
527 3604 582 3665 die
610 3625 737 3665 ornare
763 3612 796 3666 ct
821 3599 953 3684 aliquid
976 3596 1037 3659 diu
1060 3595 1221 3658 scribere.

210 3741 340 3804 Caesaris]
377 3749 405 3790 ei
425 3747 454 3794 C.
476 3748 562 3791 lulium
581 3745 709 3792 Caesarem
729 3747 848 3802 pertinere
866 3750 934 3800 puto.

242 3862 416 3944 Emporias
439 3866 578 3928 Rhetor.
602 3887 634 3944 p.
649 3888 651 3893 ’
665 3865 727 3926 310
750 3862 959 3944 Cappcronn.
1005 3860 1059 3923 Ab
1080 3857 1218 3928 institu-

176 3966 287 4038 tione,
313 3985 418 4048 quam
438 3964 624 4046 plurimam
647 3965 681 4024 in
701 3961 877 4049 facundia
898 3973 932 4024 et
954 3959 1088 4021 dicendi
1106 3954 1222 4018 studio

164 4065 292 4157 fuisse
319 4066 461 4148 probet,
494 4067 621 4128 Caesar
654 4065 735 4126 item
768 4063 978 4146 culpabitur,
1012 4057 1105 4142 quod
1136 4055 1223 4119 adeo

176 4190 245 4233 non
261 4169 408 4252 adeptus
425 4165 470 4228 sit
479 4163 649 4254 formam
674 4166 850 4228 oratoriae
861 4159 1069 4253 facultatis,
1093 4169 1132 4221 ut
1147 4179 1225 4221 eum
1290 4222 1296 4236 ,

176 4294 325 4355 graecae
354 4266 523 4336 orationis
556 4275 734 4345 expertem
754 4263 881 4354 fuisse
913 4257 1142 4348 manifestum
1166 4260 1223 4324 sit.
