2992 4844
1183 375 1244 439 260

194 544 307 598 aetate
336 543 540 614 provectus,
575 530 714 596 babitus
741 543 793 596 est
821 553 926 609 sane,
965 545 1003 595 ut
1037 532 1088 596 ita
1116 533 1242 610 dicam,

193 637 423 710 truculentus,
446 657 560 716 asper,
586 635 782 709 maledicus,
807 656 932 718 genere
957 647 1030 699 toto
1046 639 1153 718 paulo
1156 635 1244 726 fer·-

194 739 307 802 vidior
329 750 432 821 atque
461 738 682 812 commotior,
716 737 897 819 diligentia
921 755 1036 800 tamen
1060 750 1094 801 et
1118 740 1243 801 uirtute

194 840 302 903 animi
316 852 419 923 atque
441 840 512 902 uita
532 838 641 901 bonus
661 851 784 902 auctor
806 839 842 900 in
865 852 999 902 senatu.
1044 841 1140 906 Idem
1159 844 1243 904 tolc-

200 944 318 1007 rabilis
332 954 503 1024 patronus
524 963 583 1004 nec
601 942 698 1004 rudis
720 942 755 1003 in
768 942 843 1004 iure
858 943 959 1016 ciuili,
976 955 1009 1005 et
1024 965 1102 1005 cum
1119 944 1244 1007 uirtute

195 1057 269 1107 tum
296 1045 401 1108 etiam
433 1044 509 1126 ipso
538 1045 708 1107 orationis
734 1065 860 1127 genere
893 1045 998 1119 liber,
1026 1046 1124 1108 cuius
1145 1067 1244 1110 ora-

195 1149 341 1212 tiones
362 1146 491 1230 pueri
513 1146 776 1229 legebamus,
805 1169 891 1232 quas
914 1149 983 1210 iam
1007 1150 1160 1231 reperire
1184 1150 1244 1212 uin

193 1272 392 1333 possumus.

261 1369 330 1438 Cic.
352 1373 390 1433 dc
418 1372 511 1435 Orat.
539 1371 568 1445 2,
597 1371 648 1447 22,
674 1371 727 1434 91.
771 1371 895 1449 Fufius
910 1393 1032 1436 neruos
1049 1373 1084 1436 in
1101 1373 1244 1437 dicendo
1290 1419 1293 1424 -

194 1477 233 1540 (7.
259 1475 446 1550 Fimbriae,
473 1495 560 1558 quos
582 1486 696 1536 tamen
717 1475 834 1536 habuit
848 1475 919 1547 ille,
944 1495 1012 1538 non
1033 1476 1240 1560 assequitur,

195 1578 268 1641 oris
293 1577 499 1660 pravitatem
520 1589 554 1640 et
577 1578 758 1641 uerborum
786 1578 1003 1641 latitudinem
1023 1578 1193 1642 imitatur.

424 1855 524 1913 Oratio
543 1873 595 1929 pro
615 1872 647 1913 ss
668 1860 769 1913 contra
790 1855 830 1915 M.
852 1855 1024 1915 Gratidium.

262 2011 303 2078 C.
329 2013 461 2078 Flavius
492 2014 635 2079 Fimbria
666 2027 799 2098 praetor
829 2013 1029 2097 provinciam
1058 2017 1190 2080 sortitus
1213 2039 1243 2081 a.

195 2118 256 2180 615
282 2119 383 2197 (100),
407 2128 438 2180 et
467 2138 508 2178 ex
535 2117 705 2200 provincia
737 2139 886 2180 reversus
911 2140 939 2180 a.
967 2117 1028 2181 618
1052 2119 1141 2200 (106)
1171 2141 1244 2183 rsus

196 2230 244 2282 est
267 2219 370 2281 factus
395 2223 639 2301 repetundarum
663 2242 678 2281 a
704 2223 755 2284 M.
784 2219 951 2298 Gratidio,
974 2224 1029 2283 scd
1051 2221 1243 2285 absolvitur.

198 2320 333 2406 Pighius
354 2333 377 2388 t.
403 2323 434 2385 3.
456 2345 489 2403 p.
516 2324 589 2384 112.
635 2323 785 2384 Valerius
810 2325 903 2385 Max.
930 2324 961 2400 8,
991 2327 1021 2396 b,
1046 2326 1078 2386 2.

262 2422 334 2488 Cic.
349 2425 440 2488 Brut.
456 2426 507 2487 15.
539 2427 594 2488 Μ.
608 2425 791 2488 Gratidius
806 2425 980 2487 accusauit
993 2429 1030 2490 G.
1044 2425 1242 2490 Fimbriam.

526 2676 632 2736 thtt.
675 2677 751 2734 Titus
771 2675 909 2734 Albucius.

263 2835 427 2898 Tribunus
449 2837 496 2918 pt.
522 2859 552 2899 a.
578 2837 639 2898 612
663 2837 770 2916 (112),
795 2834 905 2898 aedilis
927 2833 973 2916 pl.
996 2855 1025 2896 a.
1051 2833 1112 2898 615
1140 2835 1243 2915 (109),

197 2951 327 3020 praetor
353 2960 383 3001 a.
412 2940 472 3001 618
499 2940 599 3019 (106),
627 2952 657 3002 et
684 2938 861 3002 Sardiniam
889 2935 1089 3020 provinciam
1110 2935 1245 3000 obtinuit

196 3062 225 3103 a.
252 3041 313 3103 610
336 3037 441 3124 (105),
470 3046 551 3105 unde
575 3064 724 3105 reversus
751 3063 781 3104 a.
806 3041 864 3102 651
889 3039 977 3118 (103)
998 3042 1244 3119 repetundarum

198 3154 365 3206 accusatur
377 3155 407 3206 et
421 3148 595 3206 damnatur.
625 3143 797 3206 Albucium
815 3146 943 3206 doctum
959 3141 1115 3204 hominem
1132 3141 1245 3218 fuisse,

199 3265 257 3306 nce
274 3245 376 3308 solum
394 3246 574 3325 orationes,
598 3251 653 3308 sed
677 3245 768 3309 etiarn
786 3245 913 3308 libellos
929 3243 1098 3308 Luciliano
1114 3245 1246 3306 charac-

192 3333 279 3422 tere,
304 3347 336 3409 id
364 3359 427 3424 cst,
460 3348 590 3424 satiras,
627 3349 812 3431 scripsisse,
845 3360 968 3412 constat
1001 3351 1123 3426 (Varro
1149 3350 1245 3409 dere

196 3461 275 3511 rust.
309 3451 346 3527 3,
381 3451 446 3526 2.),
477 3450 680 3534 eiusdemque
710 3454 746 3513 fit
780 3453 899 3515 mentio
932 3454 1015 3533 apud
1046 3451 1245 3514 Frontonem

195 3574 230 3634 p.
255 3555 328 3616 171.
361 3553 525 3616 Albucius
543 3567 649 3635 poeta
673 3554 807 3627 aridus,
836 3552 990 3617 Lucilius
1014 3553 1170 3636 gracilis.

259 3671 380 3738 Cicero
401 3674 505 3738 Bruto
529 3675 581 3737 35.
627 3678 762 3738 Doctus
784 3674 888 3736 etiam
911 3674 1047 3758 graecis
1075 3677 1118 3738 T.
1141 3673 1246 3738 Albu-

196 3776 270 3837 cius
299 3779 351 3838 vel
378 3777 496 3860 potius
527 3799 637 3858 paene
666 3798 827 3859 graecus.
881 3781 1021 3860 Loquor
1049 3787 1087 3838 ut
1108 3777 1244 3858 opinor,
1323 3858 1327 3866 Ι

197 3877 261 3939 sed
274 3877 352 3940 licet
368 3902 414 3942 ex
440 3879 655 3943 orationibus
684 3879 851 3942 iudicare.
897 3880 974 3943 Fuit
1003 3890 1119 3940 utitem
1140 3879 1246 3940 Atte-

196 3979 250 4042 nis
268 3980 479 4056 adolescens,
503 3981 682 4070 perfectus
706 3982 899 4064 Epicureus
916 3991 1082 4055 evaserat,
1107 3977 1245 4040 minime

195 4095 318 4166 aptum
346 4085 394 4146 ad
419 4083 600 4146 dicendum
625 4104 748 4167 genus.

232 4245 262 4296 T.
281 4245 416 4305 Albucius]
461 4247 549 4291 Lurius
577 4248 709 4300 appellatur
739 4249 763 4292 in
786 4249 896 4292 Varrone
928 4249 955 4288 ds
977 4257 1002 4287 re
1028 4245 1088 4284 rust.
1111 4236 1139 4290 3,
1164 4237 1189 4286 2.
1212 4267 1244 4281 .-

265 4336 314 4381 su
333 4334 420 4380 Titum
442 4347 525 4379 verum
550 4347 603 4378 esse
626 4335 708 4380 docuit
731 4337 803 4381 Beier
819 4336 849 4378 ad
867 4333 917 4376 Cic.
937 4345 959 4387 p.
985 4331 1075 4374 Scauro
1092 4342 1116 4384 p.
1136 4323 1196 4374 202.
