2984 4842
256 337 315 402 426

327 553 355 610 4.
398 554 499 611 Oratio
520 558 619 609 contra
641 553 694 610 Cn.
717 553 871 609 Domitium
892 554 1044 611 Calvinum
1066 555 1102 610 de
1123 556 1241 612 ambitu.

323 669 405 731 Acta
436 677 484 730 est
514 689 606 730 causa
638 688 666 732 a.
696 669 759 728 700
785 667 865 745 (54).
893 665 1066 730 Memmius
1090 678 1121 729 et
1147 667 1310 731 Domitius

259 769 489 852 competitores
521 769 722 832 consulatus:
757 769 838 832 alter
869 768 962 831 alteri
992 768 1078 832 litem
1108 769 1241 833 intendit
1272 773 1310 832 de
1378 853 1387 868 ι

260 871 391 936 ambitu.
422 871 493 936 Cio.
518 871 628 954 Epist.
652 875 690 935 ad
714 874 756 953 Q.
785 871 880 934 fratr.
907 874 944 946 3,
970 873 1001 934 2.

374 1033 402 1090 5.
444 1031 543 1089 Oratio
564 1047 667 1102 prose
687 1032 723 1087 de
743 1032 852 1088 ambitu
873 1035 974 1086 eontra
993 1030 1029 1098 Q.
1052 1030 1193 1087 Curtium.

324 1147 406 1208 Aeta
430 1157 477 1208 est
499 1165 592 1207 eausa
619 1165 646 1206 a.
672 1146 734 1205 700
758 1145 839 1224 (54).
864 1143 906 1208 C.
931 1142 1105 1206 Memmius
1125 1143 1309 1206 candidatus

259 1251 441 1312 consulatus
470 1248 649 1328 postulatur
669 1245 820 1308 ambitus.
848 1245 922 1310 Cic.
951 1249 1014 1326 Ep.
1038 1247 1077 1308 ad
1098 1247 1139 1326 Q.
1162 1245 1255 1310 fratr.
1275 1247 1307 1321 3,

261 1353 293 1413 2.
316 1355 355 1414 ad
379 1350 483 1414 Attio.
510 1351 547 1424 4,
574 1349 625 1412 18.
950 1423 953 1432 γ
1168 1410 1172 1416 ,

323 1453 443 1518 Nescio
467 1474 505 1514 an
529 1455 590 1514 hue
613 1451 782 1514 reserenda
805 1450 867 1513 sint
890 1450 1067 1534 fragmenta
1092 1455 1167 1514 duo.

324 1555 495 1620 Suetonius
512 1555 573 1616 vita
592 1553 736 1617 Terentii
762 1577 790 1620 e.
816 1555 848 1617 3.
893 1559 934 1637 Q.
956 1555 1147 1618 Memmius
1167 1555 1203 1616 in
1226 1576 1306 1618 ora·

259 1661 352 1724 tione
371 1681 439 1742 pro
461 1679 497 1720 se
519 1657 588 1719 ait:
619 1660 656 1720 P.
682 1655 891 1745 Africanus,
916 1659 975 1740 qui
997 1678 1019 1717 a
1042 1657 1208 1720 Terentio
1227 1679 1308 1739 per·

258 1781 379 1826 sonum
408 1771 604 1833 mutuatus,
640 1775 726 1842 quae
758 1759 852 1821 domi
881 1762 1014 1823 luserat
1044 1758 1136 1842 ipse,
1170 1761 1308 1822 nomine

258 1862 350 1927 illius
372 1863 408 1926 in
430 1883 566 1924 saeuam
589 1861 723 1923 detulit.

177 1709 247 1786 f

289 2008 319 2070 Q.
331 2005 476 2067 Memmius]
496 2009 621 2066 legendum
632 2009 723 2051 videtur
734 2003 760 2054 G.
773 2004 916 2052 Memmius.
929 2009 994 2052 ldem
1005 2009 1165 2066 fragmentum
1176 2011 1223 2051 inm
1234 2023 1306 2064 supra

324 2099 430 2142 dedimus
456 2110 509 2155 pag.
532 2093 592 2144 279.
613 2097 659 2140 Sed
675 2097 735 2140 huuc
759 2097 836 2151 potius
856 2097 995 2140 Memmium
1013 2097 1193 2154 intelligendum
1207 2112 1304 2149 censeo,

323 2190 450 2241 propterea
469 2187 530 2242 quod
551 2185 703 2228 doctissimus
723 2189 775 2228 eret
793 2189 817 2228 et
836 2185 923 2228 litteris
944 2186 1012 2228 valde
1031 2187 1125 2238 cultus,
1147 2187 1179 2228 iia
1199 2191 1223 2228 nt
1241 2186 1304 2228 veri-

325 2275 403 2320 simile
424 2275 470 2331 sit,
491 2287 544 2318 eum
563 2273 714 2318 orationibus
737 2273 786 2315 auis
807 2274 915 2332 exempla
934 2274 1018 2327 docta,
1038 2275 1107 2330 quale
1125 2274 1148 2316 id
1167 2277 1217 2325 est,
1238 2275 1302 2328 quod

324 2365 352 2407 de
374 2363 489 2407 Terentio
509 2363 595 2416 effert,
615 2363 764 2419 inseruisse,
784 2372 830 2404 non
851 2361 990 2404 Memmium
1009 2349 1100 2418 ἰΙῙιιιῐι,Ι
1115 2363 1143 2405 de
1162 2373 1208 2418 quo
1226 2373 1301 2415 supra

327 2453 398 2495 locuti
419 2463 516 2506 sumus,
538 2463 608 2508 quem
628 2451 742 2494 incultum
760 2449 835 2495 luisse
853 2449 999 2502 accepimus.
1073 2490 1078 2498 ,

322 2568 482 2634 Priscian.
499 2579 524 2632 t.
551 2573 581 2631 1.
605 2590 639 2650 p.
664 2568 738 2631 372.
784 2571 822 2632 C.
841 2568 1048 2631 Memmius:
1070 2572 1184 2652 Quam
1202 2571 1306 2632 stulte

255 2672 424 2751 conficta,
449 2691 552 2756 quam
574 2681 693 2753 aperte
715 2683 797 2733 sunt
818 2671 1002 2734 ementita!
1025 2673 1219 2763 ἐψευσμένα.

290 2815 316 2862 C.
337 2815 483 2874 Memmius]
518 2819 542 2860 in
566 2818 675 2861 oratione
696 2829 740 2870 pro
759 2829 785 2860 se
805 2818 833 2859 de
852 2815 951 2859 ambitu.

720 2957 838 3014 lacerto.

318 3087 433 3151 Velius
449 3089 584 3173 Longus
600 3090 637 3152 de
653 3087 900 3174 Orthographia
922 3109 956 3169 p.
974 3087 1069 3150 2244.
1103 3089 1178 3152 Hoc
1194 3087 1304 3147 lutum

254 3202 348 3274 atque
366 3193 544 3254 macellum
566 3190 772 3274 singulariter
795 3189 884 3252 exire
909 3202 1082 3262 memento,
1100 3187 1175 3251 lieet
1196 3189 1303 3250 Mem·

257 3292 335 3356 mins
358 3293 427 3358 ista
450 3295 592 3356 masella
614 3291 699 3358 dicat
722 3303 753 3354 et
775 3290 896 3354 Caesar
917 3293 1005 3351 luta.

288 3436 434 3496 Memmius]
472 3440 494 3481 in
514 3437 631 3491 poemetis
650 3417 791 3478 Memmium
810 3436 833 3476 id
853 3433 941 3477 dixisse
961 3434 1079 3476 arbitror.

287 3523 394 3582 Caesar]
430 3525 459 3566 C.
481 3523 526 3565 lul.
547 3522 638 3565 Caesar
656 3521 756 3566 Strabo.

411 3668 552 3724 LXXXV.
594 3667 635 3730 tt.
657 3657 771 3726 Peleius
792 3667 858 3726 Coto
878 3669 970 3724 minor
992 3666 1139 3724 Uticensis.

315 3782 416 3844 Natus
435 3801 515 3844 anno
533 3782 594 3846 659
617 3783 685 3863 (05)
710 3780 830 3846 Crasso
855 3794 886 3844 et
910 3779 1024 3844 Mucio
1042 3779 1198 3844 Scaevola
1215 3801 1300 3844 coss.

253 3883 384 3950 Cliuton
406 3883 438 3947 in
461 3884 565 3948 Fastis
588 3888 628 3948 ad
648 3907 679 3948 aa
704 3885 765 3948 673
788 3883 873 3965 (81)ε
907 3883 1005 3966 periit
1033 3883 1114 3948 enim
1139 3904 1221 3946 anuo
1247 3904 1301 3945 ae·

251 3988 326 4052 tatis
348 3989 592 4074 quadragesimo
621 4008 706 4052 nono
730 4010 760 4050 a.
787 3989 847 4050 708
872 3989 953 4067 (46).
981 3989 1142 4068 Quaestor
1162 3987 1300 4048 urbanus

252 4111 281 4152 a.
311 4092 371 4156 (189
403 4089 646 4172 (65),‘triginta
677 4113 776 4155 annos
809 4101 915 4164 natus,
949 4093 1062 4154 eodem
1098 4109 1199 4163 auno,
1234 4107 1299 4170 quo

253 4192 296 4271 Q.
318 4192 466 4257 Lutatius
481 4191 614 4257 Catulus
634 4213 750 4258 censor
775 4205 855 4256 erat.
886 4194 971 4255 Plut.
997 4191 1082 4257 Cato
1108 4193 1159 4254 16.
1180 4188 1300 4252 Tribu-

254 4311 310 4356 nus
330 4293 433 4372 plebis
456 4317 485 4358 a.
518 4296 578 4360 092
604 4294 685 4378 (02).
721 4298 807 4361 Plut.
841 4294 925 4360 Cato
953 4295 1005 4356 22.
1030 4293 1149 4358 Cicero
1175 4293 1228 4354 23.
1254 4291 1298 4353 Α.
1328 4307 1332 4314 ·
