2984 4842
1135 382 1195 444 385

212 531 284 600 Cic.
307 555 340 614 p.
365 530 481 596 Coelio
509 555 538 594 c.
568 533 596 598 8.
644 537 720 615 Quo
745 536 819 596 loco
840 549 987 616 possum
1006 536 1117 598 dicere
1143 539 1190 610 id,

146 638 239 722 quod
268 637 320 698 vir
349 635 580 709 clarissimus,
607 639 661 700 Μ.
687 639 850 712 Crassus,
878 659 955 700 cum
981 639 1022 700 de
1045 639 1193 702 aduentu

148 741 242 822 regis
267 738 459 802 Ptolomaei
485 750 704 821 quereretur,
732 741 839 820 paulo
858 751 936 803 unte
962 740 1054 803 discit
1078 743 1192 820 „Uti
1228 787 1258 816 x

148 861 298 904 namne
321 841 364 902 in
382 861 549 903 nemore
569 841 707 905 Pelio“
731 863 772 902 ac
791 842 930 925 longius
950 842 1087 926 quidem
1109 843 1192 906 asilii

147 957 333 1008 contexere
360 944 423 1005 hoc
449 964 585 1006 carmen
612 944 740 1005 liceret.

211 1045 289 1107 ibid.
310 1067 339 1108 c.
366 1047 417 1121 10,
442 1046 492 1114 93.
537 1048 657 1128 ltaque
677 1045 772 1107 illam
787 1059 925 1128 partem
947 1046 1194 1139 causaefacile

148 1150 264 1231 patior
279 1146 434 1231 grauiter
450 1160 482 1209 et
498 1160 619 1210 ornate
638 1169 662 1209 a
677 1150 731 1212 M.
752 1151 877 1213 Crasso
892 1171 964 1212 esse
977 1161 1191 1231 peroratam,

150 1251 190 1312 de
207 1250 430 1313 seditionibus
448 1249 709 1330 Neapolitanis,
727 1251 768 1312 de
784 1251 1104 1315 Alexandrinorum
1118 1255 1194 1334 pul·

149 1353 283 1414 satione
311 1354 520 1422 Puteolana,
553 1353 593 1414 de
625 1353 722 1414 bonis
744 1355 871 1416 Pallae.
908 1356 1034 1417 Vellem
1064 1355 1192 1416 dictum

149 1467 238 1516 esset
260 1455 303 1517 ab
325 1454 443 1517 eodem
466 1455 570 1515 etiam
593 1454 634 1516 de
659 1456 783 1517 Dione.

464 1626 491 1676 1.
533 1621 634 1678 Oratio
657 1638 710 1693 pro
729 1622 761 1678 P.
784 1623 886 1679 Sestio.

216 1755 297 1814 Acta
322 1765 368 1814 est
391 1775 482 1814 causa
507 1775 536 1815 a.
562 1755 624 1816 698
647 1754 728 1834 (56).

216 1855 325 1924 Schol.
348 1853 522 1918 Bobiensia
551 1854 585 1917 iu
615 1867 700 1920 orat.
732 1878 766 1936 p.
791 1856 896 1919 Sestio
920 1880 953 1938 p.
978 1857 1052 1919 999.
1098 1861 1196 1920 Hanc

151 1959 294 2020 eandem
321 1979 463 2020 causam
494 1955 726 2047 defenderunt
759 1959 921 2040 plurimi:
956 1959 992 2020 in
1020 1960 1095 2042 quis
1112 1958 1199 2048 fuit

153 2064 195 2142 Q.
220 2061 447 2134 Hortensius,
474 2064 528 2123 M.
552 2063 757 2136 Crassus,
784 2062 945 2132 Licinius,
961 2063 1096 2124 Caluus.

445 2217 560 2273 LXXII.
604 2217 631 2273 C.
656 2219 778 2273 Licinius
799 2217 902 2276 Macer.

219 2352 320 2410 Natus
343 2370 425 2411 atino
450 2348 579 2410 circiter
603 2350 663 2410 618
688 2350 789 2426 (106),
814 2348 853 2408 ita
880 2359 911 2408 ut
936 2347 1106 2410 Ciceronis
1128 2349 1197 2410 fere

155 2463 186 2512 et
205 2448 351 2530 Pompeii
374 2451 513 2534 aequalis
536 2473 622 2526 csse,
647 2462 678 2512 ct
701 2451 755 2512 vix
779 2449 887 2530 paucis
910 2449 1000 2510 annis
1017 2461 1117 2512 aetate
1141 2471 1197 2513 eos

156 2573 322 2633 superasse
342 2551 493 2622 videatur.
519 2554 679 2634 Quaestor
702 2574 731 2617 a.
757 2554 816 2614 676
832 2555 900 2632 (78)
917 2564 1046 2614 auctore
1065 2550 1198 2632 Pighio.

157 2655 319 2717 Tribunus
349 2657 391 2736 pl.
420 2678 449 2717 a.
483 2656 542 2717 681
581 2659 662 2735 (73).
700 2655 823 2719 Deinde
852 2666 1032 2736 praeturam
1064 2651 1201 2717 obtinuit

157 2757 349 2839 nescioquo
373 2780 455 2826 auno
479 2771 572 2841 atque
595 2759 626 2820 in
650 2758 847 2840 provinciam
871 2755 1022 2830 decessit,
1046 2759 1127 2818 unde
1150 2777 1201 2818 re·

159 2881 280 2932 versus,
298 2882 326 2921 a.
345 2858 505 2922 Cicerone
523 2883 551 2922 a.
570 2861 629 2923 688
646 2861 715 2939 (66)
734 2862 978 2941 repetundarum
995 2879 1068 2920 reus
1083 2857 1199 2932 factus,

157 2965 384 3050 condemnatur
401 2975 431 3024 et
447 2966 558 3024 eodem
574 2963 643 3024 fere
666 2975 812 3043 tempore
836 2961 916 3024 diem
935 2960 1024 3023 obiit.
1050 2958 1202 3022 Valerius

157 3065 252 3126 Max.
270 3066 307 3140 9,
335 3066 391 3137 19,
419 3067 449 3126 7.
475 3066 561 3127 Plut.
587 3062 707 3128 Cicero
732 3087 760 3126 c.
786 3066 818 3128 9.
843 3062 915 3127 Cic.
940 3062 1198 3130 acarticuli.

157 3166 249 3228 Stetit
266 3179 375 3228 contra
394 3165 591 3228 nobilitatem
609 3178 702 3250 atque
722 3166 903 3247 optimates.
927 3165 1021 3228 Cani.
1038 3165 1202 3228 Drumann

157 3279 182 3329 t.
200 3269 233 3328 1.
250 3289 282 3348 p.
309 3269 381 3331 191.
407 3268 575 3330 Weichert
600 3270 694 3334 Poet.
722 3269 773 3335 lat,
798 3268 951 3352 reliquiae
975 3290 1007 3348 p.
1033 3268 1106 3343 109.
1125 3264 1203 3326 Eius

157 3368 262 3444 filius,
289 3369 329 3432 C.
356 3369 500 3434 Licinius
524 3370 664 3445 Calvus,
690 3371 789 3433 multo
811 3370 986 3433 celebrior.

223 3469 297 3534 Cic.
323 3473 416 3534 Brut.
449 3494 479 3534 c.
511 3474 564 3536 67.
610 3477 648 3537 C.
683 3477 807 3538 Macer
835 3473 1042 3534 auctoritate
1070 3493 1204 3552 semper

157 3573 266 3654 eguit,
285 3573 434 3662 sedfuit
448 3587 618 3656 patronus
640 3576 891 3658 propemodum
908 3573 1203 3656 diligentissimus.

158 3674 273 3737 Huius
289 3675 319 3738 si
336 3676 416 3748 uita,
440 3679 470 3738 si
495 3699 619 3753 mores,
644 3679 676 3740 si
697 3682 810 3740 vultus
828 3677 972 3758 denique
987 3695 1054 3738 non
1071 3695 1206 3736 omnem

159 3778 487 3840 commendationem
515 3779 646 3862 ingenii
676 3792 859 3846 everteret.
891 3778 1003 3840 maius
1026 3797 1148 3839 nomen
1170 3776 1205 3836 in

156 3877 318 3980 patronis
338 3877 493 3968 suisset.
547 3884 628 3944 Non
661 3894 736 3943 erat
769 3882 966 3954 abundans,
1006 3900 1072 3941 non
1106 3877 1204 3956 inops

159 3989 291 4053 tamen,
322 4002 389 4043 non
413 3983 509 4043 valde
533 3983 659 4056 nitens,
690 4004 758 4045 uon
780 3986 884 4066 plane
906 3983 1050 4045 horrida
1072 3977 1204 4043 oratio:

160 4104 249 4156 vox,
279 4097 399 4165 gestus
429 4097 463 4146 et
486 4084 597 4146 omnis
626 4085 718 4146 actio
741 4087 813 4147 sine
836 4089 968 4166 lepore,
1000 4096 1036 4145 at
1059 4085 1094 4144 iu
1117 4082 1207 4143 inue-

160 4185 291 4248 niendis
328 4184 639 4274 componendisque
673 4187 774 4249 rebus
814 4186 906 4249 mira
936 4183 1131 4256 accuratio,
1172 4194 1209 4240 ut

161 4283 360 4368 nonfacile
383 4288 418 4348 in
441 4289 511 4348 ullo
541 4286 796 4367 diligentiorem
820 4285 1051 4365 maioremque
1080 4303 1208 4363 cogno·

213 4393 348 4432 MeieriOret
363 4393 413 4430 llum
434 4392 512 4439 Fragm.
529 4391 587 4427 cdd,
969 4388 1009 4447 25
