<?xml version="1.0" encoding="UTF-8"?>
<!DOCTYPE html PUBLIC "-//W3C//DTD XHTML 1.0 Transitional//EN"
    "http://www.w3.org/TR/xhtml1/DTD/xhtml1-transitional.dtd">
<html xmlns="http://www.w3.org/1999/xhtml" xml:lang="en" lang="en">
 <head>
  <title>
</title>
<meta http-equiv="Content-Type" content="text/html;charset=utf-8" />
  <meta name='ocr-system' content='tesseract 3.04.00' />
  <meta name='ocr-capabilities' content='ocr_page ocr_carea ocr_par ocr_line ocrx_word'/>
</head>
<body>
  <div class='ocr_page' id='page_1' title='image "./oratorumromanor02meyegoog_0650.png"; bbox 0 0 2958 4840; ppageno 0'>
   <div class='ocr_carea' id='block_1_1' title="bbox 606 557 972 630">
    <p class='ocr_par' dir='ltr' id='par_1_1' title="bbox 606 557 972 630">
     <span class='ocr_line' id='line_1_1' title="bbox 606 557 972 630; baseline -0.005 -16"><span class='ocrx_word' id='word_1_1' title='bbox 606 559 635 614; x_wconf 79' lang='lat' dir='ltr'><strong>d.</strong></span> <span class='ocrx_word' id='word_1_2' title='bbox 675 557 789 615; x_wconf 87' lang='lat' dir='ltr'><strong>Laudes</strong></span> <span class='ocrx_word' id='word_1_3' title='bbox 816 559 846 614; x_wconf 87' lang='lat' dir='ltr'><strong>in</strong></span> <span class='ocrx_word' id='word_1_4' title='bbox 865 561 972 630; x_wconf 79' lang='lat' dir='ltr'><strong>patres.</strong></span> 
     </span>
    </p>
   </div>
   <div class='ocr_carea' id='block_1_2' title="bbox 333 696 1323 784">
    <p class='ocr_par' dir='ltr' id='par_1_2' title="bbox 333 696 1323 784">
     <span class='ocr_line' id='line_1_2' title="bbox 333 696 1323 784; baseline 0 -21"><span class='ocrx_word' id='word_1_5' title='bbox 333 701 431 764; x_wconf 88' lang='lat' dir='ltr'><strong>Extat</strong></span> <span class='ocrx_word' id='word_1_6' title='bbox 461 699 673 784; x_wconf 78' lang='lat' dir='ltr'><strong>fragmentum</strong></span> <span class='ocrx_word' id='word_1_7' title='bbox 706 696 796 762; x_wconf 86' lang='lat' dir='ltr'><strong>huius</strong></span> <span class='ocrx_word' id='word_1_8' title='bbox 826 697 999 773; x_wconf 86' lang='lat' dir='ltr'><strong>orationis,</strong></span> <span class='ocrx_word' id='word_1_9' title='bbox 1033 718 1113 781; x_wconf 90' lang='lat' dir='ltr'><strong>quae</strong></span> <span class='ocrx_word' id='word_1_10' title='bbox 1142 696 1227 762; x_wconf 90' lang='lat' dir='ltr'><strong>dicta</strong></span> <span class='ocrx_word' id='word_1_11' title='bbox 1259 711 1323 775; x_wconf 86' lang='lat' dir='ltr'><strong>est,</strong></span> 
     </span>
    </p>
   </div>
   <div class='ocr_carea' id='block_1_3' title="bbox 268 798 1321 1702">
    <p class='ocr_par' dir='ltr' id='par_1_3' title="bbox 268 798 1321 1702">
     <span class='ocr_line' id='line_1_3' title="bbox 270 798 1321 887; baseline 0 -23"><span class='ocrx_word' id='word_1_12' title='bbox 270 825 340 864; x_wconf 91' lang='lat' dir='ltr'><strong>cum</strong></span> <span class='ocrx_word' id='word_1_13' title='bbox 370 801 479 866; x_wconf 89' lang='lat' dir='ltr'><strong>nescio</strong></span> <span class='ocrx_word' id='word_1_14' title='bbox 500 801 572 887; x_wconf 88' lang='lat' dir='ltr'><strong>quis</strong></span> <span class='ocrx_word' id='word_1_15' title='bbox 592 800 788 864; x_wconf 86' lang='lat' dir='ltr'><strong>consulatum</strong></span> <span class='ocrx_word' id='word_1_16' title='bbox 811 799 925 874; x_wconf 88' lang='lat' dir='ltr'><strong>iniret;</strong></span> <span class='ocrx_word' id='word_1_17' title='bbox 947 802 1042 884; x_wconf 81' lang='lat' dir='ltr'><strong>idque</strong></span> <span class='ocrx_word' id='word_1_18' title='bbox 1064 798 1250 882; x_wconf 82' lang='lat' dir='ltr'>cognitione</span> <span class='ocrx_word' id='word_1_19' title='bbox 1269 801 1321 864; x_wconf 90' lang='lat' dir='ltr'><strong>di·</strong></span> 
     </span>
     <span class='ocr_line' id='line_1_4' title="bbox 268 901 1320 989; baseline 0 -23"><span class='ocrx_word' id='word_1_20' title='bbox 268 927 375 988; x_wconf 81' lang='lat' dir='ltr'><strong>gnum,</strong></span> <span class='ocrx_word' id='word_1_21' title='bbox 395 903 467 989; x_wconf 91' lang='lat' dir='ltr'><strong>quia</strong></span> <span class='ocrx_word' id='word_1_22' title='bbox 486 903 684 968; x_wconf 79' lang='lat' dir='ltr'><strong>manifestum</strong></span> <span class='ocrx_word' id='word_1_23' title='bbox 707 904 753 976; x_wconf 83' lang='lat' dir='ltr'><strong>fit,</strong></span> <span class='ocrx_word' id='word_1_24' title='bbox 776 903 940 987; x_wconf 89' lang='lat' dir='ltr'><strong>quomodo</strong></span> <span class='ocrx_word' id='word_1_25' title='bbox 959 915 1033 964; x_wconf 89' lang='lat' dir='ltr'><strong>tunc</strong></span> <span class='ocrx_word' id='word_1_26' title='bbox 1051 901 1207 983; x_wconf 88' lang='lat' dir='ltr'><strong>temporis</strong></span> <span class='ocrx_word' id='word_1_27' title='bbox 1225 924 1320 966; x_wconf 87' lang='lat' dir='ltr'><strong>croa-</strong></span> 
     </span>
     <span class='ocr_line' id='line_1_5' title="bbox 269 1002 1321 1087; baseline -0.002 -17"><span class='ocrx_word' id='word_1_28' title='bbox 269 1019 379 1070; x_wconf 85' lang='lat' dir='ltr'><strong>rontur</strong></span> <span class='ocrx_word' id='word_1_29' title='bbox 409 1006 568 1070; x_wconf 85' lang='lat' dir='ltr'><strong>consules.</strong></span> <span class='ocrx_word' id='word_1_30' title='bbox 600 1041 640 1052; x_wconf 92' lang='lat'><em>-</em></span> <span class='ocrx_word' id='word_1_31' title='bbox 670 1004 818 1068; x_wconf 78' lang='lat' dir='ltr'>Niebuhr</span> <span class='ocrx_word' id='word_1_32' title='bbox 844 1026 881 1087; x_wconf 88' lang='lat' dir='ltr'><strong>p.</strong></span> <span class='ocrx_word' id='word_1_33' title='bbox 908 1004 1008 1068; x_wconf 77' lang='lat' dir='ltr'><strong>xvl.</strong></span> <span class='ocrx_word' id='word_1_34' title='bbox 1037 1002 1169 1066; x_wconf 79' lang='lat' dir='ltr'><strong>scribit:</strong></span> <span class='ocrx_word' id='word_1_35' title='bbox 1216 1005 1321 1084; x_wconf 84' lang='lat' dir='ltr'><strong>„Me-</strong></span> 
     </span>
     <span class='ocr_line' id='line_1_6' title="bbox 270 1104 1321 1189; baseline -0.005 -18"><span class='ocrx_word' id='word_1_36' title='bbox 270 1120 381 1171; x_wconf 81' lang='lat' dir='ltr'><strong>reatur</strong></span> <span class='ocrx_word' id='word_1_37' title='bbox 408 1107 561 1189; x_wconf 84' lang='lat' dir='ltr'><strong>proiecto</strong></span> <span class='ocrx_word' id='word_1_38' title='bbox 597 1107 781 1186; x_wconf 82' lang='lat' dir='ltr'>Symmachi</span> <span class='ocrx_word' id='word_1_39' title='bbox 807 1105 1007 1189; x_wconf 85' lang='lat' dir='ltr'><strong>fragmenta,</strong></span> <span class='ocrx_word' id='word_1_40' title='bbox 1044 1117 1076 1170; x_wconf 92' lang='lat' dir='ltr'><strong>ut</strong></span> <span class='ocrx_word' id='word_1_41' title='bbox 1112 1108 1152 1168; x_wconf 92' lang='lat' dir='ltr'><strong>ab</strong></span> <span class='ocrx_word' id='word_1_42' title='bbox 1181 1104 1221 1168; x_wconf 89' lang='lat' dir='ltr'><strong>iis</strong></span> <span class='ocrx_word' id='word_1_43' title='bbox 1250 1116 1321 1167; x_wconf 87' lang='lat' dir='ltr'><strong>stu·</strong></span> 
     </span>
     <span class='ocr_line' id='line_1_7' title="bbox 269 1205 1318 1294; baseline -0.006 -20"><span class='ocrx_word' id='word_1_44' title='bbox 269 1210 357 1274; x_wconf 84' lang='lat' dir='ltr'><strong>diosc</strong></span> <span class='ocrx_word' id='word_1_45' title='bbox 380 1210 589 1284; x_wconf 72' lang='lat' dir='ltr'><strong>evolvantur,</strong></span> <span class='ocrx_word' id='word_1_46' title='bbox 619 1230 702 1294; x_wconf 89' lang='lat' dir='ltr'><strong>quos</strong></span> <span class='ocrx_word' id='word_1_47' title='bbox 731 1208 860 1290; x_wconf 87' lang='lat' dir='ltr'><strong>imperii</strong></span> <span class='ocrx_word' id='word_1_48' title='bbox 883 1208 1007 1274; x_wconf 88' lang='lat' dir='ltr'><strong>romani</strong></span> <span class='ocrx_word' id='word_1_49' title='bbox 1030 1219 1174 1289; x_wconf 84' lang='lat' dir='ltr'><strong>tempora</strong></span> <span class='ocrx_word' id='word_1_50' title='bbox 1205 1205 1318 1270; x_wconf 83' lang='lat' dir='ltr'><strong>novis-</strong></span> 
     </span>
     <span class='ocr_line' id='line_1_8' title="bbox 270 1306 1319 1395; baseline -0.002 -21"><span class='ocrx_word' id='word_1_51' title='bbox 270 1313 347 1374; x_wconf 90' lang='lat' dir='ltr'><strong>sima</strong></span> <span class='ocrx_word' id='word_1_52' title='bbox 372 1333 572 1395; x_wconf 81' lang='lat' dir='ltr'>cognoscere</span> <span class='ocrx_word' id='word_1_53' title='bbox 596 1310 693 1380; x_wconf 84' lang='lat' dir='ltr'><strong>iuvet.</strong></span> <span class='ocrx_word' id='word_1_54' title='bbox 738 1310 826 1374; x_wconf 88' lang='lat' dir='ltr'>Mihi</span> <span class='ocrx_word' id='word_1_55' title='bbox 850 1308 976 1394; x_wconf 84' lang='lat' dir='ltr'><strong>quidem</strong></span> <span class='ocrx_word' id='word_1_56' title='bbox 1005 1308 1077 1374; x_wconf 88' lang='lat' dir='ltr'><strong>inde</strong></span> <span class='ocrx_word' id='word_1_57' title='bbox 1105 1306 1241 1393; x_wconf 81' lang='lat' dir='ltr'><strong>primum</strong></span> <span class='ocrx_word' id='word_1_58' title='bbox 1268 1307 1319 1372; x_wconf 85' lang='lat' dir='ltr'><strong>in·</strong></span> 
     </span>
     <span class='ocr_line' id='line_1_9' title="bbox 272 1410 1320 1495; baseline -0.004 -17"><span class='ocrx_word' id='word_1_59' title='bbox 272 1413 392 1490; x_wconf 86' lang='lat' dir='ltr'><strong>notuit,</strong></span> <span class='ocrx_word' id='word_1_60' title='bbox 415 1414 468 1476; x_wconf 87' lang='lat' dir='ltr'><strong>illa</strong></span> <span class='ocrx_word' id='word_1_61' title='bbox 491 1425 591 1478; x_wconf 86' lang='lat' dir='ltr'><strong>aetate</strong></span> <span class='ocrx_word' id='word_1_62' title='bbox 610 1412 789 1495; x_wconf 86' lang='lat' dir='ltr'><strong>postulatos</strong></span> <span class='ocrx_word' id='word_1_63' title='bbox 808 1411 906 1476; x_wconf 77' lang='lat' dir='ltr'><strong>fuisse</strong></span> <span class='ocrx_word' id='word_1_64' title='bbox 930 1424 1088 1486; x_wconf 88' lang='lat' dir='ltr'><strong>asenatu,</strong></span> <span class='ocrx_word' id='word_1_65' title='bbox 1112 1410 1320 1477; x_wconf 76' lang='lat' dir='ltr'><strong>confirmatos</strong></span> 
     </span>
     <span class='ocr_line' id='line_1_10' title="bbox 276 1514 1320 1598; baseline -0.002 -20"><span class='ocrx_word' id='word_1_66' title='bbox 276 1538 291 1578; x_wconf 92' lang='lat' dir='ltr'><strong>a</strong></span> <span class='ocrx_word' id='word_1_67' title='bbox 315 1515 515 1598; x_wconf 86' lang='lat' dir='ltr'><strong>principibus</strong></span> <span class='ocrx_word' id='word_1_68' title='bbox 538 1517 700 1588; x_wconf 85' lang='lat' dir='ltr'><strong>consules,</strong></span> <span class='ocrx_word' id='word_1_69' title='bbox 739 1537 809 1578; x_wconf 92' lang='lat' dir='ltr'><strong>cum</strong></span> <span class='ocrx_word' id='word_1_70' title='bbox 832 1514 920 1596; x_wconf 87' lang='lat' dir='ltr'><strong>prius</strong></span> <span class='ocrx_word' id='word_1_71' title='bbox 948 1517 988 1576; x_wconf 91' lang='lat' dir='ltr'><strong>ab</strong></span> <span class='ocrx_word' id='word_1_72' title='bbox 1012 1535 1075 1577; x_wconf 90' lang='lat' dir='ltr'><strong>unu</strong></span> <span class='ocrx_word' id='word_1_73' title='bbox 1098 1514 1320 1596; x_wconf 78' lang='lat' dir='ltr'><strong>Augustorum</strong></span> 
     </span>
     <span class='ocr_line' id='line_1_11' title="bbox 274 1615 1112 1702; baseline -0.002 -20"><span class='ocrx_word' id='word_1_74' title='bbox 274 1618 415 1684; x_wconf 88' lang='lat' dir='ltr'><strong>arbitrio</strong></span> <span class='ocrx_word' id='word_1_75' title='bbox 436 1621 575 1700; x_wconf 85' lang='lat' dir='ltr'><strong>pendere</strong></span> <span class='ocrx_word' id='word_1_76' title='bbox 598 1639 708 1684; x_wconf 89' lang='lat' dir='ltr'><strong>eorum</strong></span> <span class='ocrx_word' id='word_1_77' title='bbox 732 1617 911 1702; x_wconf 76' lang='lat' dir='ltr'><strong>designatio</strong></span> <span class='ocrx_word' id='word_1_78' title='bbox 937 1615 1112 1681; x_wconf 51' lang='lat' dir='ltr'><strong>viaeatur?</strong></span> 
     </span>
    </p>
   </div>
   <div class='ocr_carea' id='block_1_4' title="bbox 620 1783 973 1855">
    <p class='ocr_par' dir='ltr' id='par_1_4' title="bbox 620 1783 973 1855">
     <span class='ocr_line' id='line_1_12' title="bbox 620 1783 973 1855; baseline 0.003 -15"><span class='ocrx_word' id='word_1_79' title='bbox 620 1786 648 1840; x_wconf 84' lang='lat'><strong>5.</strong></span> <span class='ocrx_word' id='word_1_80' title='bbox 688 1783 788 1840; x_wconf 82' lang='lat' dir='ltr'><strong>Oratio</strong></span> <span class='ocrx_word' id='word_1_81' title='bbox 808 1801 860 1854; x_wconf 85' lang='lat' dir='ltr'><strong>pro</strong></span> <span class='ocrx_word' id='word_1_82' title='bbox 879 1788 973 1855; x_wconf 86' lang='lat' dir='ltr'><strong>patre.</strong></span> 
     </span>
    </p>
   </div>
   <div class='ocr_carea' id='block_1_5' title="bbox 269 1922 1325 2500">
    <p class='ocr_par' dir='ltr' id='par_1_5' title="bbox 269 1922 1325 2500">
     <span class='ocr_line' id='line_1_13' title="bbox 334 1922 1325 2008; baseline 0 -22"><span class='ocrx_word' id='word_1_83' title='bbox 334 1923 450 2006; x_wconf 82' lang='lat' dir='ltr'><strong>Egisse</strong></span> <span class='ocrx_word' id='word_1_84' title='bbox 471 1922 590 2008; x_wconf 83' lang='lat' dir='ltr'><strong>gratias</strong></span> <span class='ocrx_word' id='word_1_85' title='bbox 608 1923 729 1987; x_wconf 86' lang='lat' dir='ltr'><strong>senatui</strong></span> <span class='ocrx_word' id='word_1_86' title='bbox 746 1924 969 2002; x_wconf 78' lang='lat' dir='ltr'><strong>Symmachum</strong></span> <span class='ocrx_word' id='word_1_87' title='bbox 989 1944 1050 2005; x_wconf 86' lang='lat' dir='ltr'><strong>pro</strong></span> <span class='ocrx_word' id='word_1_88' title='bbox 1065 1933 1157 2006; x_wconf 85' lang='lat' dir='ltr'><strong>patre</strong></span> <span class='ocrx_word' id='word_1_89' title='bbox 1176 1942 1244 1996; x_wconf 89' lang='lat' dir='ltr'><strong>suo,</strong></span> <span class='ocrx_word' id='word_1_90' title='bbox 1266 1922 1325 2006; x_wconf 88' lang='lat' dir='ltr'><strong>qui</strong></span> 
     </span>
     <span class='ocr_line' id='line_1_14' title="bbox 270 2023 1319 2109; baseline -0.005 -19"><span class='ocrx_word' id='word_1_91' title='bbox 270 2028 381 2090; x_wconf 86' lang='lat' dir='ltr'><strong>consui</strong></span> <span class='ocrx_word' id='word_1_92' title='bbox 397 2037 521 2090; x_wconf 87' lang='lat' dir='ltr'><strong>creatus</strong></span> <span class='ocrx_word' id='word_1_93' title='bbox 536 2026 651 2102; x_wconf 85' lang='lat' dir='ltr'><strong>fuerat,</strong></span> <span class='ocrx_word' id='word_1_94' title='bbox 675 2025 789 2090; x_wconf 89' lang='lat' dir='ltr'><strong>scribit</strong></span> <span class='ocrx_word' id='word_1_95' title='bbox 809 2024 929 2088; x_wconf 87' lang='lat' dir='ltr'><strong>Maius.</strong></span> <span class='ocrx_word' id='word_1_96' title='bbox 975 2027 1083 2109; x_wconf 83' lang='lat' dir='ltr'><strong>Atque</strong></span> <span class='ocrx_word' id='word_1_97' title='bbox 1105 2023 1210 2090; x_wconf 84' lang='lat' dir='ltr'><strong>oratio</strong></span> <span class='ocrx_word' id='word_1_98' title='bbox 1234 2025 1319 2086; x_wconf 90' lang='lat' dir='ltr'><strong>dicta</strong></span> 
     </span>
     <span class='ocr_line' id='line_1_15' title="bbox 271 2125 1317 2210; baseline -0.002 -20"><span class='ocrx_word' id='word_1_99' title='bbox 271 2130 396 2194; x_wconf 87' lang='lat' dir='ltr'><strong>videtur</strong></span> <span class='ocrx_word' id='word_1_100' title='bbox 421 2129 469 2194; x_wconf 81' lang='lat' dir='ltr'><strong>rel</strong></span> <span class='ocrx_word' id='word_1_101' title='bbox 494 2151 523 2192; x_wconf 91' lang='lat' dir='ltr'><strong>a.</strong></span> <span class='ocrx_word' id='word_1_102' title='bbox 549 2153 578 2194; x_wconf 90' lang='lat' dir='ltr'><strong>u.</strong></span> <span class='ocrx_word' id='word_1_103' title='bbox 606 2129 799 2204; x_wconf 72' lang='grc'><strong>11291376)</strong></span> <span class='ocrx_word' id='word_1_104' title='bbox 825 2127 875 2190; x_wconf 85' lang='lat' dir='ltr'><strong>vel</strong></span> <span class='ocrx_word' id='word_1_105' title='bbox 897 2149 926 2190; x_wconf 90' lang='lat' dir='ltr'><strong>a.</strong></span> <span class='ocrx_word' id='word_1_106' title='bbox 952 2128 1035 2190; x_wconf 77' lang='grc'><strong>1130</strong></span> <span class='ocrx_word' id='word_1_107' title='bbox 1055 2125 1157 2210; x_wconf 77' lang='grc'><strong>(377).</strong></span> <span class='ocrx_word' id='word_1_108' title='bbox 1204 2128 1317 2192; x_wconf 90' lang='lat' dir='ltr'><strong>Incer-</strong></span> 
     </span>
     <span class='ocr_line' id='line_1_16' title="bbox 269 2228 1323 2314; baseline -0.006 -18"><span class='ocrx_word' id='word_1_109' title='bbox 269 2242 334 2296; x_wconf 91' lang='lat' dir='ltr'><strong>tum</strong></span> <span class='ocrx_word' id='word_1_110' title='bbox 357 2231 456 2308; x_wconf 88' lang='lat' dir='ltr'><strong>enim,</strong></span> <span class='ocrx_word' id='word_1_111' title='bbox 492 2253 563 2295; x_wconf 92' lang='lat' dir='ltr'><strong>cum</strong></span> <span class='ocrx_word' id='word_1_112' title='bbox 592 2230 624 2294; x_wconf 89' lang='lat' dir='ltr'><strong>in</strong></span> <span class='ocrx_word' id='word_1_113' title='bbox 647 2230 752 2296; x_wconf 88' lang='lat' dir='ltr'><strong>Fastis</strong></span> <span class='ocrx_word' id='word_1_114' title='bbox 780 2228 962 2309; x_wconf 84' lang='lat' dir='ltr'><strong>Symmachi</strong></span> <span class='ocrx_word' id='word_1_115' title='bbox 984 2228 1085 2310; x_wconf 87' lang='lat' dir='ltr'><strong>patris</strong></span> <span class='ocrx_word' id='word_1_116' title='bbox 1114 2231 1166 2306; x_wconf 87' lang='lat' dir='ltr'><strong>(de</strong></span> <span class='ocrx_word' id='word_1_117' title='bbox 1193 2251 1259 2314; x_wconf 89' lang='lat' dir='ltr'><strong>quo</strong></span> <span class='ocrx_word' id='word_1_118' title='bbox 1290 2250 1323 2300; x_wconf 79' lang='lat' dir='ltr'><strong>v.</strong></span> 
     </span>
     <span class='ocr_line' id='line_1_17' title="bbox 275 2330 1324 2416; baseline 0.001 -18"><span class='ocrx_word' id='word_1_119' title='bbox 275 2333 393 2399; x_wconf 87' lang='lat' dir='ltr'><strong>Orellii</strong></span> <span class='ocrx_word' id='word_1_120' title='bbox 423 2334 586 2416; x_wconf 82' lang='lat' dir='ltr'><strong>iuscriptt.</strong></span> <span class='ocrx_word' id='word_1_121' title='bbox 616 2354 646 2397; x_wconf 90' lang='lat' dir='ltr'><strong>u.</strong></span> <span class='ocrx_word' id='word_1_122' title='bbox 678 2334 788 2410; x_wconf 80' lang='grc'><strong>1186.)</strong></span> <span class='ocrx_word' id='word_1_123' title='bbox 827 2331 907 2396; x_wconf 82' lang='lat' dir='ltr'><strong>desit</strong></span> <span class='ocrx_word' id='word_1_124' title='bbox 939 2352 1066 2395; x_wconf 89' lang='lat' dir='ltr'><strong>nomen.</strong></span> <span class='ocrx_word' id='word_1_125' title='bbox 1126 2330 1238 2396; x_wconf 87' lang='lat' dir='ltr'><strong>Edidit</strong></span> <span class='ocrx_word' id='word_1_126' title='bbox 1268 2332 1324 2399; x_wconf 87' lang='lat' dir='ltr'><strong>M.</strong></span> 
     </span>
     <span class='ocr_line' id='line_1_18' title="bbox 272 2439 373 2500; baseline 0 0"><span class='ocrx_word' id='word_1_127' title='bbox 272 2449 305 2500; x_wconf 89' lang='lat' dir='ltr'><strong>et</strong></span> <span class='ocrx_word' id='word_1_128' title='bbox 330 2439 373 2500; x_wconf 87' lang='lat' dir='ltr'><strong>N.</strong></span> 
     </span>
    </p>
   </div>
   <div class='ocr_carea' id='block_1_6' title="bbox 589 2573 998 2646">
    <p class='ocr_par' dir='ltr' id='par_1_6' title="bbox 589 2573 998 2646">
     <span class='ocr_line' id='line_1_19' title="bbox 589 2573 998 2646; baseline -0.002 -15"><span class='ocrx_word' id='word_1_129' title='bbox 589 2576 617 2631; x_wconf 85' lang='grc'><strong>6.</strong></span> <span class='ocrx_word' id='word_1_130' title='bbox 657 2573 757 2630; x_wconf 83' lang='lat' dir='ltr'><strong>Oratio</strong></span> <span class='ocrx_word' id='word_1_131' title='bbox 777 2589 830 2645; x_wconf 82' lang='lat' dir='ltr'><strong>pra</strong></span> <span class='ocrx_word' id='word_1_132' title='bbox 851 2573 998 2646; x_wconf 76' lang='lat' dir='ltr'><strong>Trygetio.</strong></span> 
     </span>
    </p>
   </div>
   <div class='ocr_carea' id='block_1_7' title="bbox 270 2712 1327 4416">
    <p class='ocr_par' dir='ltr' id='par_1_7' title="bbox 270 2712 1327 3288">
     <span class='ocr_line' id='line_1_20' title="bbox 336 2712 1327 2793; baseline -0.003 -14"><span class='ocrx_word' id='word_1_133' title='bbox 336 2713 432 2780; x_wconf 92' lang='lat' dir='ltr'><strong>Dicta</strong></span> <span class='ocrx_word' id='word_1_134' title='bbox 455 2726 517 2789; x_wconf 85' lang='lat' dir='ltr'><strong>est,</strong></span> <span class='ocrx_word' id='word_1_135' title='bbox 543 2728 575 2777; x_wconf 93' lang='lat' dir='ltr'><strong>ut</strong></span> <span class='ocrx_word' id='word_1_136' title='bbox 597 2713 705 2776; x_wconf 86' lang='lat' dir='ltr'><strong>Maius</strong></span> <span class='ocrx_word' id='word_1_137' title='bbox 727 2712 904 2788; x_wconf 84' lang='lat' dir='ltr'><strong>existimat,</strong></span> <span class='ocrx_word' id='word_1_138' title='bbox 941 2716 999 2776; x_wconf 89' lang='lat' dir='ltr'><strong>sub</strong></span> <span class='ocrx_word' id='word_1_139' title='bbox 1021 2712 1191 2780; x_wconf 89' lang='lat' dir='ltr'><strong>Gratiano.</strong></span> <span class='ocrx_word' id='word_1_140' title='bbox 1238 2715 1327 2793; x_wconf 89' lang='lat' dir='ltr'><strong>Try·</strong></span> 
     </span>
     <span class='ocr_line' id='line_1_21' title="bbox 273 2813 1323 2902; baseline -0.001 -22"><span class='ocrx_word' id='word_1_141' title='bbox 273 2817 376 2902; x_wconf 84' lang='lat' dir='ltr'><strong>getius</strong></span> <span class='ocrx_word' id='word_1_142' title='bbox 407 2816 507 2891; x_wconf 90' lang='lat' dir='ltr'><strong>idem,</strong></span> <span class='ocrx_word' id='word_1_143' title='bbox 545 2819 585 2878; x_wconf 91' lang='lat' dir='ltr'><strong>ad</strong></span> <span class='ocrx_word' id='word_1_144' title='bbox 614 2838 706 2900; x_wconf 86' lang='lat' dir='ltr'><strong>quern</strong></span> <span class='ocrx_word' id='word_1_145' title='bbox 736 2818 806 2877; x_wconf 86' lang='lat' dir='ltr'><strong>data</strong></span> <span class='ocrx_word' id='word_1_146' title='bbox 841 2827 887 2878; x_wconf 87' lang='lat' dir='ltr'><strong>est</strong></span> <span class='ocrx_word' id='word_1_147' title='bbox 917 2817 969 2878; x_wconf 87' lang='lat' dir='ltr'><strong>lex</strong></span> <span class='ocrx_word' id='word_1_148' title='bbox 1004 2819 1022 2878; x_wconf 81' lang='grc'><strong>1</strong></span> <span class='ocrx_word' id='word_1_149' title='bbox 1052 2815 1120 2879; x_wconf 86' lang='lat' dir='ltr'><strong>Tit.</strong></span> <span class='ocrx_word' id='word_1_150' title='bbox 1150 2817 1201 2878; x_wconf 77' lang='lat'><strong>20.</strong></span> <span class='ocrx_word' id='word_1_151' title='bbox 1237 2813 1323 2879; x_wconf 92' lang='lat' dir='ltr'><strong>Cod.</strong></span> 
     </span>
     <span class='ocr_line' id='line_1_22' title="bbox 274 2917 1326 3000; baseline 0.001 -20"><span class='ocrx_word' id='word_1_152' title='bbox 274 2921 397 2982; x_wconf 85' lang='lat' dir='ltr'><strong>Theod.</strong></span> <span class='ocrx_word' id='word_1_153' title='bbox 434 2917 586 2982; x_wconf 89' lang='lat' dir='ltr'><strong>Honorio</strong></span> <span class='ocrx_word' id='word_1_154' title='bbox 615 2930 645 2980; x_wconf 87' lang='lat' dir='ltr'><strong>ot</strong></span> <span class='ocrx_word' id='word_1_155' title='bbox 676 2917 867 2981; x_wconf 88' lang='lat' dir='ltr'><strong>Theodosio</strong></span> <span class='ocrx_word' id='word_1_156' title='bbox 898 2918 1004 3000; x_wconf 88' lang='lat' dir='ltr'><strong>Impp.</strong></span> <span class='ocrx_word' id='word_1_157' title='bbox 1029 2919 1152 2983; x_wconf 85' lang='lat' dir='ltr'><strong>Orator</strong></span> <span class='ocrx_word' id='word_1_158' title='bbox 1181 2940 1242 3000; x_wconf 88' lang='lat' dir='ltr'><strong>pro</strong></span> <span class='ocrx_word' id='word_1_159' title='bbox 1271 2939 1326 2980; x_wconf 85' lang='lat' dir='ltr'><strong>re-</strong></span> 
     </span>
     <span class='ocr_line' id='line_1_23' title="bbox 273 3019 1325 3104; baseline 0 -22"><span class='ocrx_word' id='word_1_160' title='bbox 273 3021 440 3085; x_wconf 79' lang='lat' dir='ltr'><strong>stitutione</strong></span> <span class='ocrx_word' id='word_1_161' title='bbox 464 3020 615 3104; x_wconf 84' lang='lat' dir='ltr'><strong>Trygetii</strong></span> <span class='ocrx_word' id='word_1_162' title='bbox 639 3020 759 3103; x_wconf 85' lang='lat' dir='ltr'><strong>gratias</strong></span> <span class='ocrx_word' id='word_1_163' title='bbox 782 3020 868 3104; x_wconf 79' lang='lat' dir='ltr'><strong>agit,</strong></span> <span class='ocrx_word' id='word_1_164' title='bbox 898 3033 962 3083; x_wconf 86' lang='lat' dir='ltr'><strong>tum</strong></span> <span class='ocrx_word' id='word_1_165' title='bbox 986 3025 1027 3084; x_wconf 90' lang='lat' dir='ltr'><strong>ad</strong></span> <span class='ocrx_word' id='word_1_166' title='bbox 1048 3020 1147 3083; x_wconf 82' lang='lat' dir='ltr'><strong>filium</strong></span> <span class='ocrx_word' id='word_1_167' title='bbox 1172 3019 1325 3104; x_wconf 80' lang='lat' dir='ltr'><strong>Trygetii</strong></span> 
     </span>
     <span class='ocr_line' id='line_1_24' title="bbox 270 3122 1324 3208; baseline -0.002 -20"><span class='ocrx_word' id='word_1_168' title='bbox 270 3122 402 3198; x_wconf 87' lang='lat' dir='ltr'><strong>transit,</strong></span> <span class='ocrx_word' id='word_1_169' title='bbox 424 3145 517 3207; x_wconf 80' lang='lat' dir='ltr'><strong>quem</strong></span> <span class='ocrx_word' id='word_1_170' title='bbox 542 3124 758 3200; x_wconf 84' lang='lat' dir='ltr'><strong>commendat,</strong></span> <span class='ocrx_word' id='word_1_171' title='bbox 782 3135 816 3186; x_wconf 88' lang='lat' dir='ltr'><strong>ut</strong></span> <span class='ocrx_word' id='word_1_172' title='bbox 837 3136 1019 3205; x_wconf 86' lang='lat' dir='ltr'><strong>praeturam</strong></span> <span class='ocrx_word' id='word_1_173' title='bbox 1041 3134 1324 3208; x_wconf 88' lang='lat' dir='ltr'><strong>consequatur.-</strong></span> 
     </span>
     <span class='ocr_line' id='line_1_25' title="bbox 273 3224 581 3288; baseline 0 0"><span class='ocrx_word' id='word_1_174' title='bbox 273 3224 384 3288; x_wconf 87' lang='lat' dir='ltr'><strong>Edidit</strong></span> <span class='ocrx_word' id='word_1_175' title='bbox 407 3227 459 3286; x_wconf 91' lang='lat' dir='ltr'><strong>M.</strong></span> <span class='ocrx_word' id='word_1_176' title='bbox 484 3236 516 3286; x_wconf 87' lang='lat' dir='ltr'><strong>et</strong></span> <span class='ocrx_word' id='word_1_177' title='bbox 538 3227 581 3288; x_wconf 88' lang='lat' dir='ltr'><strong>N.</strong></span> 
     </span>
    </p>

    <p class='ocr_par' dir='ltr' id='par_1_8' title="bbox 271 3326 1325 4027">
     <span class='ocr_line' id='line_1_26' title="bbox 337 3326 1321 3407; baseline 0.006 -23"><span class='ocrx_word' id='word_1_178' title='bbox 337 3326 544 3402; x_wconf 85' lang='lat' dir='ltr'><strong>Symmachus</strong></span> <span class='ocrx_word' id='word_1_179' title='bbox 579 3326 686 3406; x_wconf 89' lang='lat' dir='ltr'><strong>Epist.</strong></span> <span class='ocrx_word' id='word_1_180' title='bbox 720 3327 743 3388; x_wconf 92' lang='lat' dir='ltr'><strong>l.</strong></span> <span class='ocrx_word' id='word_1_181' title='bbox 770 3331 799 3388; x_wconf 90' lang='grc'><strong>1.</strong></span> <span class='ocrx_word' id='word_1_182' title='bbox 824 3347 877 3407; x_wconf 88' lang='lat' dir='ltr'><strong>ep.</strong></span> <span class='ocrx_word' id='word_1_183' title='bbox 912 3329 964 3390; x_wconf 83' lang='lat' dir='ltr'><strong>tt.</strong></span> <span class='ocrx_word' id='word_1_184' title='bbox 1009 3329 1111 3392; x_wconf 82' lang='lat' dir='ltr'><strong>Brevi</strong></span> <span class='ocrx_word' id='word_1_185' title='bbox 1139 3328 1321 3400; x_wconf 79' lang='lat' dir='ltr'><strong>intervallo</strong></span> 
     </span>
     <span class='ocr_line' id='line_1_27' title="bbox 272 3424 1324 3515; baseline 0.001 -27"><span class='ocrx_word' id='word_1_186' title='bbox 272 3448 351 3490; x_wconf 86' lang='lat' dir='ltr'><strong>cnm</strong></span> <span class='ocrx_word' id='word_1_187' title='bbox 376 3424 574 3515; x_wconf 75' lang='lat' dir='ltr'><strong>familiaris</strong></span> <span class='ocrx_word' id='word_1_188' title='bbox 608 3429 674 3490; x_wconf 88' lang='lat' dir='ltr'><strong>mei</strong></span> <span class='ocrx_word' id='word_1_189' title='bbox 703 3429 872 3514; x_wconf 79' lang='lat' dir='ltr'><strong>Trygetii</strong></span> <span class='ocrx_word' id='word_1_190' title='bbox 892 3428 980 3504; x_wconf 84' lang='lat' dir='ltr'><strong>filio</strong></span> <span class='ocrx_word' id='word_1_191' title='bbox 999 3429 1180 3512; x_wconf 79' lang='lat' dir='ltr'><strong>praetorio</strong></span> <span class='ocrx_word' id='word_1_192' title='bbox 1205 3428 1324 3502; x_wconf 82' lang='lat' dir='ltr'><strong>condi-</strong></span> 
     </span>
     <span class='ocr_line' id='line_1_28' title="bbox 272 3530 1323 3614; baseline 0.004 -24"><span class='ocrx_word' id='word_1_193' title='bbox 272 3530 525 3610; x_wconf 67' lang='lat' dir='ltr'><strong>durocortoro</strong></span> <span class='ocrx_word' id='word_1_194' title='bbox 550 3551 692 3612; x_wconf 83' lang='lat' dir='ltr'><strong>operam</strong></span> <span class='ocrx_word' id='word_1_195' title='bbox 715 3531 994 3614; x_wconf 77' lang='lat' dir='ltr'><strong>spopondissem,</strong></span> <span class='ocrx_word' id='word_1_196' title='bbox 1019 3533 1175 3596; x_wconf 87' lang='lat' dir='ltr'><strong>animum</strong></span> <span class='ocrx_word' id='word_1_197' title='bbox 1197 3531 1323 3613; x_wconf 81' lang='lat' dir='ltr'><strong>religio</strong></span> 
     </span>
     <span class='ocr_line' id='line_1_29' title="bbox 271 3633 1323 3710; baseline 0.001 -17"><span class='ocrx_word' id='word_1_198' title='bbox 271 3633 443 3707; x_wconf 84' lang='lat' dir='ltr'><strong>conuenit,</strong></span> <span class='ocrx_word' id='word_1_199' title='bbox 468 3645 506 3694; x_wconf 82' lang='lat' dir='ltr'><strong>ut</strong></span> <span class='ocrx_word' id='word_1_200' title='bbox 525 3634 704 3697; x_wconf 82' lang='lat' dir='ltr'><strong>occasione</strong></span> <span class='ocrx_word' id='word_1_201' title='bbox 724 3634 888 3696; x_wconf 83' lang='lat' dir='ltr'><strong>destinati</strong></span> <span class='ocrx_word' id='word_1_202' title='bbox 908 3657 928 3698; x_wconf 91' lang='lat' dir='ltr'><strong>o</strong></span> <span class='ocrx_word' id='word_1_203' title='bbox 945 3635 1029 3710; x_wconf 80' lang='lat' dir='ltr'><strong>ficii</strong></span> <span class='ocrx_word' id='word_1_204' title='bbox 1048 3635 1177 3697; x_wconf 87' lang='lat' dir='ltr'><strong>obirem</strong></span> <span class='ocrx_word' id='word_1_205' title='bbox 1198 3655 1323 3695; x_wconf 83' lang='lat' dir='ltr'><strong>munus</strong></span> 
     </span>
     <span class='ocr_line' id='line_1_30' title="bbox 272 3735 1323 3816; baseline 0 -20"><span class='ocrx_word' id='word_1_206' title='bbox 272 3735 384 3796; x_wconf 82' lang='lat' dir='ltr'><strong>adhuc</strong></span> <span class='ocrx_word' id='word_1_207' title='bbox 404 3756 428 3796; x_wconf 89' lang='lat' dir='ltr'><strong>a</strong></span> <span class='ocrx_word' id='word_1_208' title='bbox 451 3757 503 3797; x_wconf 86' lang='lat' dir='ltr'><strong>me</strong></span> <span class='ocrx_word' id='word_1_209' title='bbox 523 3736 619 3816; x_wconf 85' lang='lat' dir='ltr'><strong>patri</strong></span> <span class='ocrx_word' id='word_1_210' title='bbox 641 3737 812 3810; x_wconf 83' lang='lat' dir='ltr'><strong>debitum,</strong></span> <span class='ocrx_word' id='word_1_211' title='bbox 841 3737 919 3810; x_wconf 88' lang='lat' dir='ltr'><strong>sed,</strong></span> <span class='ocrx_word' id='word_1_212' title='bbox 945 3749 982 3798; x_wconf 82' lang='lat' dir='ltr'><strong>ut</strong></span> <span class='ocrx_word' id='word_1_213' title='bbox 1005 3737 1096 3808; x_wconf 78' lang='lat' dir='ltr'><strong>dixi,</strong></span> <span class='ocrx_word' id='word_1_214' title='bbox 1124 3736 1168 3797; x_wconf 86' lang='lat' dir='ltr'><strong>ab</strong></span> <span class='ocrx_word' id='word_1_215' title='bbox 1190 3736 1249 3797; x_wconf 85' lang='lat' dir='ltr'><strong>illo</strong></span> <span class='ocrx_word' id='word_1_216' title='bbox 1270 3756 1323 3796; x_wconf 83' lang='lat' dir='ltr'><strong>se·</strong></span> 
     </span>
     <span class='ocr_line' id='line_1_31' title="bbox 271 3837 1325 3922; baseline 0.001 -24"><span class='ocrx_word' id='word_1_217' title='bbox 271 3837 370 3899; x_wconf 82' lang='lat' dir='ltr'><strong>notui</strong></span> <span class='ocrx_word' id='word_1_218' title='bbox 392 3837 464 3898; x_wconf 85' lang='lat' dir='ltr'><strong>iam</strong></span> <span class='ocrx_word' id='word_1_219' title='bbox 485 3840 647 3902; x_wconf 80' lang='lat' dir='ltr'><strong>rotarum.</strong></span> <span class='ocrx_word' id='word_1_220' title='bbox 679 3842 777 3922; x_wconf 80' lang='lat' dir='ltr'><strong>Ergo</strong></span> <span class='ocrx_word' id='word_1_221' title='bbox 803 3839 850 3900; x_wconf 85' lang='lat' dir='ltr'><strong>ad</strong></span> <span class='ocrx_word' id='word_1_222' title='bbox 871 3839 1029 3922; x_wconf 83' lang='lat' dir='ltr'><strong>quintum</strong></span> <span class='ocrx_word' id='word_1_223' title='bbox 1058 3839 1142 3904; x_wconf 85' lang='lat' dir='ltr'><strong>Idus</strong></span> <span class='ocrx_word' id='word_1_224' title='bbox 1165 3837 1325 3903; x_wconf 83' lang='lat' dir='ltr'><strong>Ianuarii</strong></span> 
     </span>
     <span class='ocr_line' id='line_1_32' title="bbox 271 3935 919 4027; baseline 0.003 -27"><span class='ocrx_word' id='word_1_225' title='bbox 271 3939 374 4002; x_wconf 86' lang='lat' dir='ltr'><strong>uerba</strong></span> <span class='ocrx_word' id='word_1_226' title='bbox 383 3935 468 4027; x_wconf 89' lang='lat' dir='ltr'><strong>feci</strong></span> <span class='ocrx_word' id='word_1_227' title='bbox 489 3938 525 4000; x_wconf 89' lang='lat' dir='ltr'><strong>in</strong></span> <span class='ocrx_word' id='word_1_228' title='bbox 546 3940 761 4020; x_wconf 81' lang='lat' dir='ltr'><strong>amplissimo</strong></span> <span class='ocrx_word' id='word_1_229' title='bbox 783 3939 919 4002; x_wconf 84' lang='lat' dir='ltr'><strong>ordine.</strong></span> 
     </span>
    </p>

    <p class='ocr_par' dir='ltr' id='par_1_9' title="bbox 270 4039 1324 4416">
     <span class='ocr_line' id='line_1_33' title="bbox 335 4039 1324 4114; baseline 0.001 -12"><span class='ocrx_word' id='word_1_230' title='bbox 335 4039 414 4103; x_wconf 91' lang='lat' dir='ltr'><strong>ibid.</strong></span> <span class='ocrx_word' id='word_1_231' title='bbox 446 4039 469 4102; x_wconf 91' lang='grc' dir='ltr'><strong>Ι.</strong></span> <span class='ocrx_word' id='word_1_232' title='bbox 499 4045 536 4114; x_wconf 84' lang='grc'><strong>1,</strong></span> <span class='ocrx_word' id='word_1_233' title='bbox 568 4039 622 4104; x_wconf 75' lang='lat'><strong>52.</strong></span> <span class='ocrx_word' id='word_1_234' title='bbox 666 4042 869 4107; x_wconf 86' lang='lat' dir='ltr'><strong>Orationem</strong></span> <span class='ocrx_word' id='word_1_235' title='bbox 898 4063 1008 4106; x_wconf 91' lang='lat' dir='ltr'><strong>meam</strong></span> <span class='ocrx_word' id='word_1_236' title='bbox 1037 4042 1100 4104; x_wconf 88' lang='lat' dir='ltr'><strong>tibi</strong></span> <span class='ocrx_word' id='word_1_237' title='bbox 1126 4063 1202 4106; x_wconf 78' lang='lat' dir='ltr'><strong>erae</strong></span> <span class='ocrx_word' id='word_1_238' title='bbox 1231 4063 1324 4105; x_wconf 85' lang='lat' dir='ltr'><strong>com·</strong></span> 
     </span>
     <span class='ocr_line' id='line_1_34' title="bbox 273 4142 1323 4228; baseline 0.002 -24"><span class='ocrx_word' id='word_1_239' title='bbox 273 4142 457 4223; x_wconf 77' lang='lat' dir='ltr'><strong>placitam,</strong></span> <span class='ocrx_word' id='word_1_240' title='bbox 496 4142 603 4207; x_wconf 83' lang='lat' dir='ltr'><strong>nihilo</strong></span> <span class='ocrx_word' id='word_1_241' title='bbox 632 4144 772 4228; x_wconf 67' lang='lat' dir='ltr'><strong>sequuta</strong></span> <span class='ocrx_word' id='word_1_242' title='bbox 805 4144 960 4226; x_wconf 79' lang='lat' dir='ltr'><strong>gaudeo,</strong></span> <span class='ocrx_word' id='word_1_243' title='bbox 992 4165 1097 4227; x_wconf 78' lang='lat' dir='ltr'><strong>quam</strong></span> <span class='ocrx_word' id='word_1_244' title='bbox 1125 4145 1218 4227; x_wconf 78' lang='lat' dir='ltr'><strong>quod</strong></span> <span class='ocrx_word' id='word_1_245' title='bbox 1246 4165 1323 4206; x_wconf 86' lang='lat' dir='ltr'><strong>eum</strong></span> 
     </span>
     <span class='ocr_line' id='line_1_35' title="bbox 272 4242 1321 4330; baseline 0.007 -27"><span class='ocrx_word' id='word_1_246' title='bbox 272 4242 424 4304; x_wconf 84' lang='lat' dir='ltr'><strong>secunda</strong></span> <span class='ocrx_word' id='word_1_247' title='bbox 453 4244 712 4307; x_wconf 83' lang='lat' dir='ltr'><strong>existimatione</strong></span> <span class='ocrx_word' id='word_1_248' title='bbox 740 4266 826 4327; x_wconf 83' lang='lat' dir='ltr'><strong>para</strong></span> <span class='ocrx_word' id='word_1_249' title='bbox 850 4247 971 4310; x_wconf 83' lang='lat' dir='ltr'><strong>melior</strong></span> <span class='ocrx_word' id='word_1_250' title='bbox 996 4248 1137 4310; x_wconf 86' lang='lat' dir='ltr'><strong>humani</strong></span> <span class='ocrx_word' id='word_1_251' title='bbox 1159 4247 1321 4330; x_wconf 80' lang='lat' dir='ltr'><strong>generis,</strong></span> 
     </span>
     <span class='ocr_line' id='line_1_36' title="bbox 270 4343 595 4416; baseline 0.025 -18"><span class='ocrx_word' id='word_1_252' title='bbox 270 4353 427 4416; x_wconf 84' lang='lat' dir='ltr'><strong>senatus,</strong></span> <span class='ocrx_word' id='word_1_253' title='bbox 451 4343 595 4406; x_wconf 81' lang='lat' dir='ltr'><strong>audiuit.</strong></span> 
     </span>
    </p>
   </div>
   <div class='ocr_carea' id='block_1_8' title="bbox 0 0 1490 4840">
    <p class='ocr_par' dir='ltr' id='par_1_10' title="bbox 0 0 1490 4840">
     <span class='ocr_line' id='line_1_37' title="bbox 0 0 1490 4840; baseline 0 0"><span class='ocrx_word' id='word_1_254' title='bbox 0 0 1490 4840; x_wconf 95' lang='lat' dir='ltr'><strong> </strong></span> 
     </span>
    </p>
   </div>
  </div>
 </body>
</html>
