2976 4844
1152 349 1211 410 446

159 501 336 594 ἄρχοντας.
384 496 498 583 Addere
525 497 607 591 γὰρ,
640 500 720 592 ἔφη,
751 496 771 582 ἢ
802 499 848 588 μὴ
878 503 1003 571 πολλοῦ
1033 499 1071 570 τὸ
1100 499 1212 594 ἄρχειν

159 604 255 688 ἄξιον
277 601 300 688 ἢ
321 601 368 694 μὴ
391 601 534 683 πολλοὺς
558 601 637 681 τοὺς
661 601 773 694 ἄρχειν
798 600 909 686 ἀξίους
933 601 1104 691 ἡγεῖσθαι.

197 745 337 815 πολλάκις
357 743 471 820 ἄρχειν]
502 751 635 796 Maiensins
659 765 752 810 quoque
770 751 836 806 pli
863 755 890 798 de
910 753 939 798 ils
966 753 1086 814 inteiligit,
1107 757 1145 812 qui
1167 758 1210 800 ite·

232 855 287 886 rurn
305 844 417 885 consules
438 838 491 885 fleri
515 841 651 896 cupiebant.

379 1071 426 1128 64.
462 1070 562 1128 Oratio
586 1072 622 1128 dc
646 1073 724 1129 helio
747 1071 988 1142 Carthaginiensi.

225 1223 274 1284 Ea
299 1221 384 1285 dicta
407 1233 562 1286 est‘anno
583 1221 646 1283 604
668 1222 771 1301 (160).
817 1221 870 1284 Ex
894 1222 995 1286 Livio
1019 1223 1209 1305 accepimns,

162 1324 320 1390 Catonern
347 1338 487 1410 quatuor
516 1322 681 1390 orationes
711 1326 750 1388 de
779 1323 865 1390 bello
894 1324 1153 1408 Carthaginiensi
1178 1327 1210 1392 in

161 1440 270 1492 senatu
301 1426 474 1503 habuisse,
507 1447 642 1513 quarunt
677 1447 768 1489 unam
797 1438 940 1505 tanturn,
970 1449 999 1490 a.
1030 1430 1091 1492 604
1120 1431 1210 1508 (160)

161 1532 298 1609 dictam,
324 1530 439 1594 editam
465 1553 534 1594 esse
559 1529 698 1612 opinare
737 1542 801 1593 turn
829 1530 912 1594 enim
932 1530 1053 1596 senatui
1079 1553 1210 1613 persua·

163 1634 223 1710 sit,
248 1648 282 1698 ut
306 1631 626 1717 Carthaginiensibus
655 1633 773 1696 bellurn
802 1633 1008 1698 indiceretur.
1046 1655 1116 1697 narn
1143 1633 1210 1700 eins

162 1738 362 1821 potissimum
382 1736 520 1802 consilio
542 1735 663 1799 illatum
685 1737 801 1799 bellurn
824 1736 952 1800 tertium
968 1736 1124 1800 Punicum
1145 1750 1210 1802 na-

163 1841 261 1904 ditur.
308 1844 348 1904 P.
377 1839 488 1921 Scipio
513 1837 643 1914 Nasica,
667 1838 776 1903 neseio
799 1861 837 1902 an
859 1839 1051 1921 prudentior
1073 1839 1209 1918 Catone,

163 1943 322 2007 dissuasit.
375 1941 477 2007 Conl.
509 1941 687 2008 Maiensius
710 1966 744 2025 p.
770 1944 824 2006 45.
867 1937 1006 2006 Fischer
1035 1941 1210 2008 Zeittaieln

161 2067 192 2110 a.
217 2069 249 2109 u.
273 2048 349 2110 604.

225 2148 343 2212 Livius
375 2143 465 2232 Epir.
498 2149 556 2213 lib.
585 2150 638 2211 48.
682 2147 823 2212 Semina
854 2148 950 2212 tertii
983 2147 1061 2212 belli
1090 2149 1210 2214 Punici

163 2249 383 2340 referuntur.
429 2256 514 2316 Cum
548 2251 584 2314 in
611 2250 751 2327 finibus
785 2239 1128 2334 Carthaginiensium
1157 2253 1210 2316 in·

161 2375 248 2436 gens
278 2353 516 2419 Numidarum
547 2354 725 2417 exercitus
757 2353 842 2416 duce
871 2353 1116 2418 Ariobarzane
1145 2359 1212 2441 Sy-

160 2456 282 2539 pharis
304 2470 426 2539 nepote
449 2457 622 2520 diceretur
647 2477 739 2529 esse,
774 2458 829 2520 M.
851 2455 997 2521 Porcius
1021 2458 1107 2521 Cato
1128 2470 1209 2518 sua-

162 2560 220 2634 sit,
249 2573 287 2622 ut
310 2559 670 2644 Carthaginiensibus,
697 2579 775 2621 cum
801 2557 1077 2622 Ariobarzanem
1098 2559 1210 2640 specie
1250 2595 1252 2599 ,

162 2676 285 2728 contra
312 2663 543 2736 Masinissam
568 2683 709 2744 regem,
740 2660 802 2724 sed
826 2684 864 2723 re
889 2680 971 2723 uera
993 2671 1116 2726 contra
1140 2663 1210 2726 Ro·

163 2787 286 2830 manos
307 2767 456 2830 accitum
479 2767 515 2830 in
536 2765 674 2843 finibus
695 2763 870 2838 haberent,
896 2764 1020 2826 bellum
1044 2764 1210 2827 indicere·

162 2882 222 2932 tur
246 2871 299 2950 (a.
320 2893 352 2932 n.
376 2869 470 2948 604).
524 2867 789 2934 contradicente
823 2871 861 2932 P.
890 2867 1050 2930 Cornelio
1077 2868 1212 2932 Nasica

161 2973 294 3054 placuit
317 2976 453 3054 legatos
475 2972 567 3035 mitti
588 2970 847 3052 Carthaginem,
870 2969 930 3052 qui
950 2972 1211 3052 specularentur

163 3074 246 3159 quid
267 3087 445 3156 ageretur.
470 3109 510 3120 -·
535 3111 574 3122 -
597 3075 751 3138 Gulussa
780 3073 996 3136 Masinissae
1017 3072 1125 3149 filius
1154 3073 1211 3135 de-

164 3177 334 3240 nuntiauit
360 3169 572 3261 Carthagine
604 3173 753 3240 delectus
784 3176 867 3258 agi,
901 3178 1047 3256 classem
1072 3197 1209 3257 compa·

94 3322 99 3331 -
163 3280 251 3354 rari,
280 3291 313 3342 et
336 3280 431 3343 haud
455 3280 598 3343 dubium
620 3277 743 3342 bellum
765 3277 869 3343 strui.
915 3281 1001 3344 Cum
1020 3283 1108 3343 Cato
1130 3299 1210 3342 sua·

163 3383 280 3458 deret,
313 3395 352 3444 ut
377 3381 420 3445 iis
450 3383 575 3445 bellum
606 3381 838 3456 indiceretur,
874 3384 913 3445 P.
941 3384 1047 3445 Corn.
1078 3381 1212 3446 Nasica

162 3484 295 3547 dicente
319 3484 406 3546 nihil
431 3497 559 3548 temere
571 3483 804 3575 faciundum,
830 3485 961 3566 placuit
981 3485 1096 3546 decem
1121 3484 1212 3550 mitti

162 3590 296 3669 legatos
326 3591 549 3670 exploratum
580 3589 629 3667 (a.
655 3587 750 3664 tut).
781 3621 820 3632 -
848 3619 883 3626 -
916 3591 1003 3652 Cum
1028 3588 1137 3670 legati
1164 3610 1211 3650 ex

162 3687 294 3777 Africa
315 3711 394 3752 cum
420 3690 621 3754 oratoribus
648 3689 989 3772 Carthaginiensium
1011 3702 1044 3752 et
1059 3691 1211 3760 Gulussa

163 3791 377 3855 Masinissae
395 3792 482 3869 filio
508 3793 690 3868 redissent,
721 3792 937 3874 dicerentque
961 3803 994 3854 et
1016 3791 1211 3854 exercitum

161 3913 198 3956 se
224 3905 258 3954 et
289 3897 435 3958 classem
464 3896 675 3978 Carthagine
702 3895 990 3977 deprehendisse,
1022 3893 1211 3976 perrogari

161 3997 354 4060 sententias
374 3997 520 4080 placuit.
565 4001 696 4062 Catone
716 4009 750 4060 et
772 3997 851 4059 aliis
871 3996 1087 4079 principibus
1111 4014 1210 4055 sena·

159 4098 213 4161 tui
238 4099 476 4176 suadentibus,
504 4111 543 4162 ut
567 4099 604 4162 in
628 4096 798 4188 Africam
819 4095 1008 4187 confestim
1030 4107 1211 4174 transpor-

160 4213 298 4266 taretur
322 4203 509 4276 exercitus,
534 4202 627 4285 quod
650 4205 690 4266 Ρ.
708 4201 890 4265 Cornelius
911 4196 1045 4276 Nasica
1064 4195 1208 4270 dicebat,

160 4306 317 4370 nondum
346 4305 563 4370 sibilantem
590 4323 733 4367 causam
759 4301 836 4364 belli
857 4296 977 4370 uideri,
1000 4297 1145 4380 placarit,
1175 4311 1211 4362 ut
