2984 4842
1184 359 1241 422 441

232 516 304 580 Quod
315 516 358 579 (J.]
386 517 444 564 666
458 519 515 562 haec
531 518 603 564 verbs
624 521 658 566 stc
676 524 741 575 putet
760 520 911 579 corrigenda,
933 523 957 564 ut
976 533 1004 564 es
1020 519 1140 566 Analectis
1157 521 1243 568 Orettii

268 621 292 661 p.
314 602 363 650 329
386 608 468 654 video:
489 602 548 650 Cum
568 605 597 668 Q.
619 605 771 652 Hortensius
796 607 925 654 dixisset:
944 614 1019 652 extra
1037 608 1150 653 ordinem
1169 624 1245 667 queae-

268 700 382 738 rerelur:
409 693 478 751 apud
504 671 662 753 quaestorem
687 696 822 739 aestimare
838 691 974 754 futurum,
998 702 1024 740 ut
1043 720 1073 730 -
1094 696 1242 743 devorares:

267 782 392 827 aduersus
411 779 535 827 hominem
554 783 715 842 ingeniosum
734 797 780 827 non
796 783 898 842 ingenio
917 784 957 827 usi
976 796 1079 839 sumus;
1099 785 1242 829 invenimus

269 868 438 929 Fufiuen.qui
455 869 566 916 diceret:
585 869 677 914 Diuidc
696 877 742 916 etc.
764 871 835 915 Couf.
851 870 949 915 Leclerc
963 871 1014 916 Des
1032 873 1152 916 louruaux
1167 874 1243 928 partui

270 961 304 1002 les
323 959 471 1013 Iloruainsp
500 953 559 1005 237.

474 1114 578 1170 XCIII.
622 1112 651 1170 C.
673 1111 821 1170 Sallustius
843 1113 962 1186 Crispus.

262 1229 364 1290 Natus
381 1238 428 1290 est
445 1249 473 1290 a.
492 1227 552 1289 668
571 1227 651 1306 (86).
677 1225 896 1306 Hieronymus
918 1226 949 1290 in
966 1227 1101 1292 Eusebii
1117 1227 1243 1295 Chron.

201 1330 333 1412 Olymp.
361 1331 431 1394 173.
460 1330 492 1390 3.
520 1353 562 1387 .-·
585 1351 614 1392 6.
643 1348 673 1393 6.
704 1329 764 1390 668
787 1328 871 1413 (86)·
896 1331 1081 1394 Sallustius
1104 1333 1245 1416 Crispas
1337 1387 1338 1392 ,

198 1432 349 1514 scriptor
382 1432 568 1496 historicus
610 1433 645 1492 in
690 1431 826 1495 Sabinis
866 1433 1039 1496 Amiterni
1072 1435 1240 1499 nascitur.

200 1532 362 1596 Tribunus
394 1534 440 1614 pl.
477 1556 506 1597 a.
536 1533 596 1594 702
627 1531 694 1616 (52)
729 1531 792 1596 Cn.
828 1534 986 1615 Pompeio
1021 1537 1146 1620 Magno
1174 1539 1238 1603 111.

200 1635 340 1698 consule.
383 1636 546 1716 Expulsus
580 1657 596 1698 e
637 1649 744 1698 senatu
782 1635 892 1718 Appio
928 1637 1065 1701 Claudio
1098 1626 1243 1703 Pulchro

199 1757 334 1810 censore
360 1759 389 1799 6.
419 1739 479 1800 704
502 1739 583 1818 (60).
619 1737 684 1802 Dio
713 1737 805 1803 Cass.
831 1737 855 1800 l.
881 1741 937 1808 40,
969 1740 1022 1802 63.
1049 1743 1078 1802 Α
1103 1740 1243 1804 Caesare

197 1838 376 1913 restitutus,
405 1851 585 1920 praeturam
617 1841 739 1904 obtinet
771 1863 798 1904 a.
829 1841 888 1902 708
914 1842 996 1920 (46).
1034 1844 1114 1904 Post
1136 1865 1243 1906 necem

199 1939 347 2005 Caesaris
364 1964 394 2006 a.
419 1945 480 2004 710
499 1944 567 2021 (44)
593 1965 608 2004 6
633 1943 797 2024 republica
824 1943 955 2005 recessit
978 1955 1071 2028 atque
1093 1943 1245 2008 historiae

199 2065 327 2125 operam
356 2044 454 2107 dedit.
490 2045 654 2107 Drumaun
680 2057 704 2107 t.
739 2046 768 2110 5.
796 2066 828 2125 p.
857 2046 929 2106 443.
966 2048 1120 2109 Mortuus
1145 2058 1192 2109 est
1214 2070 1242 2110 a.

199 2147 260 2208 720
279 2147 361 2226 (34).
392 2146 611 2227 Hieronymus
639 2146 670 2208 in
697 2148 819 2209 Euseb.
849 2146 974 2209 Chron.
1007 2149 1138 2230 Olymp.
1170 2151 1242 2212 186.

198 2250 230 2311 2.
247 2274 288 2307 =
304 2271 333 2341 a.
351 2273 383 2312 6.
409 2251 470 2311 720
493 2252 573 2329 (34).
600 2250 771 2314 Salustius
797 2249 887 2310 diem
909 2251 992 2311 obiit
1015 2251 1243 2333 qrsadriennio

197 2364 276 2414 ante
305 2352 484 2415 Actiacum
515 2354 649 2414 bellurn.
689 2350 789 2414 Coos.
824 2350 952 2413 Clintou
977 2354 1015 2412 ad
1039 2354 1069 2412 h.
1095 2374 1123 2413 a.
1151 2353 1241 2416 Salu-

199 2453 291 2515 stium
308 2475 369 2516 uon
391 2455 464 2517 ideo
491 2457 552 2516 hue
578 2453 780 2527 vocavimus,
809 2455 896 2537 quod
920 2453 1064 2517 historiis
1080 2454 1146 2516 suis
1162 2478 1243 2518 ora·

198 2557 308 2619 tiones
324 2556 522 2639 dignissimas
538 2556 681 2632 inseruit,
705 2558 773 2636 (666
797 2554 889 2630 euim,
907 2566 940 2616 ut
957 2553 1088 2619 Cassius
1105 2558 1244 2622 Severus

198 2663 280 2741 apud
316 2661 465 2723 Senecam
504 2663 667 2723 rhetorem
700 2659 808 2725 Praef.
842 2659 925 2726 Exc.
956 2657 1119 2721 Controv.
1155 2659 1179 2722 l.
1210 2662 1242 2724 3.

198 2784 231 2844 p.
257 2763 316 2824 1125
341 2762 503 2825 verissime
525 2762 654 2838 iudicat,
683 2764 717 2824 in
741 2768 904 2828 honorem
927 2776 1060 2826 tantiam
1080 2766 1242 2828 historia·

198 2886 276 2926 ram
291 2868 466 2948 leguntur,
485 2887 549 2928 non
566 2887 629 2947 pro
659 2866 743 2929 veris
768 2865 968 2930 orationibus
988 2866 1098 2929 haberi
1117 2869 1245 2943 debent)

200 2969 253 3027 sed
276 2971 362 3048 quod
386 2967 490 3031 oratio
520 2971 670 3052 quaedam
703 2968 734 3032 in
760 2969 949 3033 Ciceronem
977 2968 1005 3032 ei
1029 2967 1125 3031 tribui
1149 2971 1243 3031 solet.

505 3163 684 3220 Declamatio
703 3165 733 3219 in
755 3163 933 3220 Ciceronem.

263 3272 416 3349 Constat,
456 3275 625 3339 Salustium
657 3288 688 3339 et
723 3274 915 3339 Ciceronem
953 3277 1064 3357 multas
1096 3275 1181 3340 inter
1211 3297 1245 3339 se

198 3378 379 3440 exercuisse
400 3377 581 3444 inimicitias
603 3379 636 3442 in
660 3401 751 3442 causa
775 3378 974 3461 potissimum
995 3378 1186 3456 Miloniana,
1213 3401 1243 3443 a.

198 3501 230 3540 u.
259 3481 319 3542 702
345 3481 413 3560 (52)
451 3494 534 3557 aeta,
567 3482 600 3544 io
629 3504 689 3567 qua
720 3481 907 3554 Salustium,
935 3480 1094 3543 tribunum
1127 3481 1267 3563 plebis,'

199 3582 404 3644 vehementer
424 3586 576 3646 adversus
604 3582 795 3647 Ciceronem
820 3583 1035 3646 eoutIonatum
1061 3603 1128 3644 esse
1155 3605 1244 3647 acce·

198 3679 313 3759 pimus.
333 3681 494 3745 Asconius
519 3684 605 3768 Arg.
632 3684 831 3748 Milonianac
855 3709 889 3768 p.
907 3686 958 3748 38.
1002 3689 1045 3767 Q.
1063 3687 1245 3767 Pompeius

198 3791 233 3841 et
265 3782 303 3843 0.
340 3782 513 3846 Salustius
545 3800 578 3849 et
616 3791 660 3850 Τ.
698 3789 883 3850 Munatius
918 3791 1081 3862 Plancus,
1117 3788 1247 3853 tribuni

198 3881 324 3962 plebis,
354 3882 609 3950 inimicissimas
634 3889 814 3952 conciones
840 3889 881 3952 de
905 3891 1039 3954 Milone
1064 3889 1244 3968 habebant,

199 3981 389 4046 invidiosas
418 3983 521 4044 etiam
553 3989 594 4050 de
620 3990 801 4067 Cicerone,
836 3995 928 4075 qaod
951 3994 1121 4056 Milonem
1148 4003 1245 4056 tanto

199 4085 316 4147 stadio
334 4082 549 4175 dffenderet.
574 4101 715 4171 eraiqtse
739 4093 893 4154 maxima
912 4113 995 4174 pars
1014 4095 1245 4158 multitudinis

199 4184 342 4277 infensa
369 4206 438 4250 non
471 4195 605 4251 tantum
630 4191 790 4270 Miloni,
806 4195 867 4254 sed
896 4193 1000 4254 eliam
1022 4208 1169 4275 propter
1194 4197 1245 4260 in-

199 4289 309 4352 uisum
322 4287 555 4374 patrocinium
580 4292 749 4356 Ciceroni.
777 4295 863 4355 Idem
886 4291 1046 4356 Asconius
1068 4314 1101 4373 p.
1121 4298 1171 4358 49.
1191 4299 1242 4358 51.
