2976 4844
1181 383 1240 446 197

255 543 286 606 3.
312 538 438 604 Nonius
459 561 491 604 v.
514 541 728 622 suspiciosas
753 562 787 623 p.
813 541 873 604 168
897 545 948 606 ed.
974 543 1083 606 Merc.
1128 543 1239 624 Suspi-

191 645 325 720 ciosum,
354 644 410 728 qui
434 643 465 706 in
494 642 677 726 suspicione
704 643 757 708 sit.
803 647 909 710 Cato
931 645 980 708 de
1006 667 1050 707 re
1073 647 1239 710 Floria-

190 769 262 810 na:
295 747 364 811 Sed
391 746 423 809 si
451 747 511 831 qai
540 751 657 829 palam
681 768 826 830 corpore
852 748 1036 830 pecaniam
1058 760 1240 832 quaereret

190 863 252 914 aut
276 873 314 913 se
337 850 454 912 lenoni
482 851 683 924 locavisset,
716 863 750 913 et
776 850 807 914 si
818 848 995 940 famosas
1018 864 1052 914 et
1074 851 1242 935 suspicio·

190 975 251 1017 sus
273 965 381 1027 esset,
407 955 476 1016 aim
499 954 535 1016 in
565 975 694 1037 corpus
718 953 865 1018 liberam
891 974 961 1017 non
986 975 1135 1038 aequam
1162 975 1239 1018 cen·

93 1039 100 1052 ⁸
190 1078 290 1120 suere
310 1054 465 1146 adferri.

225 1217 271 1264 sed
287 1220 313 1263 si
337 1217 390 1279 qui]
428 1221 597 1278 corrigendum
619 1234 647 1265 ex
669 1219 750 1265 Gellio
771 1219 817 1266 sed
836 1221 889 1265 nisi
910 1223 961 1282 pai.

255 1361 286 1422 lt.
310 1358 429 1424 Curius
451 1361 478 1422 F
481 1357 701 1423 ortunatiauus
722 1358 747 1422 l.
770 1360 802 1422 2.
824 1381 859 1441 p.
877 1360 930 1422 81.
956 1361 1008 1422 ed.
1027 1358 1236 1444 Capperonn.

190 1463 338 1530 Conrisa
373 1463 578 1525 narratione
616 1473 698 1524 tane
732 1473 869 1525 tantam
907 1474 1065 1540 utemur,
1102 1464 1241 1548 quando

190 1567 361 1652 quaedam
391 1565 539 1628 aduersa
568 1577 651 1628 sant
675 1566 785 1642 nabis,
815 1566 887 1629 imo
914 1577 948 1628 et
975 1587 1053 1628 cum
1082 1568 1242 1650 singulae

191 1691 248 1733 res
269 1681 388 1752 gestae
408 1667 601 1730 maximam
625 1669 792 1732 invidiam
811 1669 998 1742 continent,
1021 1669 1240 1734 aduersario·

191 1793 270 1836 ram
288 1793 473 1854 possumus
494 1770 732 1835 narrationem
752 1771 948 1843 concidere,
971 1784 1009 1834 at
1026 1773 1239 1854 praepositis

191 1875 340 1958 singulis
369 1875 471 1937 rebus
502 1873 621 1936 statim
653 1874 931 1958 exaggeratione
960 1887 1115 1939 utamur.
1171 1880 1242 1940 Gur

192 1978 266 2040 ita?
300 1987 339 2039 at
365 1976 643 2058 indignationem
665 1977 819 2040 iudicum
843 1998 912 2038 non
937 1981 1060 2051 semel,
1085 1978 1147 2040 sed
1167 2000 1242 2042 sae·

188 2079 272 2163 pias
307 2080 343 2142 in
374 2081 476 2142 rebus
513 2080 663 2164 singulis
696 2080 899 2152 excitemus,
934 2081 1038 2143 sicuti
1055 2079 1155 2172 fecit
1183 2084 1239 2146 M.

192 2185 299 2248 Cato
322 2183 370 2244 de
394 2205 439 2245 re
462 2183 680 2246 Floriana.

255 2287 427 2366 Quomodo
457 2285 629 2366 inscriptio
658 2284 847 2367 explicanda
870 2285 921 2360 sit,
948 2288 1031 2348 haud
1056 2285 1151 2351 facile
1177 2288 1241 2352 dici

194 2397 313 2468 potest,
335 2409 392 2450 nec
418 2390 544 2469 Popma
567 2411 626 2450 nec
649 2387 736 2451 Lion
761 2390 863 2450 verbo
883 2411 950 2450 rem
970 2382 1119 2470 tetigere.
1156 2392 1242 2455 For·

193 2488 337 2572 eellinius
360 2487 454 2564 dicit,
484 2491 621 2554 Florius
648 2503 681 2554 ut
708 2489 848 2553 Floralis
871 2511 887 2551 a
911 2491 1009 2553 Flora
1034 2491 1241 2554 derivandum

193 2613 260 2654 esse
289 2603 321 2654 et
350 2593 391 2654 dc
418 2615 456 2656 re
479 2594 597 2658 Floria
628 2592 847 2674 accipiendum
875 2594 913 2654 de
939 2591 1022 2654 ludis
1045 2593 1239 2658 Floralibus.

192 2696 302 2778 Atque
332 2693 510 2757 Maiausius
540 2695 590 2758 De
615 2694 740 2759 Catone
767 2717 801 2776 p.
829 2695 881 2758 43.
913 2693 1107 2772 arbitratur,
1141 2694 1243 2760 Cato·

192 2819 262 2859 nem
300 2798 382 2858 haue
420 2799 458 2858 de
492 2796 576 2859 ludis
610 2796 797 2860 Floralibus
833 2799 1010 2863 orationem
1046 2819 1076 2862 a.
1113 2821 1145 2862 u.
1179 2799 1240 2862 581

192 2900 284 2978 (173)
310 2897 474 2974 habuisse,
507 2921 577 2960 cum
607 2920 624 2962 a
650 2911 761 2963 senatu
788 2901 1033 2976 decerneretur,
1064 2913 1097 2964 ut
1126 2901 1243 2967 Flora·

195 3001 234 3064 lia
265 3013 368 3066 essent
399 3023 499 3064 annisa
531 3002 666 3082 (Ovidii
690 3005 779 3066 Fast.
804 3003 829 3065 l.
856 3005 893 3080 5,
921 3005 1030 3083 329.),
1060 3027 1098 3067 ac
1128 3003 1243 3068 verisi-

195 3103 267 3166 mile
298 3127 387 3181 esse,
417 3103 575 3168 Catonem
606 3125 662 3168 eos
696 3104 894 3188 improbasse
925 3107 1012 3170 velut
1043 3107 1182 3172 lascivos
1213 3118 1243 3170 et

193 3197 367 3271 obscenos.

256 3311 419 3372 Weberus
445 3321 549 3372 autem
577 3313 615 3373 de
643 3309 707 3372 vita
731 3309 866 3376 Catonis
889 3334 924 3396 p.
948 3313 989 3376 53
1015 3311 1146 3387 scribit,
1178 3310 1243 3376 Ca·

193 3423 299 3475 tonem
323 3411 356 3474 in
384 3435 518 3476 censura
543 3435 573 3476 a.
601 3414 663 3476 570
683 3415 772 3494 (184)
793 3419 832 3478 de
855 3437 890 3478 re
912 3415 1023 3480 Floria
1046 3416 1098 3480 vel
1119 3418 1159 3478 de
1182 3414 1244 3478 las-

194 3513 281 3578 civia
307 3514 456 3578 ludorum
481 3514 659 3578 Floralium
681 3521 858 3580 coercenda
883 3517 1059 3581 orationem
1081 3515 1243 3580 habuisse.

258 3616 328 3678 Alii
356 3638 447 3692 vero,
471 3628 504 3679 ut
526 3617 718 3700 interpretes
744 3619 842 3682 Gellii
865 3620 888 3681 l.
908 3623 937 3695 9,
960 3621 998 3680 12
1023 3632 1053 3683 et
1078 3619 1243 3706 Gierigius

194 3719 233 3779 ad
261 3718 375 3782 Ovidii
403 3721 518 3784 Fastos
542 3720 567 3782 l.
593 3725 624 3799 5,
651 3720 710 3782 331
738 3743 802 3785 non
833 3720 950 3785 Catoni
981 3721 1161 3802 Censorio,
1189 3725 1245 3785 sed

194 3820 341 3884 Uticensi
373 3823 551 3886 orationem
579 3826 616 3886 de
641 3844 676 3886 re
706 3823 818 3888 Floria
842 3825 911 3888 sive
936 3828 974 3890 de
997 3825 1080 3888 ludis
1106 3821 1246 3890 Florali·

195 3924 252 3985 bus
281 3923 486 3987 tribuendam
517 3925 638 3989 dicunt.
684 3924 819 3991 Constat
851 3928 957 4004 enim,
988 3928 1145 3992 Catonem
1173 3923 1245 3990 Uti·

194 4046 318 4088 censem
344 4027 439 4091 ludos
468 4028 634 4104 Florales,
669 4027 784 4112 quibus
814 4032 906 4112 plebs
936 4030 1027 4093 nudis
1059 4026 1159 4090 misnis
1190 4028 1245 4088 de·

194 4127 306 4192 lectari
329 4131 470 4206 solebat,
496 4127 724 4206 contemsisse,
750 4132 847 4218 idque
867 4128 1082 4216 spectaculum
1105 4127 1241 4212 fugisse.

195 4230 348 4296 Valerius
377 4233 474 4296 Max.
505 4231 630 4310 2,1o,
658 4233 691 4297 8.
737 4235 871 4298 Seneca·
888 4230 994 4314 Epist.
1017 4228 1070 4292 97.
1114 4234 1195 4309 Sed,
1219 4229 1246 4294 si

197 4331 280 4400 Cato
319 4333 479 4412 Uticensis
516 4331 740 4418 intelligendus
775 4349 865 4414 eret,
901 4329 1034 4397 Gellius
1053 4341 1087 4406 et
1119 4335 1246 4402 Nonius
