<?xml version="1.0" encoding="UTF-8"?>
<!DOCTYPE html PUBLIC "-//W3C//DTD XHTML 1.0 Transitional//EN"
    "http://www.w3.org/TR/xhtml1/DTD/xhtml1-transitional.dtd">
<html xmlns="http://www.w3.org/1999/xhtml" xml:lang="en" lang="en">
 <head>
  <title>
</title>
<meta http-equiv="Content-Type" content="text/html;charset=utf-8" />
  <meta name='ocr-system' content='tesseract 3.04.00' />
  <meta name='ocr-capabilities' content='ocr_page ocr_carea ocr_par ocr_line ocrx_word'/>
</head>
<body>
  <div class='ocr_page' id='page_1' title='image "./oratorumromanor02meyegoog_0102.png"; bbox 0 0 2976 4844; ppageno 0'>
   <div class='ocr_carea' id='block_1_1' title="bbox 282 355 322 418">
    <p class='ocr_par' dir='ltr' id='par_1_1' title="bbox 282 355 322 418">
     <span class='ocr_line' id='line_1_1' title="bbox 282 355 322 418; baseline 0 0"><span class='ocrx_word' id='word_1_1' title='bbox 282 355 322 418; x_wconf 76' lang='lat'><strong>82</strong></span> 
     </span>
    </p>
   </div>
   <div class='ocr_carea' id='block_1_2' title="bbox 281 511 1330 1210">
    <p class='ocr_par' dir='ltr' id='par_1_2' title="bbox 281 511 1330 1210">
     <span class='ocr_line' id='line_1_2' title="bbox 284 511 1329 598; baseline 0.002 -22"><span class='ocrx_word' id='word_1_2' title='bbox 284 516 372 576; x_wconf 80' lang='lat' dir='ltr'><strong>stadt</strong></span> <span class='ocrx_word' id='word_1_3' title='bbox 399 515 497 576; x_wconf 84' lang='lat' dir='ltr'><strong>Rom.</strong></span> <span class='ocrx_word' id='word_1_4' title='bbox 525 515 566 575; x_wconf 84' lang='lat' dir='ltr'><strong>T.</strong></span> <span class='ocrx_word' id='word_1_5' title='bbox 595 515 624 576; x_wconf 83' lang='lat'><strong>3.</strong></span> <span class='ocrx_word' id='word_1_6' title='bbox 657 513 758 575; x_wconf 86' lang='lat' dir='ltr'><strong>Abtb.</strong></span> <span class='ocrx_word' id='word_1_7' title='bbox 782 513 812 575; x_wconf 81' lang='lat'><strong>2.</strong></span> <span class='ocrx_word' id='word_1_8' title='bbox 843 533 875 592; x_wconf 91' lang='lat' dir='ltr'><strong>p.</strong></span> <span class='ocrx_word' id='word_1_9' title='bbox 899 511 951 574; x_wconf 79' lang='lat'><strong>28.</strong></span> <span class='ocrx_word' id='word_1_10' title='bbox 977 512 1017 574; x_wconf 89' lang='lat'><strong>68</strong></span> <span class='ocrx_word' id='word_1_11' title='bbox 1040 533 1126 597; x_wconf 85' lang='lat' dir='ltr'><strong>sqq.,</strong></span> <span class='ocrx_word' id='word_1_12' title='bbox 1153 513 1207 598; x_wconf 89' lang='lat' dir='ltr'><strong>qni</strong></span> <span class='ocrx_word' id='word_1_13' title='bbox 1234 537 1329 596; x_wconf 86' lang='lat' dir='ltr'><strong>prae·</strong></span> 
     </span>
     <span class='ocr_line' id='line_1_3' title="bbox 282 615 1329 698; baseline 0 -18"><span class='ocrx_word' id='word_1_14' title='bbox 282 631 369 680; x_wconf 85' lang='lat' dir='ltr'><strong>terea</strong></span> <span class='ocrx_word' id='word_1_15' title='bbox 396 619 512 692; x_wconf 86' lang='lat' dir='ltr'><strong>docet,</strong></span> <span class='ocrx_word' id='word_1_16' title='bbox 545 617 692 680; x_wconf 89' lang='lat' dir='ltr'><strong>Plautum</strong></span> <span class='ocrx_word' id='word_1_17' title='bbox 716 616 748 677; x_wconf 94' lang='lat' dir='ltr'><strong>in</strong></span> <span class='ocrx_word' id='word_1_18' title='bbox 774 615 880 677; x_wconf 86' lang='lat' dir='ltr'><strong>fabula</strong></span> <span class='ocrx_word' id='word_1_19' title='bbox 908 617 1042 698; x_wconf 83' lang='lat' dir='ltr'><strong>quadam</strong></span> <span class='ocrx_word' id='word_1_20' title='bbox 1065 616 1157 677; x_wconf 82' lang='lat' dir='ltr'><strong>huius</strong></span> <span class='ocrx_word' id='word_1_21' title='bbox 1179 617 1329 680; x_wconf 88' lang='lat' dir='ltr'><strong>basilicae</strong></span> 
     </span>
     <span class='ocr_line' id='line_1_4' title="bbox 283 715 1327 801; baseline 0 -19"><span class='ocrx_word' id='word_1_22' title='bbox 283 717 473 782; x_wconf 82' lang='lat' dir='ltr'><strong>meminisse.</strong></span> <span class='ocrx_word' id='word_1_23' title='bbox 525 717 852 782; x_wconf 81' lang='lat' dir='ltr'><strong>Pseudo-Asconius</strong></span> <span class='ocrx_word' id='word_1_24' title='bbox 875 717 907 778; x_wconf 94' lang='lat' dir='ltr'><strong>in</strong></span> <span class='ocrx_word' id='word_1_25' title='bbox 934 715 1173 781; x_wconf 89' lang='lat' dir='ltr'><strong>Divinationem</strong></span> <span class='ocrx_word' id='word_1_26' title='bbox 1198 741 1231 801; x_wconf 90' lang='lat' dir='ltr'><strong>p.</strong></span> <span class='ocrx_word' id='word_1_27' title='bbox 1254 723 1327 782; x_wconf 69' lang='lat' dir='ltr'><strong>lit).</strong></span> 
     </span>
     <span class='ocr_line' id='line_1_5' title="bbox 347 819 1330 902; baseline 0 -18"><span class='ocrx_word' id='word_1_28' title='bbox 347 819 531 885; x_wconf 81' lang='lat' dir='ltr'><strong>Priscianus</strong></span> <span class='ocrx_word' id='word_1_29' title='bbox 555 823 598 885; x_wconf 87' lang='grc' dir='ltr'><strong>Τ.</strong></span> <span class='ocrx_word' id='word_1_30' title='bbox 620 822 651 883; x_wconf 93' lang='grc'><strong>1.</strong></span> <span class='ocrx_word' id='word_1_31' title='bbox 674 843 708 902; x_wconf 88' lang='lat' dir='ltr'><strong>p.</strong></span> <span class='ocrx_word' id='word_1_32' title='bbox 729 822 803 883; x_wconf 73' lang='lat' dir='ltr'><strong>lib.</strong></span> <span class='ocrx_word' id='word_1_33' title='bbox 838 822 867 882; x_wconf 79' lang='lat' dir='ltr'><strong>A</strong></span> <span class='ocrx_word' id='word_1_34' title='bbox 892 820 1004 882; x_wconf 86' lang='lat' dir='ltr'><strong>villico</strong></span> <span class='ocrx_word' id='word_1_35' title='bbox 1028 820 1122 883; x_wconf 85' lang='lat' dir='ltr'><strong>etiam</strong></span> <span class='ocrx_word' id='word_1_36' title='bbox 1149 821 1259 885; x_wconf 87' lang='lat' dir='ltr'><strong>villica</strong></span> <span class='ocrx_word' id='word_1_37' title='bbox 1278 823 1330 885; x_wconf 91' lang='lat' dir='ltr'><strong>vel</strong></span> 
     </span>
     <span class='ocr_line' id='line_1_6' title="bbox 282 922 1330 1008; baseline 0.001 -22"><span class='ocrx_word' id='word_1_38' title='bbox 282 923 411 988; x_wconf 87' lang='lat' dir='ltr'><strong>villicor</strong></span> <span class='ocrx_word' id='word_1_39' title='bbox 438 923 586 986; x_wconf 79' lang='lat' dir='ltr'><strong>dicebant</strong></span> <span class='ocrx_word' id='word_1_40' title='bbox 606 922 741 1008; x_wconf 78' lang='lat' dir='ltr'><strong>antiqui.</strong></span> <span class='ocrx_word' id='word_1_41' title='bbox 786 927 872 988; x_wconf 85' lang='lat' dir='ltr'><strong>Cato</strong></span> <span class='ocrx_word' id='word_1_42' title='bbox 896 923 932 983; x_wconf 88' lang='lat' dir='ltr'><strong>in</strong></span> <span class='ocrx_word' id='word_1_43' title='bbox 958 923 1139 995; x_wconf 87' lang='lat' dir='ltr'><strong>aratione,</strong></span> <span class='ocrx_word' id='word_1_44' title='bbox 1164 945 1252 1007; x_wconf 80' lang='lat' dir='ltr'><strong>quae</strong></span> <span class='ocrx_word' id='word_1_45' title='bbox 1278 925 1330 986; x_wconf 87' lang='lat' dir='ltr'><strong>in·</strong></span> 
     </span>
     <span class='ocr_line' id='line_1_7' title="bbox 281 1025 1327 1108; baseline 0 -18"><span class='ocrx_word' id='word_1_46' title='bbox 281 1026 456 1101; x_wconf 77' lang='lat' dir='ltr'><strong>scribitur,</strong></span> <span class='ocrx_word' id='word_1_47' title='bbox 484 1028 542 1090; x_wconf 88' lang='lat' dir='ltr'><strong>Uti</strong></span> <span class='ocrx_word' id='word_1_48' title='bbox 564 1026 706 1090; x_wconf 84' lang='lat' dir='ltr'><strong>basilica</strong></span> <span class='ocrx_word' id='word_1_49' title='bbox 725 1025 954 1101; x_wconf 81' lang='lat' dir='ltr'><strong>aedificetur:</strong></span> <span class='ocrx_word' id='word_1_50' title='bbox 976 1028 1173 1108; x_wconf 76' lang='lat' dir='ltr'><strong>Antequam</strong></span> <span class='ocrx_word' id='word_1_51' title='bbox 1191 1027 1223 1090; x_wconf 84' lang='lat' dir='ltr'><strong>is</strong></span> <span class='ocrx_word' id='word_1_52' title='bbox 1240 1027 1327 1090; x_wconf 81' lang='lat' dir='ltr'><strong>villi·</strong></span> 
     </span>
     <span class='ocr_line' id='line_1_8' title="bbox 281 1129 1295 1210; baseline 0.006 -20"><span class='ocrx_word' id='word_1_53' title='bbox 281 1151 362 1192; x_wconf 88' lang='lat' dir='ltr'><strong>care</strong></span> <span class='ocrx_word' id='word_1_54' title='bbox 384 1129 509 1210; x_wconf 84' lang='lat' dir='ltr'><strong>coepit.</strong></span> <span class='ocrx_word' id='word_1_55' title='bbox 1294 1135 1295 1142; x_wconf 72' lang='grc'>’</span> 
     </span>
    </p>
   </div>
   <div class='ocr_carea' id='block_1_3' title="bbox 315 1245 1241 1332">
    <p class='ocr_par' dir='ltr' id='par_1_3' title="bbox 315 1245 1241 1332">
     <span class='ocr_line' id='line_1_9' title="bbox 315 1245 1241 1332; baseline 0.003 -15"><span class='ocrx_word' id='word_1_56' title='bbox 315 1271 445 1332; x_wconf 74' lang='lat' dir='ltr'><strong>villicare]</strong></span> <span class='ocrx_word' id='word_1_57' title='bbox 475 1275 599 1323; x_wconf 82' lang='lat' dir='ltr'><strong>rusticari.</strong></span> <span class='ocrx_word' id='word_1_58' title='bbox 616 1297 645 1307; x_wconf 91' lang='lat'><strong>-·</strong></span> <span class='ocrx_word' id='word_1_59' title='bbox 666 1273 691 1317; x_wconf 91' lang='lat' dir='ltr'><strong>ln</strong></span> <span class='ocrx_word' id='word_1_60' title='bbox 714 1275 783 1317; x_wconf 83' lang='lat' dir='ltr'><strong>codd.</strong></span> <span class='ocrx_word' id='word_1_61' title='bbox 804 1245 977 1319; x_wconf 37' lang='lat' dir='ltr'><strong>tere&#39;vtttcart</strong></span> <span class='ocrx_word' id='word_1_62' title='bbox 999 1288 1043 1317; x_wconf 88' lang='lat' dir='ltr'><strong>ona</strong></span> <span class='ocrx_word' id='word_1_63' title='bbox 1064 1276 1082 1319; x_wconf 86' lang='lat' dir='ltr'><strong>l.</strong></span> <span class='ocrx_word' id='word_1_64' title='bbox 1120 1273 1241 1320; x_wconf 85' lang='lat' dir='ltr'><strong>Duebner.</strong></span> 
     </span>
    </p>
   </div>
   <div class='ocr_carea' id='block_1_4' title="bbox 559 1510 1050 1569">
    <p class='ocr_par' dir='ltr' id='par_1_4' title="bbox 559 1510 1050 1569">
     <span class='ocr_line' id='line_1_10' title="bbox 559 1510 1050 1569; baseline 0.002 -1"><span class='ocrx_word' id='word_1_65' title='bbox 559 1511 607 1568; x_wconf 74' lang='grc'><strong>15.</strong></span> <span class='ocrx_word' id='word_1_66' title='bbox 642 1510 742 1568; x_wconf 87' lang='lat' dir='ltr'><strong>Oratio</strong></span> <span class='ocrx_word' id='word_1_67' title='bbox 765 1512 801 1568; x_wconf 92' lang='lat' dir='ltr'><strong>de</strong></span> <span class='ocrx_word' id='word_1_68' title='bbox 822 1511 911 1568; x_wconf 84' lang='lat' dir='ltr'><strong>tundo</strong></span> <span class='ocrx_word' id='word_1_69' title='bbox 930 1513 1050 1569; x_wconf 87' lang='lat' dir='ltr'><strong>oleario.</strong></span> 
     </span>
    </p>
   </div>
   <div class='ocr_carea' id='block_1_5' title="bbox 271 1641 1368 4386">
    <p class='ocr_par' dir='ltr' id='par_1_5' title="bbox 278 1641 1329 2323">
     <span class='ocr_line' id='line_1_11' title="bbox 343 1641 1326 1723; baseline 0.002 -17"><span class='ocrx_word' id='word_1_70' title='bbox 343 1643 521 1706; x_wconf 87' lang='lat' dir='ltr'><strong>Maiansins</strong></span> <span class='ocrx_word' id='word_1_71' title='bbox 545 1664 579 1723; x_wconf 87' lang='lat' dir='ltr'><strong>p.</strong></span> <span class='ocrx_word' id='word_1_72' title='bbox 604 1645 636 1704; x_wconf 81' lang='lat'><strong>7.</strong></span> <span class='ocrx_word' id='word_1_73' title='bbox 666 1642 781 1704; x_wconf 88' lang='lat' dir='ltr'><strong>nullam</strong></span> <span class='ocrx_word' id='word_1_74' title='bbox 815 1663 883 1705; x_wconf 87' lang='lat' dir='ltr'><strong>esse</strong></span> <span class='ocrx_word' id='word_1_75' title='bbox 915 1641 1050 1707; x_wconf 86' lang='lat' dir='ltr'><strong>Catonis</strong></span> <span class='ocrx_word' id='word_1_76' title='bbox 1079 1642 1258 1707; x_wconf 86' lang='lat' dir='ltr'><strong>orationem</strong></span> <span class='ocrx_word' id='word_1_77' title='bbox 1287 1648 1326 1708; x_wconf 88' lang='lat' dir='ltr'><strong>de</strong></span> 
     </span>
     <span class='ocr_line' id='line_1_12' title="bbox 279 1743 1329 1830; baseline 0 -21"><span class='ocrx_word' id='word_1_78' title='bbox 279 1746 381 1810; x_wconf 85' lang='lat' dir='ltr'><strong>fundo</strong></span> <span class='ocrx_word' id='word_1_79' title='bbox 406 1744 529 1810; x_wconf 85' lang='lat' dir='ltr'><strong>oleario</strong></span> <span class='ocrx_word' id='word_1_80' title='bbox 556 1755 675 1819; x_wconf 85' lang='lat' dir='ltr'><strong>censet,</strong></span> <span class='ocrx_word' id='word_1_81' title='bbox 697 1743 804 1807; x_wconf 88' lang='lat' dir='ltr'><strong>sedin</strong></span> <span class='ocrx_word' id='word_1_82' title='bbox 830 1745 905 1808; x_wconf 90' lang='lat' dir='ltr'><strong>loco</strong></span> <span class='ocrx_word' id='word_1_83' title='bbox 932 1746 1032 1819; x_wconf 88' lang='lat' dir='ltr'><strong>Festi,</strong></span> <span class='ocrx_word' id='word_1_84' title='bbox 1051 1767 1143 1830; x_wconf 87' lang='lat' dir='ltr'><strong>quem</strong></span> <span class='ocrx_word' id='word_1_85' title='bbox 1166 1746 1250 1810; x_wconf 80' lang='lat' dir='ltr'><strong>inira</strong></span> <span class='ocrx_word' id='word_1_86' title='bbox 1273 1750 1329 1810; x_wconf 86' lang='lat' dir='ltr'><strong>da·</strong></span> 
     </span>
     <span class='ocr_line' id='line_1_13' title="bbox 278 1844 1325 1932; baseline 0.001 -22"><span class='ocrx_word' id='word_1_87' title='bbox 278 1848 393 1924; x_wconf 89' lang='lat' dir='ltr'><strong>bimus,</strong></span> <span class='ocrx_word' id='word_1_88' title='bbox 420 1844 586 1908; x_wconf 81' lang='lat' dir='ltr'><strong>Labeonis</strong></span> <span class='ocrx_word' id='word_1_89' title='bbox 612 1844 727 1908; x_wconf 90' lang='lat' dir='ltr'><strong>librum</strong></span> <span class='ocrx_word' id='word_1_90' title='bbox 752 1848 789 1909; x_wconf 88' lang='lat' dir='ltr'><strong>de</strong></span> <span class='ocrx_word' id='word_1_91' title='bbox 812 1847 913 1910; x_wconf 87' lang='lat' dir='ltr'><strong>inuda</strong></span> <span class='ocrx_word' id='word_1_92' title='bbox 938 1847 1062 1912; x_wconf 89' lang='lat' dir='ltr'><strong>oleario</strong></span> <span class='ocrx_word' id='word_1_93' title='bbox 1086 1848 1325 1932; x_wconf 85' lang='lat' dir='ltr'><strong>intelligendum</strong></span> 
     </span>
     <span class='ocr_line' id='line_1_14' title="bbox 278 1950 1326 2032; baseline 0 -18"><span class='ocrx_word' id='word_1_94' title='bbox 278 1950 464 2026; x_wconf 86' lang='lat' dir='ltr'><strong>existimat,</strong></span> <span class='ocrx_word' id='word_1_95' title='bbox 500 1969 631 2032; x_wconf 87' lang='lat' dir='ltr'><strong>eamque</strong></span> <span class='ocrx_word' id='word_1_96' title='bbox 667 1960 792 2011; x_wconf 87' lang='lat' dir='ltr'><strong>secntns</strong></span> <span class='ocrx_word' id='word_1_97' title='bbox 829 1959 876 2013; x_wconf 90' lang='lat' dir='ltr'><strong>est</strong></span> <span class='ocrx_word' id='word_1_98' title='bbox 913 1950 1096 2031; x_wconf 87' lang='lat' dir='ltr'><strong>opinionem</strong></span> <span class='ocrx_word' id='word_1_99' title='bbox 1140 1951 1326 2014; x_wconf 77' lang='lat' dir='ltr'><strong>Lachmann</strong></span> 
     </span>
     <span class='ocr_line' id='line_1_15' title="bbox 278 2050 1325 2134; baseline -0.004 -15"><span class='ocrx_word' id='word_1_100' title='bbox 278 2053 461 2119; x_wconf 86' lang='lat' dir='ltr'><strong>Commeat.</strong></span> <span class='ocrx_word' id='word_1_101' title='bbox 485 2054 523 2114; x_wconf 89' lang='lat' dir='ltr'><strong>de</strong></span> <span class='ocrx_word' id='word_1_102' title='bbox 550 2050 640 2112; x_wconf 88' lang='lat' dir='ltr'><strong>Livii</strong></span> <span class='ocrx_word' id='word_1_103' title='bbox 675 2051 819 2115; x_wconf 86' lang='lat' dir='ltr'><strong>sontibus</strong></span> <span class='ocrx_word' id='word_1_104' title='bbox 855 2053 955 2116; x_wconf 87' lang='lat' dir='ltr'><strong>altera</strong></span> <span class='ocrx_word' id='word_1_105' title='bbox 993 2075 1027 2134; x_wconf 91' lang='lat' dir='ltr'><strong>p.</strong></span> <span class='ocrx_word' id='word_1_106' title='bbox 1055 2056 1105 2116; x_wconf 86' lang='grc'><strong>17.</strong></span> <span class='ocrx_word' id='word_1_107' title='bbox 1152 2055 1215 2116; x_wconf 86' lang='lat' dir='ltr'><strong>Sed</strong></span> <span class='ocrx_word' id='word_1_108' title='bbox 1240 2055 1325 2118; x_wconf 91' lang='lat' dir='ltr'><strong>omni</strong></span> 
     </span>
     <span class='ocr_line' id='line_1_16' title="bbox 278 2154 1326 2237; baseline 0.001 -20"><span class='ocrx_word' id='word_1_109' title='bbox 278 2154 506 2237; x_wconf 83' lang='lat' dir='ltr'><strong>probabilitate</strong></span> <span class='ocrx_word' id='word_1_110' title='bbox 527 2155 610 2216; x_wconf 87' lang='lat' dir='ltr'><strong>bane</strong></span> <span class='ocrx_word' id='word_1_111' title='bbox 633 2175 743 2216; x_wconf 88' lang='lat' dir='ltr'><strong>carere</strong></span> <span class='ocrx_word' id='word_1_112' title='bbox 767 2154 985 2218; x_wconf 82' lang='lat' dir='ltr'><strong>coniecturam</strong></span> <span class='ocrx_word' id='word_1_113' title='bbox 1007 2155 1129 2231; x_wconf 89' lang='lat' dir='ltr'><strong>sentia,</strong></span> <span class='ocrx_word' id='word_1_114' title='bbox 1156 2177 1214 2218; x_wconf 89' lang='lat' dir='ltr'><strong>nec</strong></span> <span class='ocrx_word' id='word_1_115' title='bbox 1236 2157 1326 2219; x_wconf 90' lang='lat' dir='ltr'><strong>Festi</strong></span> 
     </span>
     <span class='ocr_line' id='line_1_17' title="bbox 279 2255 626 2323; baseline 0 -5"><span class='ocrx_word' id='word_1_116' title='bbox 279 2257 369 2323; x_wconf 90' lang='lat' dir='ltr'><strong>locus</strong></span> <span class='ocrx_word' id='word_1_117' title='bbox 393 2279 460 2318; x_wconf 85' lang='lat' dir='ltr'><strong>eam</strong></span> <span class='ocrx_word' id='word_1_118' title='bbox 485 2255 626 2318; x_wconf 86' lang='lat' dir='ltr'><strong>adiuvat.</strong></span> 
     </span>
    </p>

    <p class='ocr_par' dir='ltr' id='par_1_6' title="bbox 276 2354 1324 3153">
     <span class='ocr_line' id='line_1_18' title="bbox 343 2354 1324 2443; baseline -0.001 -20"><span class='ocrx_word' id='word_1_119' title='bbox 343 2358 505 2423; x_wconf 79' lang='lat' dir='ltr'><strong>Censores</strong></span> <span class='ocrx_word' id='word_1_120' title='bbox 529 2354 666 2421; x_wconf 89' lang='lat' dir='ltr'><strong>omnium</strong></span> <span class='ocrx_word' id='word_1_121' title='bbox 689 2379 808 2433; x_wconf 84' lang='lat' dir='ltr'><strong>rernm,</strong></span> <span class='ocrx_word' id='word_1_122' title='bbox 834 2379 914 2442; x_wconf 87' lang='lat' dir='ltr'><strong>qnae</strong></span> <span class='ocrx_word' id='word_1_123' title='bbox 938 2360 976 2420; x_wconf 88' lang='lat' dir='ltr'><strong>ad</strong></span> <span class='ocrx_word' id='word_1_124' title='bbox 1000 2355 1226 2443; x_wconf 84' lang='lat' dir='ltr'><strong>agriculturam</strong></span> <span class='ocrx_word' id='word_1_125' title='bbox 1249 2381 1324 2441; x_wconf 88' lang='lat' dir='ltr'><strong>per·</strong></span> 
     </span>
     <span class='ocr_line' id='line_1_19' title="bbox 276 2458 1323 2545; baseline 0.003 -21"><span class='ocrx_word' id='word_1_126' title='bbox 276 2460 430 2536; x_wconf 85' lang='lat' dir='ltr'><strong>tinebant,</strong></span> <span class='ocrx_word' id='word_1_127' title='bbox 454 2483 562 2524; x_wconf 86' lang='lat' dir='ltr'><strong>euram</strong></span> <span class='ocrx_word' id='word_1_128' title='bbox 588 2463 776 2524; x_wconf 87' lang='lat' dir='ltr'><strong>habuerunt.</strong></span> <span class='ocrx_word' id='word_1_129' title='bbox 835 2458 916 2523; x_wconf 92' lang='lat' dir='ltr'><strong>Cum</strong></span> <span class='ocrx_word' id='word_1_130' title='bbox 944 2473 1045 2524; x_wconf 90' lang='lat' dir='ltr'><strong>antem</strong></span> <span class='ocrx_word' id='word_1_131' title='bbox 1073 2459 1156 2526; x_wconf 85' lang='lat' dir='ltr'><strong>Cato</strong></span> <span class='ocrx_word' id='word_1_132' title='bbox 1179 2461 1211 2524; x_wconf 93' lang='lat' dir='ltr'><strong>in</strong></span> <span class='ocrx_word' id='word_1_133' title='bbox 1242 2484 1323 2545; x_wconf 87' lang='lat' dir='ltr'><strong>agro</strong></span> 
     </span>
     <span class='ocr_line' id='line_1_20' title="bbox 276 2561 1323 2645; baseline -0.001 -17"><span class='ocrx_word' id='word_1_134' title='bbox 276 2568 357 2628; x_wconf 89' lang='lat' dir='ltr'><strong>bene</strong></span> <span class='ocrx_word' id='word_1_135' title='bbox 387 2565 524 2628; x_wconf 90' lang='lat' dir='ltr'><strong>colendo</strong></span> <span class='ocrx_word' id='word_1_136' title='bbox 546 2561 673 2626; x_wconf 87' lang='lat' dir='ltr'><strong>divitias</strong></span> <span class='ocrx_word' id='word_1_137' title='bbox 696 2561 754 2626; x_wconf 86' lang='lat' dir='ltr'><strong>niti</strong></span> <span class='ocrx_word' id='word_1_138' title='bbox 778 2575 921 2625; x_wconf 87' lang='lat' dir='ltr'><strong>censeret</strong></span> <span class='ocrx_word' id='word_1_139' title='bbox 943 2563 1140 2645; x_wconf 89' lang='lat' dir='ltr'><strong>reipublicae</strong></span> <span class='ocrx_word' id='word_1_140' title='bbox 1160 2585 1323 2642; x_wconf 81' lang='lat' dir='ltr'><strong>rotnanae,</strong></span> 
     </span>
     <span class='ocr_line' id='line_1_21' title="bbox 276 2664 1323 2750; baseline -0.002 -21"><span class='ocrx_word' id='word_1_141' title='bbox 276 2678 307 2730; x_wconf 89' lang='lat' dir='ltr'><strong>et</strong></span> <span class='ocrx_word' id='word_1_142' title='bbox 330 2667 491 2750; x_wconf 89' lang='lat' dir='ltr'><strong>cumipse</strong></span> <span class='ocrx_word' id='word_1_143' title='bbox 518 2665 567 2728; x_wconf 91' lang='lat' dir='ltr'><strong>rei</strong></span> <span class='ocrx_word' id='word_1_144' title='bbox 591 2665 727 2728; x_wconf 87' lang='lat' dir='ltr'><strong>rusticae</strong></span> <span class='ocrx_word' id='word_1_145' title='bbox 754 2676 836 2726; x_wconf 85' lang='lat' dir='ltr'><strong>esset</strong></span> <span class='ocrx_word' id='word_1_146' title='bbox 863 2664 1085 2746; x_wconf 88' lang='lat' dir='ltr'><strong>peritissimus,</strong></span> <span class='ocrx_word' id='word_1_147' title='bbox 1109 2689 1173 2730; x_wconf 90' lang='lat' dir='ltr'><strong>non</strong></span> <span class='ocrx_word' id='word_1_148' title='bbox 1197 2665 1323 2744; x_wconf 88' lang='lat' dir='ltr'><strong>mirum,</strong></span> 
     </span>
     <span class='ocr_line' id='line_1_22' title="bbox 276 2766 1322 2851; baseline -0.001 -19"><span class='ocrx_word' id='word_1_149' title='bbox 276 2770 308 2832; x_wconf 93' lang='lat' dir='ltr'><strong>in</strong></span> <span class='ocrx_word' id='word_1_150' title='bbox 332 2790 463 2832; x_wconf 84' lang='lat' dir='ltr'><strong>censura</strong></span> <span class='ocrx_word' id='word_1_151' title='bbox 486 2767 613 2851; x_wconf 91' lang='lat' dir='ltr'><strong>publice</strong></span> <span class='ocrx_word' id='word_1_152' title='bbox 637 2766 686 2830; x_wconf 91' lang='lat' dir='ltr'><strong>his</strong></span> <span class='ocrx_word' id='word_1_153' title='bbox 709 2772 749 2830; x_wconf 92' lang='lat' dir='ltr'><strong>de</strong></span> <span class='ocrx_word' id='word_1_154' title='bbox 772 2769 868 2829; x_wconf 90' lang='lat' dir='ltr'><strong>rebus</strong></span> <span class='ocrx_word' id='word_1_155' title='bbox 892 2778 1161 2849; x_wconf 86' lang='lat' dir='ltr'><strong>praecepta‘enm</strong></span> <span class='ocrx_word' id='word_1_156' title='bbox 1188 2767 1322 2843; x_wconf 88' lang='lat' dir='ltr'><strong>dedisse,</strong></span> 
     </span>
     <span class='ocr_line' id='line_1_23' title="bbox 277 2867 1324 2955; baseline -0.001 -21"><span class='ocrx_word' id='word_1_157' title='bbox 277 2882 372 2955; x_wconf 87' lang='lat' dir='ltr'><strong>atque</strong></span> <span class='ocrx_word' id='word_1_158' title='bbox 399 2869 538 2934; x_wconf 87' lang='lat' dir='ltr'><strong>rusticos</strong></span> <span class='ocrx_word' id='word_1_159' title='bbox 567 2869 703 2952; x_wconf 87' lang='lat' dir='ltr'><strong>ignavos</strong></span> <span class='ocrx_word' id='word_1_160' title='bbox 733 2868 953 2952; x_wconf 85' lang='lat' dir='ltr'><strong>castigavisse.</strong></span> <span class='ocrx_word' id='word_1_161' title='bbox 1008 2867 1131 2945; x_wconf 83' lang='lat' dir='ltr'><strong>(Coni.</strong></span> <span class='ocrx_word' id='word_1_162' title='bbox 1160 2869 1324 2933; x_wconf 87' lang='lat' dir='ltr'><strong>Krentzer</strong></span> 
     </span>
     <span class='ocr_line' id='line_1_24' title="bbox 276 2969 1322 3056; baseline 0 -19"><span class='ocrx_word' id='word_1_163' title='bbox 276 2974 376 3037; x_wconf 69' lang='lat' dir='ltr'><strong>Ram.</strong></span> <span class='ocrx_word' id='word_1_164' title='bbox 400 2971 536 3056; x_wconf 88' lang='lat' dir='ltr'><strong>Antiqu.</strong></span> <span class='ocrx_word' id='word_1_165' title='bbox 561 2995 594 3054; x_wconf 91' lang='lat' dir='ltr'><strong>p.</strong></span> <span class='ocrx_word' id='word_1_166' title='bbox 622 2973 695 3034; x_wconf 73' lang='lat'><strong>143.</strong></span> <span class='ocrx_word' id='word_1_167' title='bbox 749 2971 898 3034; x_wconf 85' lang='lat' dir='ltr'><strong>Niebuhr</strong></span> <span class='ocrx_word' id='word_1_168' title='bbox 930 2969 1018 3034; x_wconf 84' lang='lat' dir='ltr'><strong>Hist.</strong></span> <span class='ocrx_word' id='word_1_169' title='bbox 1051 2971 1149 3034; x_wconf 87' lang='lat' dir='ltr'><strong>Rom.</strong></span> <span class='ocrx_word' id='word_1_170' title='bbox 1181 2983 1205 3034; x_wconf 88' lang='lat' dir='ltr'><strong>t.</strong></span> <span class='ocrx_word' id='word_1_171' title='bbox 1231 2973 1263 3036; x_wconf 76' lang='lat'><strong>2.</strong></span> <span class='ocrx_word' id='word_1_172' title='bbox 1287 2995 1322 3055; x_wconf 93' lang='lat' dir='ltr'><strong>p.</strong></span> 
     </span>
     <span class='ocr_line' id='line_1_25' title="bbox 278 3075 553 3153; baseline 0 -17"><span class='ocrx_word' id='word_1_173' title='bbox 278 3076 352 3138; x_wconf 75' lang='lat'><strong>451.</strong></span> <span class='ocrx_word' id='word_1_174' title='bbox 383 3076 434 3137; x_wconf 87' lang='lat' dir='ltr'><strong>ed.</strong></span> <span class='ocrx_word' id='word_1_175' title='bbox 455 3075 553 3153; x_wconf 68' lang='lat' dir='ltr'><strong>ida.)</strong></span> 
     </span>
    </p>

    <p class='ocr_par' dir='ltr' id='par_1_7' title="bbox 271 3174 1368 4262">
     <span class='ocr_line' id='line_1_26' title="bbox 339 3174 1322 3266; baseline -0.001 -27"><span class='ocrx_word' id='word_1_176' title='bbox 339 3175 464 3239; x_wconf 86' lang='lat' dir='ltr'><strong>Gellius</strong></span> <span class='ocrx_word' id='word_1_177' title='bbox 487 3178 516 3250; x_wconf 81' lang='lat' dir='ltr'><strong>l,</strong></span> <span class='ocrx_word' id='word_1_178' title='bbox 544 3176 597 3238; x_wconf 79' lang='lat' dir='ltr'><strong>tt.</strong></span> <span class='ocrx_word' id='word_1_179' title='bbox 636 3177 674 3240; x_wconf 84' lang='lat' dir='ltr'><strong>Si</strong></span> <span class='ocrx_word' id='word_1_180' title='bbox 699 3176 777 3260; x_wconf 83' lang='lat' dir='ltr'><strong>puis</strong></span> <span class='ocrx_word' id='word_1_181' title='bbox 802 3197 931 3260; x_wconf 85' lang='lat' dir='ltr'><strong>agrum</strong></span> <span class='ocrx_word' id='word_1_182' title='bbox 962 3197 1064 3239; x_wconf 78' lang='lat' dir='ltr'><strong>satum</strong></span> <span class='ocrx_word' id='word_1_183' title='bbox 1091 3174 1322 3266; x_wconf 82' lang='lat' dir='ltr'><strong>passusfue-</strong></span> 
     </span>
     <span class='ocr_line' id='line_1_27' title="bbox 277 3279 1323 3364; baseline 0 -23"><span class='ocrx_word' id='word_1_184' title='bbox 277 3291 333 3364; x_wconf 86' lang='lat' dir='ltr'><strong>rat</strong></span> <span class='ocrx_word' id='word_1_185' title='bbox 356 3280 571 3352; x_wconf 66' lang='lat' dir='ltr'><strong>sordescere,</strong></span> <span class='ocrx_word' id='word_1_186' title='bbox 595 3296 739 3362; x_wconf 81' lang='lat' dir='ltr'><strong>eumque</strong></span> <span class='ocrx_word' id='word_1_187' title='bbox 762 3279 985 3361; x_wconf 82' lang='lat' dir='ltr'><strong>indiligenter</strong></span> <span class='ocrx_word' id='word_1_188' title='bbox 1010 3280 1172 3355; x_wconf 85' lang='lat' dir='ltr'><strong>curabat,</strong></span> <span class='ocrx_word' id='word_1_189' title='bbox 1199 3301 1240 3340; x_wconf 85' lang='lat' dir='ltr'><strong>aa</strong></span> <span class='ocrx_word' id='word_1_190' title='bbox 1265 3300 1323 3341; x_wconf 87' lang='lat' dir='ltr'><strong>ne·</strong></span> 
     </span>
     <span class='ocr_line' id='line_1_28' title="bbox 274 3382 1324 3466; baseline -0.001 -22"><span class='ocrx_word' id='word_1_191' title='bbox 274 3404 339 3466; x_wconf 79' lang='lat' dir='ltr'><strong>que</strong></span> <span class='ocrx_word' id='word_1_192' title='bbox 364 3393 526 3444; x_wconf 85' lang='lat' dir='ltr'><strong>araverat</strong></span> <span class='ocrx_word' id='word_1_193' title='bbox 553 3400 660 3463; x_wconf 79' lang='lat' dir='ltr'><strong>neque</strong></span> <span class='ocrx_word' id='word_1_194' title='bbox 686 3394 919 3464; x_wconf 83' lang='lat' dir='ltr'><strong>purgaverat,</strong></span> <span class='ocrx_word' id='word_1_195' title='bbox 959 3383 1029 3445; x_wconf 85' lang='lat' dir='ltr'><strong>siue</strong></span> <span class='ocrx_word' id='word_1_196' title='bbox 1060 3382 1137 3465; x_wconf 83' lang='lat' dir='ltr'><strong>quis</strong></span> <span class='ocrx_word' id='word_1_197' title='bbox 1162 3382 1324 3444; x_wconf 88' lang='lat' dir='ltr'><strong>arborem</strong></span> 
     </span>
     <span class='ocr_line' id='line_1_29' title="bbox 274 3482 1323 3566; baseline -0.002 -20"><span class='ocrx_word' id='word_1_198' title='bbox 274 3505 375 3546; x_wconf 85' lang='lat' dir='ltr'><strong>suam</strong></span> <span class='ocrx_word' id='word_1_199' title='bbox 410 3483 609 3566; x_wconf 85' lang='lat' dir='ltr'><strong>vineamque</strong></span> <span class='ocrx_word' id='word_1_200' title='bbox 638 3484 806 3546; x_wconf 84' lang='lat' dir='ltr'><strong>habuerat</strong></span> <span class='ocrx_word' id='word_1_201' title='bbox 843 3483 1042 3546; x_wconf 81' lang='lat' dir='ltr'><strong>derelictui:</strong></span> <span class='ocrx_word' id='word_1_202' title='bbox 1080 3504 1147 3546; x_wconf 90' lang='lat' dir='ltr'><strong>non</strong></span> <span class='ocrx_word' id='word_1_203' title='bbox 1182 3482 1220 3544; x_wconf 78' lang='lat' dir='ltr'><strong>iu</strong></span> <span class='ocrx_word' id='word_1_204' title='bbox 1247 3482 1323 3544; x_wconf 85' lang='lat' dir='ltr'><strong>sine</strong></span> 
     </span>
     <span class='ocr_line' id='line_1_30' title="bbox 271 3583 1323 3675; baseline -0.003 -26"><span class='ocrx_word' id='word_1_205' title='bbox 271 3605 385 3668; x_wconf 83' lang='lat' dir='ltr'><strong>poena</strong></span> <span class='ocrx_word' id='word_1_206' title='bbox 397 3583 503 3675; x_wconf 85' lang='lat' dir='ltr'><strong>suit,</strong></span> <span class='ocrx_word' id='word_1_207' title='bbox 535 3585 596 3648; x_wconf 82' lang='lat' dir='ltr'><strong>sed</strong></span> <span class='ocrx_word' id='word_1_208' title='bbox 623 3597 700 3648; x_wconf 82' lang='lat' dir='ltr'><strong>orat</strong></span> <span class='ocrx_word' id='word_1_209' title='bbox 732 3607 819 3667; x_wconf 83' lang='lat' dir='ltr'><strong>opus</strong></span> <span class='ocrx_word' id='word_1_210' title='bbox 850 3586 1062 3660; x_wconf 85' lang='lat' dir='ltr'><strong>censorium,</strong></span> <span class='ocrx_word' id='word_1_211' title='bbox 1098 3603 1323 3666; x_wconf 79' lang='lat' dir='ltr'><strong>censoresque</strong></span> 
     </span>
     <span class='ocr_line' id='line_1_31' title="bbox 273 3685 1323 3777; baseline -0.002 -27"><span class='ocrx_word' id='word_1_212' title='bbox 273 3687 454 3751; x_wconf 85' lang='lat' dir='ltr'><strong>aerarium</strong></span> <span class='ocrx_word' id='word_1_213' title='bbox 474 3685 678 3777; x_wconf 81' lang='lat' dir='ltr'><strong>faciebant.</strong></span> <span class='ocrx_word' id='word_1_214' title='bbox 729 3691 818 3752; x_wconf 87' lang='lat' dir='ltr'><strong>Item</strong></span> <span class='ocrx_word' id='word_1_215' title='bbox 851 3690 883 3751; x_wconf 87' lang='lat' dir='ltr'><strong>si</strong></span> <span class='ocrx_word' id='word_1_216' title='bbox 912 3689 990 3773; x_wconf 80' lang='lat' dir='ltr'><strong>quis</strong></span> <span class='ocrx_word' id='word_1_217' title='bbox 1023 3705 1125 3768; x_wconf 83' lang='lat' dir='ltr'><strong>eques</strong></span> <span class='ocrx_word' id='word_1_218' title='bbox 1157 3704 1323 3748; x_wconf 84' lang='lat' dir='ltr'><strong>romanus</strong></span> 
     </span>
     <span class='ocr_line' id='line_1_32' title="bbox 273 3785 1323 3874; baseline -0.003 -20"><span class='ocrx_word' id='word_1_219' title='bbox 273 3810 399 3874; x_wconf 80' lang='lat' dir='ltr'><strong>equum</strong></span> <span class='ocrx_word' id='word_1_220' title='bbox 420 3791 544 3852; x_wconf 85' lang='lat' dir='ltr'><strong>habere</strong></span> <span class='ocrx_word' id='word_1_221' title='bbox 567 3790 798 3873; x_wconf 84' lang='lat' dir='ltr'><strong>gracilentum</strong></span> <span class='ocrx_word' id='word_1_222' title='bbox 820 3801 881 3852; x_wconf 84' lang='lat' dir='ltr'><strong>aut</strong></span> <span class='ocrx_word' id='word_1_223' title='bbox 901 3805 1031 3870; x_wconf 87' lang='lat' dir='ltr'><strong>parum</strong></span> <span class='ocrx_word' id='word_1_224' title='bbox 1055 3785 1205 3848; x_wconf 84' lang='lat' dir='ltr'><strong>nitidum</strong></span> <span class='ocrx_word' id='word_1_225' title='bbox 1229 3787 1323 3850; x_wconf 87' lang='lat' dir='ltr'><strong>nisus</strong></span> 
     </span>
     <span class='ocr_line' id='line_1_33' title="bbox 273 3889 1319 3974; baseline -0.004 -19"><span class='ocrx_word' id='word_1_226' title='bbox 273 3905 370 3968; x_wconf 84' lang='lat' dir='ltr'><strong>erat,</strong></span> <span class='ocrx_word' id='word_1_227' title='bbox 405 3891 594 3974; x_wconf 85' lang='lat' dir='ltr'><strong>impolitiae</strong></span> <span class='ocrx_word' id='word_1_228' title='bbox 622 3893 821 3957; x_wconf 81' lang='lat' dir='ltr'><strong>notabatur.</strong></span> <span class='ocrx_word' id='word_1_229' title='bbox 870 3891 913 3956; x_wconf 82' lang='lat' dir='ltr'><strong>Id</strong></span> <span class='ocrx_word' id='word_1_230' title='bbox 944 3890 1083 3951; x_wconf 87' lang='lat' dir='ltr'><strong>verbnm</strong></span> <span class='ocrx_word' id='word_1_231' title='bbox 1118 3889 1319 3972; x_wconf 73' lang='lat' dir='ltr'><strong>signifieat,</strong></span> 
     </span>
     <span class='ocr_line' id='line_1_34' title="bbox 273 3991 1322 4079; baseline -0.005 -21"><span class='ocrx_word' id='word_1_232' title='bbox 273 3995 374 4079; x_wconf 82' lang='lat' dir='ltr'><strong>quasi</strong></span> <span class='ocrx_word' id='word_1_233' title='bbox 395 3996 427 4057; x_wconf 86' lang='lat' dir='ltr'><strong>si</strong></span> <span class='ocrx_word' id='word_1_234' title='bbox 450 4007 489 4057; x_wconf 88' lang='lat' dir='ltr'><strong>tu</strong></span> <span class='ocrx_word' id='word_1_235' title='bbox 510 3993 605 4057; x_wconf 84' lang='lat' dir='ltr'><strong>dicas</strong></span> <span class='ocrx_word' id='word_1_236' title='bbox 627 3994 796 4056; x_wconf 88' lang='lat' dir='ltr'><strong>incuriae.</strong></span> <span class='ocrx_word' id='word_1_237' title='bbox 831 3993 939 4057; x_wconf 83' lang='lat' dir='ltr'><strong>Cuius</strong></span> <span class='ocrx_word' id='word_1_238' title='bbox 961 3991 1013 4055; x_wconf 90' lang='lat' dir='ltr'><strong>rei</strong></span> <span class='ocrx_word' id='word_1_239' title='bbox 1036 3992 1218 4076; x_wconf 84' lang='lat' dir='ltr'><strong>utriusque</strong></span> <span class='ocrx_word' id='word_1_240' title='bbox 1240 4013 1322 4054; x_wconf 88' lang='lat' dir='ltr'><strong>nne-</strong></span> 
     </span>
     <span class='ocr_line' id='line_1_35' title="bbox 275 4093 1368 4179; baseline -0.005 -19"><span class='ocrx_word' id='word_1_241' title='bbox 275 4098 435 4161; x_wconf 86' lang='lat' dir='ltr'><strong>toritates</strong></span> <span class='ocrx_word' id='word_1_242' title='bbox 460 4107 553 4171; x_wconf 87' lang='lat' dir='ltr'><strong>sunt,</strong></span> <span class='ocrx_word' id='word_1_243' title='bbox 582 4108 615 4158; x_wconf 86' lang='lat' dir='ltr'><strong>et</strong></span> <span class='ocrx_word' id='word_1_244' title='bbox 642 4099 698 4160; x_wconf 90' lang='lat' dir='ltr'><strong>M.</strong></span> <span class='ocrx_word' id='word_1_245' title='bbox 715 4100 822 4160; x_wconf 83' lang='lat' dir='ltr'><strong>Cato</strong></span> <span class='ocrx_word' id='word_1_246' title='bbox 845 4093 883 4158; x_wconf 83' lang='lat' dir='ltr'><strong>id</strong></span> <span class='ocrx_word' id='word_1_247' title='bbox 903 4117 1151 4179; x_wconf 83' lang='lat' dir='ltr'><strong>saepenumero</strong></span> <span class='ocrx_word' id='word_1_248' title='bbox 1176 4103 1320 4156; x_wconf 85' lang='lat' dir='ltr'><strong>attesta-</strong></span> <span class='ocrx_word' id='word_1_249' title='bbox 1367 4129 1368 4136; x_wconf 24' lang='grc' dir='ltr'><strong>κ</strong></span> 
     </span>
     <span class='ocr_line' id='line_1_36' title="bbox 274 4211 416 4262; baseline 0.007 -1"><span class='ocrx_word' id='word_1_250' title='bbox 274 4211 416 4262; x_wconf 78' lang='lat' dir='ltr'><strong>tuaest.</strong></span> 
     </span>
    </p>

    <p class='ocr_par' dir='ltr' id='par_1_8' title="bbox 336 4297 1319 4386">
     <span class='ocr_line' id='line_1_37' title="bbox 336 4297 1319 4386; baseline -0.004 -23"><span class='ocrx_word' id='word_1_251' title='bbox 336 4297 460 4363; x_wconf 89' lang='lat' dir='ltr'><strong>Plinius</strong></span> <span class='ocrx_word' id='word_1_252' title='bbox 489 4297 578 4362; x_wconf 83' lang='lat' dir='ltr'><strong>Hist.</strong></span> <span class='ocrx_word' id='word_1_253' title='bbox 607 4297 658 4375; x_wconf 87' lang='grc'><strong>18,</strong></span> <span class='ocrx_word' id='word_1_254' title='bbox 686 4300 718 4362; x_wconf 84' lang='grc'><strong>3.</strong></span> <span class='ocrx_word' id='word_1_255' title='bbox 768 4303 907 4386; x_wconf 85' lang='lat' dir='ltr'><strong>Agrum</strong></span> <span class='ocrx_word' id='word_1_256' title='bbox 938 4303 1026 4365; x_wconf 86' lang='lat' dir='ltr'><strong>male</strong></span> <span class='ocrx_word' id='word_1_257' title='bbox 1059 4301 1170 4364; x_wconf 85' lang='lat' dir='ltr'><strong>colere</strong></span> <span class='ocrx_word' id='word_1_258' title='bbox 1201 4317 1319 4359; x_wconf 85' lang='lat' dir='ltr'><strong>censo-</strong></span> 
     </span>
    </p>
   </div>
   <div class='ocr_carea' id='block_1_6' title="bbox 0 0 1492 4844">
    <p class='ocr_par' dir='ltr' id='par_1_9' title="bbox 0 0 1492 4844">
     <span class='ocr_line' id='line_1_38' title="bbox 0 0 1492 4844; baseline 0 0"><span class='ocrx_word' id='word_1_259' title='bbox 0 0 1492 4844; x_wconf 95' lang='lat' dir='ltr'><strong> </strong></span> 
     </span>
    </p>
   </div>
  </div>
 </body>
</html>
