2992 4840
286 383 346 445 196

235 539 379 604 ssime
403 539 470 603 loci
498 539 636 622 generis
665 541 848 604 masculini
876 556 915 604 uc
946 543 1093 607 Porcina
1124 545 1216 616 „illis
1241 546 1331 610 citus

270 639 408 732 sclr'x.⁴⁸

317 783 473 846 ciiuaselis]
510 789 884 844 boccsemplcmmhiipcobai.
924 792 958 834 Ac
979 793 1022 834 sile
1040 798 1106 835 stiur
1117 790 1212 850 seltz?

580 1045 673 1104 xvu.
713 1047 745 1104 L.
766 1047 926 1105 Scribonius
945 1049 1025 1106 Libo.

343 1207 507 1270 Tribunus
530 1205 634 1288 piebis
654 1227 685 1268 a.
705 1229 738 1269 u.
762 1207 823 1270 605
845 1209 947 1284 (119).

343 1307 466 1373 Cicero
492 1309 596 1374 Bruto
625 1329 656 1372 c.
680 1307 738 1384 23,
760 1308 814 1372 9⁰.
858 1312 972 1392 Atque
998 1311 1103 1372 ctiam
1127 1311 1240 1394 ipsium
1266 1314 1325 1376 Li·

280 1413 401 1477 bonem
422 1433 491 1475 non
510 1408 687 1501 ipsaniam
705 1410 804 1474 uideo
812 1407 959 1500 sciisse,
983 1425 1021 1476 ul
1045 1436 1093 1476 ecc
1110 1414 1326 1478 orationibus

278 1515 354 1578 cius
373 1513 521 1597 intelligi
540 1525 668 1596 potest.

468 1781 495 1839 1.
535 1782 653 1854 Rogalic
675 1781 704 1838 in
729 1782 792 1840 Ser.
814 1782 971 1856 Sulpicium
993 1783 1126 1842 Galbam.

343 1933 391 1996 Es
418 1951 510 1996 causa
538 1943 605 1994 acia
629 1953 659 1995 a.
677 1931 737 1996 605
760 1933 864 2012 (119).

340 2031 460 2099 Cicero
484 2035 586 2098 Bruto
609 2057 640 2097 c.
661 2034 714 2098 23.
759 2033 845 2097 Vide
869 2035 963 2098 Orat.
991 2035 1134 2100 Catonis
1155 2036 1321 2098 aduersus

276 2136 466 2221 Sulpicium
483 2139 627 2201 Galbam
638 2159 673 2218 p.
684 2137 761 2212 120,
786 2136 860 2199 item
879 2136 1041 2201 orationes
1052 2139 1180 2202 Galbae
1200 2138 1321 2200 aduer-

275 2259 335 2304 sus
342 2239 507 2306 Libonem
516 2239 692 2303 tribunum
699 2238 809 2322 plebis
821 2240 1106 2324 rogationemque
1117 2241 1192 2303 cius
1200 2262 1235 2322 p.
1245 2239 1320 2302 166.

499 2509 606 2566 xvm.
647 2508 748 2566 murs
768 2516 793 2564 ci
812 2507 930 2580 Spurius
948 2507 1086 2579 Murmur.¹

335 2665 456 2732 Lucius
473 2667 649 2731 Mummius
667 2667 827 2731 Achaicus
847 2667 960 2730 consul
983 2689 1013 2730 a.
1031 2669 1093 2731 608
1113 2665 1220 2751 (116),
1245 2687 1320 2728 cen-

272 2789 326 2833 sor
350 2789 379 2831 a.
404 2769 465 2832 612
488 2767 589 2853 (Mi).

336 2907 472 2992 Spurius
497 2907 672 2972 Mummius
696 2909 817 2988 irater,
841 2910 960 2973 amicus
979 2911 1020 2988 Ρ.
1042 2905 1205 2988 Scipionis
1224 2905 1318 2968 Afri·

272 3010 341 3074 cani
368 3008 515 3087 minoris,
548 3009 662 3075 litteris
691 3021 759 3074 erat
788 3010 912 3075 deditus
934 3033 993 3074 nec
1022 3011 1084 3072 ulla
1111 3029 1239 3070 munera
1268 3006 1317 3070 rei

268 3111 416 3196 publicae
440 3112 599 3196 suscepit,
635 3113 695 3176 nisi
722 3117 810 3198 quod
840 3115 964 3198 legatus
991 3111 1101 3176 fratris
1128 3113 1167 3172 ad
1197 3107 1316 3174 Corin·

269 3215 357 3278 thum
379 3227 448 3279 crat
470 3237 499 3278 a.
520 3217 581 3278 608
600 3217 701 3296 (116).

334 3349 454 3417 Cicero
490 3353 592 3417 Bruto
627 3353 679 3418 95.
728 3359 880 3418 buerunt
919 3353 1023 3418 etium
1062 3352 1098 3416 in
1135 3363 1315 3415 oratorum

269 3477 414 3520 ricimero
439 3455 665 3520 mediocrium
680 3459 723 3520 L.
740 3467 772 3520 et
788 3459 847 3540 Sp.
865 3456 1031 3521 Mummii
1040 3454 1205 3547 fratres,
1230 3471 1314 3534 quo·

268 3579 347 3622 rum
378 3568 500 3621 extant
529 3558 709 3622 anchorum
744 3559 932 3622 orationes.
985 3559 1142 3640 Simplex
1178 3551 1315 3636 quidem

268 3657 396 3724 Lucius
417 3671 450 3721 ct
468 3660 648 3744 uictiquus,
674 3661 821 3744 Spurius
836 3659 1074 3724 aulem‘nihilo
1097 3657 1154 3720 ille
1177 3653 1315 3738 quidem

241 3829 244 3836 ,
267 3759 442 3838 ornatior,
468 3762 530 3824 scd
550 3775 664 3825 tamen
689 3762 909 3826 adstrictior:
929 3760 1007 3850 fuit
1024 3759 1114 3826 enim
1129 3758 1250 3822 doctus
1265 3777 1313 3818 cx

267 3863 449 3947 disciplina
477 3863 679 3929 stoicorum.
1467 3787 1478 4082 1

329 3983 519 4050 Orationum
542 3984 660 4046 nullum
686 3985 789 4046 adhuc
811 3983 992 4068 vestigium.

329 4120 463 4205 Spurius
493 4121 668 4186 Mummius
696 4133 797 4186 autem
825 4143 898 4187 non·
915 4124 1017 4186 solum
1045 4120 1228 4194 orationes,
1255 4120 1312 4180 sed

265 4221 357 4286 etiam
378 4223 528 4305 epistolas
554 4223 699 4305 poeticas
722 4223 864 4310 reliquit.
896 4223 1015 4288 Cicero
1032 4223 1139 4304 Epist.
1164 4225 1204 4284 ad
1227 4217 1312 4283 Aui-

266 4344 335 4385 cum
361 4323 415 4398 13,
442 4329 473 4386 (r.
520 4325 670 4389 Ceterum
697 4323 934 4410 distinguendus
959 4337 1007 4388 cst
1025 4323 1201 4387 Mummius
1218 4319 1310 4384 Atel·
1373 4350 1378 4358 ·
1473 4311 1478 4504 p
