2984 4842
258 364 322 428 tte

258 517 326 584 eius
346 527 379 584 st
400 499 495 582 villse
517 512 639 580 duutee
669 522 700 576 et
721 508 871 576 incendio
894 517 1078 574 consumas
1099 516 1183 570 sunt.
1206 505 1310 586 (Deu-

260 643 352 684 mann
368 631 395 682 t.
412 619 444 681 2.
461 641 495 700 p.
520 617 595 695 268)
618 614 702 680 Cum
723 625 828 677 sutem
851 633 882 674 a.
905 610 964 672 697
982 611 1051 687 (67)
1072 607 1313 682 restitueretur,

255 723 388 806 rogatio
418 721 478 782 lata
508 728 575 797 est,
609 729 643 780 ut
671 720 758 780 bons
791 717 919 800 quoque
957 711 1023 776 eius
1046 714 1257 776 redderentur
1278 720 1311 776 et

258 846 332 888 ares
365 826 477 886 domus
504 821 538 884 in
571 819 732 901 privatum
765 839 855 882 nsum
884 814 1023 879 rediret:
1054 813 1204 908 sacellum
1227 812 1313 878 enini

260 925 395 996 Clodius
426 923 474 986 ibi
506 923 743 986 aedificaverat.
784 922 852 984 Res
879 917 933 980 diu
962 907 1140 999 agebatur,
1167 915 1316 980 Calidius

259 1039 394 1110 praetor
417 1023 633 1107 (Quintiliano
653 1026 746 1100 teste)
778 1021 958 1085 orationem
983 1041 1019 1082 ea
1042 1020 1080 1081 de
1103 1041 1138 1080 re
1162 1020 1313 1082 hahuisse

259 1130 406 1205 videtur,
441 1138 536 1212 atque
570 1125 689 1190 Cicero
721 1145 850 1211 qnoque
883 1125 990 1186 erdem
1025 1124 1062 1183 de
1093 1143 1187 1182 causa
1216 1121 1310 1184 dixit.

258 1229 360 1295 Conl.
385 1231 549 1294 Druninnn
571 1241 596 1290 t.
621 1229 652 1290 2.
681 1249 716 1308 p.
739 1227 814 1288 311.
858 1224 1031 1288 Markland
1052 1222 1085 1284 in
1108 1223 1310 1304 praefatione
1377 1225 1380 1230 ’

265 1336 305 1398 ad
327 1330 396 1398 Cic.
421 1333 530 1396 oran.
553 1331 618 1394 IV.
648 1351 682 1411 p.
714 1328 882 1392 LXVIII.
906 1329 947 1390 F.
972 1327 1016 1388 A.
1041 1326 1139 1389 Wolf
1158 1325 1190 1388 in
1214 1329 1309 1390 Orat.

262 1437 300 1498 de
323 1437 468 1515 Harusp.
493 1435 594 1513 Resp.
617 1454 652 1514 p.
677 1431 750 1493 326.
776 1452 848 1511 cap.
873 1429 904 1490 6.
947 1431 986 1492 16
1010 1428 1069 1490 alia
1093 1428 1249 1510 opinione
1264 1443 1313 1494 est

264 1537 394 1600 Ellendt
417 1558 451 1616 p.
483 1533 595 1599 CVII.
623 1538 730 1619 (quem
764 1532 796 1596 in
830 1531 907 1594 edit.
936 1530 1048 1613 priore
1071 1543 1196 1594 secutus
1218 1534 1312 1611 sum.)

264 1639 301 1702 Is
331 1637 413 1701 enim
444 1635 602 1702 Calidium
637 1639 677 1700 de
709 1638 804 1698 donro
840 1632 1010 1700 Ciceronis
1047 1633 1176 1714 publice
1208 1633 1312 1717 egisse

261 1751 376 1821 negat,
412 1743 468 1802 sed
497 1749 588 1818 putat
621 1735 810 1816 Quintiliani
841 1736 948 1798 locum
979 1739 1218 1813 demonstrare,
1242 1757 1312 1800 eum

262 1841 398 1927 μελετῆς
434 1837 537 1922 gratia
571 1859 634 1919 pro
665 1841 760 1901 domo
790 1836 960 1902 Ciceronis
987 1837 1118 1900 dixisse.
1158 1841 1255 1920 Quod
1285 1839 1313 1902 si
1419 1843 1423 1852 '

261 1964 374 2006 verum
404 1955 507 2016 esset,
537 1942 616 2002 haec
647 1939 747 2002 dictio
774 1961 836 2003 non
867 1938 1068 2003 orationibus
1099 1939 1233 2015 cattoit,
1256 1945 1314 2008 sed

263 2043 528 2110 declamationum
555 2041 666 2128 generi
687 2042 892 2121 adscribenda
914 2041 1014 2106 soret.
1061 2043 1124 2108 Sed
1153 2043 1313 2107 videamus

262 2149 364 2211 verba
398 2145 596 2228 Quintiliani.
625 2146 645 2214 l.
682 2146 738 2219 to,
775 2148 809 2220 t,
844 2146 897 2207 23.
951 2145 1046 2210 Illud
1075 2146 1315 2226 utilissimum,

266 2271 367 2314 nosse
388 2271 447 2312 eas
473 2270 613 2324 causas,
640 2270 788 2334 quarum
814 2248 990 2312 orationes
1015 2247 1050 2308 in
1075 2269 1197 2313 manus
1219 2271 1312 2314 sunt·

262 2353 425 2427 serimus,
445 2363 478 2413 et
492 2351 627 2434 quoties
652 2350 844 2432 continget,
872 2350 1031 2432 utrinque
1046 2350 1180 2412 habitas
1197 2354 1310 2433 legere

262 2455 433 2528 actiones,
467 2465 505 2515 ut
537 2454 779 2516 Demosthenis
814 2465 915 2535 atque
950 2453 1126 2514 Aeschinis
1159 2453 1248 2515 inter
1275 2475 1311 2515 se

262 2557 470 2632 contrarias,
495 2568 528 2618 et
547 2556 656 2619 Seruii
671 2555 814 2636 Sulpicii
835 2567 936 2640 atque
958 2557 1147 2630 Messalae,
1165 2579 1311 2639 quorum

262 2662 350 2720 alter
363 2681 430 2740 pro
446 2658 606 2734 Aufidia,
635 2669 756 2719 contra
778 2657 871 2719 dixit
893 2660 992 2731 alter,
1023 2670 1056 2720 et
1090 2659 1254 2724 Pollionis
1280 2671 1314 2721 et

265 2760 379 2826 Cassii
395 2782 455 2821 reo
475 2763 668 2840 Asprenate
690 2759 844 2841 aliasque
863 2760 1047 2850 plurimos.
1087 2760 1179 2841 Quin
1194 2762 1310 2834 etiam,

264 2862 425 2925 siminus
442 2883 547 2943 pares
574 2861 787 2933 videbuntur,
812 2862 948 2945 aliquae
971 2874 1083 2924 tamen
1103 2863 1150 2923 orl
1166 2883 1312 2944 cognos-

266 2966 409 3026 cendam
421 2964 533 3024 litium
545 2963 778 3045 quaestionem
790 2977 879 3028 recte
895 2965 1125 3049 requirentur,
1143 2976 1180 3026 ut
1192 2978 1315 3026 contra

267 3066 440 3130 Ciceronis
473 3065 647 3127 orationes
677 3067 872 3129 Tuberonis
896 3067 931 3128 in
957 3068 1139 3150 Ligarium
1162 3080 1194 3130 et
1220 3071 1312 3131 Hor-

265 3167 368 3229 tensii
394 3188 461 3247 pro
498 3169 619 3230 Verre.
675 3169 768 3251 Quin
801 3170 926 3240 etiam,
960 3171 1096 3231 easdem
1123 3192 1246 3232 causas
1275 3182 1313 3231 ut

265 3268 407 3352 quisque
433 3269 557 3349 egerit,
584 3270 666 3331 utile
691 3272 758 3332 erit
784 3271 890 3332 scire:
917 3290 997 3330 nam
1021 3271 1068 3331 de
1095 3271 1119 3330 d
1130 3293 1221 3331 omo
1244 3271 1313 3334 Gi-

265 3370 444 3431 oeronis
471 3370 564 3432 dixit
593 3374 765 3444 Calidius,
797 3383 830 3432 et
859 3391 925 3451 pro
956 3370 1090 3431 Milone
1119 3371 1313 3433 orationem

266 3475 397 3534 Brutus
418 3473 680 3536 exercitationis
714 3472 832 3554 gratia
857 3470 1011 3549 scripsit,
1037 3469 1173 3533 etiamsi
1196 3473 1310 3554 egisse

264 3595 342 3636 eum
368 3575 552 3640 Cornelius»
569 3579 688 3640 Celsus
697 3573 806 3663 falso
827 3571 1018 3634 existimat.

300 3717 371 3763 dixit
387 3716 513 3779 Calidius]
547 3721 583 3763 An
602 3718 671 3762 dixit
691 3723 715 3761 et
733 3713 866 3760 Calidius?
889 3717 906 3763 i.
933 3729 956 3760 s.
983 3731 1029 3761 non
1049 3721 1127 3764 solnm
1147 3720 1251 3772 Cicero,
1270 3724 1311 3766 sed

335 3809 408 3852 etiarn
426 3809 542 3852 Calidius.
563 3805 678 3849 Ceterum·
704 3819 733 3848 ex
758 3804 794 3845 his
822 3804 903 3847 verbis
929 3807 1171 3867 supereminens,
1192 3809 1313 3853 Calidium

335 3909 382 3938 non
401 3898 479 3939 minus
497 3899 569 3948 utque
581 3892 722 3935 Ciceronem
741 3892 785 3934 huc
806 3892 834 3934 de
853 3906 879 3936 rs
896 3892 987 3947 publice
1008 3895 1101 3952 egisse,
1122 3909 1165 3940 nec
1184 3898 1211 3940 de
1231 3897 1310 3940 decla-

335 3983 440 4027 matione
466 3981 566 4037 quedem
588 3992 617 4021 en
642 3979 816 4023 intellexeritis:
845 3981 902 4023 illud
928 3982 991 4025 enim
1009 3983 1202 4028 exercitationis
1220 3984 1309 4044 gratio

336 4070 370 4118 sd·
385 4069 455 4116 Bruti
470 4072 562 4114 tanturn
579 4066 666 4110 lihruur
684 4067 837 4112 reiciendum
856 4069 977 4114 existimo.

500 4186 527 4245 3.
569 4184 668 4243 Oratio
688 4203 740 4258 pro
760 4187 799 4244 it.
822 4187 945 4242 Aemilio
965 4185 1084 4243 Scauro.

330 4289 433 4352 Causa
464 4301 511 4352 est
541 4302 608 4353 ncta
640 4309 668 4354 a.
701 4291 766 4352 too
788 4291 867 4369 (51).
902 4291 942 4352 Ρ.
976 4287 1127 4352 Valerius
1162 4287 1310 4352 'friarius
