2992 4840
1181 369 1240 433 165

190 521 345 590 ornandi
371 543 490 601 causa,
512 533 551 586 ut
571 521 754 586 delectaret
780 523 929 600 animos,
953 536 992 588 ut
1009 539 1238 608 permoveret,

190 641 232 691 ut
255 638 401 710 augeret
427 647 522 702 rem,
548 638 586 688 ut
613 625 910 703 miserationibus,
941 640 979 692 ut
1002 631 1240 696 communibus

193 730 281 794 locis
305 740 476 792 uteretur.
530 729 598 793 Sed
621 728 736 792 nescio
765 749 834 811 quo
861 730 964 794 modo
987 731 1112 808 buius,
1140 750 1240 816 quem

193 844 330 896 constat
362 831 559 915 eloquentia
587 831 824 914 praestitisse,
860 833 1028 896 exiliores
1063 836 1241 899 orationes

191 947 273 1000 sunt
308 945 342 998 et
376 929 568 998 redolentes
605 933 720 1018 magis
757 934 1000 1018 antiquitatem
1038 958 1142 1022 quam
1178 950 1242 1001 aut

192 1036 305 1102 Laelii
325 1048 387 1098 aut
409 1036 580 1118 Scipionis
602 1048 664 1099 aut
689 1036 795 1100 etiam
817 1036 928 1118 ipsius
950 1041 1104 1117 Catonis,
1124 1040 1241 1125 itaque

192 1150 423 1216 exaruerunt,
448 1139 510 1203 vix
536 1139 606 1202 iam
631 1150 671 1202 ut
693 1153 899 1222 appareant.

255 1240 374 1304 ibidem
396 1262 427 1305 c.
448 1241 507 1318 86,
528 1240 603 1305 995.
648 1242 794 1305 Galbam
823 1242 961 1306 laudas.
1005 1243 1046 1308 Si
1075 1255 1113 1308 ut
1146 1245 1241 1310 illius

190 1344 318 1408 aetatis
346 1343 561 1426 principem,
597 1344 795 1415 assentior:
826 1344 876 1407 sic
912 1345 1003 1408 enim
1032 1347 1239 1430 accepimus.

194 1447 257 1511 Sin
280 1458 320 1509 ut
343 1458 540 1523 oratorem,
567 1445 671 1522 cedo,
697 1467 844 1530 quaeso,
870 1449 1093 1512 orationes
1117 1449 1242 1532 (sunt

191 1574 210 1612 e
225 1549 335 1632 nim)
359 1561 393 1613 et
420 1549 495 1626 dic,
520 1551 630 1624 bunc,
654 1570 755 1631 quem
774 1561 814 1612 tu
835 1553 913 1633 plus
936 1573 1041 1635 quam
1063 1563 1097 1615 te
1122 1573 1240 1626 amas,

191 1655 341 1716 Brutum
363 1654 444 1714 velle
468 1663 502 1713 te
526 1651 587 1716 illo
607 1650 710 1714 modo
731 1650 857 1714 dicere.

260 1753 382 1817 ibidem
399 1776 430 1818 c.
454 1754 505 1829 97,
533 1753 609 1817 333.
653 1755 779 1819 Nonne
801 1752 985 1832 cernimus,
1011 1755 1072 1819 vix
1092 1757 1241 1840 singulis

191 1857 365 1920 aetatibus
386 1855 485 1920 binos
513 1868 671 1919 oratores
694 1855 884 1920 laudabiles
903 1857 1124 1922 constitisse?
1159 1863 1242 1924 Gal·

193 1961 238 2023 ba
259 1958 337 2047 fuit
356 1957 448 2024 inter
469 1970 521 2023 tot
541 1961 702 2043 aequales
723 1980 813 2023 unus
832 1962 1014 2037 excellens,
1036 1962 1106 2037 cui,
1126 1984 1242 2046 quem-

194 2061 387 2124 admodum
407 2061 623 2145 accepimus,
652 2071 685 2124 et
710 2063 797 2126 Cato
822 2061 963 2125 cedebat
987 2064 1105 2128 senior
1125 2077 1158 2128 et
1182 2065 1241 2150 qui

197 2165 412 2248 temporibus
434 2162 503 2227 illis
524 2175 637 2226 aetate
660 2161 852 2254 inferiores
863 2163 1037 2255 fuerunt·
1187 2253 1190 2260 Ι

258 2265 377 2331 Cicero
404 2269 443 2329 de
470 2266 612 2330 Oratore
640 2267 677 2341 3,
700 2269 738 2344 7,
764 2267 817 2330 tr.
862 2268 1041 2350 Adspicite
1067 2289 1157 2331 nunc
1183 2292 1243 2334 eos

195 2371 352 2433 homines
373 2380 477 2453 atque
498 2366 692 2443 intuemini,
714 2390 863 2452 quorum
885 2369 926 2432 de
933 2368 1117 2460 facultate
1138 2393 1242 2454 quae·

193 2471 323 2547 rimus,
356 2472 441 2557 quid
471 2469 610 2533 intersit
643 2470 734 2532 inter
771 2482 953 2533 oratorum
988 2472 1107 2534 studia
1140 2485 1242 2556 atque

195 2586 356 2638 naturas.
380 2604 422 2616 -
455 2572 671 2638 Gravitatem
700 2569 919 2662 Africanus,
952 2573 1128 2635 lenitatem
1154 2578 1242 2638 Lae-

193 2675 274 2753 lius,
287 2687 289 2692 '
302 2675 590 2759 asperitatem
616 2674 767 2752 Galba,
790 2674 978 2764 profluens
997 2675 1162 2760 quiddam
1182 2678 1243 2739 ha·

194 2778 269 2841 buit
299 2780 412 2846 Carbo
444 2791 477 2842 et
511 2799 692 2842 canorum.
736 2777 824 2860 Quis
844 2779 970 2841 horum
993 2799 1062 2842 non
1081 2778 1246 2862 princeps

193 2882 412 2965 temporibus
437 2881 508 2945 illis
528 2879 637 2972 fuit,
667 2891 701 2980 et
727 2901 792 2944 suo
817 2891 932 2944 tamen
954 2881 1098 2966 quisque
1125 2879 1162 2944 in
1186 2904 1246 2966 ge·

195 3005 278 3048 nere
303 2985 491 3068 princeps?

259 3085 377 3150 Livius
404 3087 428 3149 l.
457 3087 508 3161 45,
534 3085 587 3149 39.
633 3085 744 3149 Galba
764 3083 851 3146 nihil
871 3096 1116 3170 praeterquam
1137 3086 1243 3170 loqui,

196 3201 230 3252 et
253 3190 290 3252 id
311 3189 426 3271 ipsum
450 3190 620 3251 maledice¹
643 3209 685 3249 ac
708 3187 859 3269 maligne
884 3187 1016 3251 didicit.

196 3293 199 3298 ‘
261 3289 369 3354 'faciti
391 3289 524 3373 Dialog.
547 3293 585 3354 de
609 3291 744 3354 Orator.
772 3311 803 3353 a.
829 3289 880 3352 18.
924 3294 1020 3353 Haec
1043 3289 1121 3354 ideo
1142 3314 1242 3374 prae·

102 3429 108 3436 ν
158 3447 161 3454 .
196 3393 287 3468 dixi,
314 3405 364 3470 ut,
389 3394 506 3477 siqua
522 3415 569 3455 ex
590 3394 716 3456 horum
738 3403 920 3456 oratorum
931 3389 1047 3482 fama
1064 3394 1245 3478 gloriaque

198 3498 277 3558 laus
301 3496 513 3577 temporibus
537 3495 744 3578 acquiritur,
771 3496 915 3557 eandem
939 3494 1097 3558 docerem
1119 3496 1153 3556 in
1179 3519 1249 3559 me-

198 3598 257 3661 dio
280 3598 386 3662 sitam
416 3609 450 3660 et
476 3596 677 3679 propiorem
708 3596 806 3659 nobis
835 3617 939 3680 quarn
965 3595 1118 3660 Servio
1145 3599 1248 3660 Gal·

198 3700 295 3776 bae,
320 3701 411 3764 Gaio
435 3698 606 3776 Carboni,
642 3719 795 3782 quosque
819 3698 909 3761 alios
936 3698 1060 3762 merito
1086 3699 1248 3783 antiquos

198 3803 448 3866 vocaverimus.
493 3813 574 3865 sunt
603 3803 695 3864 enim
726 3799 863 3864 horridi
891 3812 924 3863 et
949 3799 1100 3883 impoliti
1130 3815 1162 3863 et
1188 3823 1249 3863 ru·

198 3902 261 3968 des
291 3916 325 3968 et
340 3902 550 3995 informes,
585 3916 618 3967 et
645 3925 734 3987 quos¹
763 3902 898 3966 utinam
926 3923 968 3964 ne
996 3902 1032 3963 in
1063 3903 1124 3965 illa
1146 3911 1248 3982 parte

199 4006 359 4071 imitatus
389 4017 478 4080 esset
510 4009 634 4070 Calvus
671 4017 781 4070 vester
815 4016 878 4068 aut
912 4002 1049 4068 Coelius
1083 4013 1147 4064 aut
1177 3999 1249 4084 ipse

200 4111 348 4295 Olcibid.
372 4231 403 4273 c.
428 4211 480 4274 lb.
515 4209 685 4292 Quodad
707 4209 866 4276 Servium
882 4203 1026 4268 Galbam
1049 4213 1082 4264 et
1106 4205 1145 4267 G.
1167 4208 1252 4269 Lae-

157 4283 162 4298 }
204 4313 291 4384 lium
318 4312 474 4388 adtinet,
509 4323 540 4376 et
568 4311 600 4374 si
629 4331 714 4393 quos
744 4310 833 4374 alios
865 4303 1089 4386 antiquorum
1114 4306 1252 4388 agitare
