2966 4842
309 514 384 571 lecta
404 512 474 572 satis
494 517 608 578 multas,
631 528 723 584 pauca
745 513 832 570 brisso
852 529 966 586 queror.

239 605 324 662 Plura
344 608 396 663 sed
418 607 490 663 baec
511 609 564 664 teci
585 607 741 676 retegendo
762 623 869 676 saepes
891 623 944 663 neo
964 624 1097 679 umquam

314 716 371 756 non
391 701 463 756 mihi
484 715 570 771 quam
590 701 683 772 primo
704 705 784 770 grata
805 701 884 756 tuere
903 702 1004 769 magis.

237 791 366 864 Cumque
387 793 459 848 nihil
481 795 564 849 toties
584 797 659 849 lecta
679 809 696 847 e
717 794 871 848 dulcedine
891 795 1032 863 perdant,

309 887 417 942 viribus
437 888 488 941 illa
509 887 580 954 suis,
603 902 660 941 non
681 888 806 943 novitate
827 888 952 956 placent.

237 977 358 1046 Felices,
380 979 483 1048 quibus
504 979 577 1034 baec
597 972 659 1049 ipso
680 995 854 1048 cognoscere
874 979 903 1033 in
925 983 1000 1046 actu,

314 1075 343 1125 et
363 1074 422 1126 tam
443 1072 566 1127 tacundo
586 1074 705 1141 contigit
725 1089 775 1128 ore
795 1073 866 1128 truil

234 1161 273 1218 nt
291 1163 348 1216 nisi
369 1177 547 1232 peccassem,
570 1164 625 1220 nisi
646 1181 692 1220 me
711 1179 776 1220 mea
795 1179 877 1220 musa
898 1165 1035 1234 higasset,

312 1253 395 1320 Quod
418 1257 484 1322 legi,
507 1260 554 1310 tua
575 1271 629 1312 vox
649 1257 826 1312 exhibuisset
844 1270 932 1327 opusc

236 1347 324 1415 utque
345 1347 383 1402 tui
405 1348 516 1416 solitus,
538 1350 677 1406 sedissem
699 1349 811 1403 torfltan
832 1365 905 1404 unus
944 1393 947 1402 .

317 1440 488 1496 decentum
508 1441 596 1497 iudex
615 1443 643 1498 in
665 1445 712 1497 tua
731 1441 820 1497 verbu
840 1441 917 1496 viris.

493 1569 597 1626 CXXl.
627 1569 735 1626 Cassius
756 1569 879 1626 Severus.

221 1677 322 1740 Natus
336 1691 395 1755 est,
414 1693 448 1742 ut
463 1679 666 1744 Weicbertio
682 1680 786 1762 placet
801 1683 838 1742 de
856 1678 970 1743 Cassio
988 1678 1154 1742 Parmensi
1169 1702 1201 1760 p.

157 1780 244 1854 203,
266 1783 323 1842 sub
344 1779 465 1843 initium
482 1781 581 1843 seculi
599 1785 638 1843 ab
666 1805 711 1843 u..
725 1804 754 1843 c.
781 1779 898 1844 octavi.
915 1775 1044 1844 Cassius
1068 1781 1206 1842 Severus

158 1882 367 1963 Longulanus
387 1883 519 1957 dicitur,
537 1885 560 1946 i.
581 1906 610 1945 e.
632 1867 801 1965 Longulae
815 1881 900 1944 Latii
920 1881 1042 1964 oppido
1059 1893 1159 1954 ortus,
1174 1881 1205 1942 in

155 1981 264 2044 Indice
292 1987 470 2047 Auctorem
490 1985 588 2048 Plinii
619 1984 677 2068 lib.
704 1985 851 2046 XXXV.
881 1981 979 2048 Conf.
1009 1981 1207 2055 Harduinus‚

156 2084 282 2145 Falster
304 2084 448 2147 Memor.
474 2107 508 2165 p.
538 2089 553 2144 7
560 2087 575 2144 7
581 2129 601 2162 .,
626 2085 796 2146 Weichert
820 2105 853 2163 p.
873 2085 943 2152 191.
965 2083 1089 2147 Deinde
1110 2081 1207 2145 liber·

154 2196 218 2244 turn
241 2205 309 2244 eum
326 2184 423 2246 fuisse
440 2184 544 2248 Cassii
557 2185 737 2259 cuiusdam,
754 2183 884 2245 tradidit
902 2185 1066 2247 Drurnann
1078 2185 1198 2245 Gesch.

155 2285 267 2349 Roms.
290 2297 314 2347 t.
333 2287 365 2346 2.
390 2309 424 2366 p.
444 2287 515 2348 161.
539 2285 619 2349 Cum
645 2286 758 2348 satiras
773 2284 805 2346 in
825 2283 914 2346 viros
934 2283 1130 2369 feminasque
1146 2303 1204 2346 no·

156 2387 236 2448 biles
263 2386 458 2467 scripsisset,
485 2388 527 2468 ab
546 2391 695 2470 Augusto
718 2385 750 2446 in
773 2385 905 2447 insulam
929 2383 1059 2449 Cretam
1082 2386 1207 2466 relega·

154 2498 217 2562 tus,
236 2510 252 2550 a
273 2488 409 2551 Tiberio
429 2487 461 2550 in
487 2509 596 2550 saxum
617 2486 786 2568 Seriphum
802 2485 833 2547 iu
850 2485 978 2548 exilium
1001 2487 1129 2559 eiectus,
1144 2484 1206 2546 ibi·

156 2612 216 2672 que
241 2603 384 2652 mortuus
413 2601 472 2652 est.
518 2591 567 2652 De
599 2608 680 2650 anno
709 2585 797 2648 exilii
829 2585 1015 2648 dissentiunt
1037 2586 1202 2666 Hierony·

156 2714 223 2752 mus
249 2701 343 2777 atquc
364 2691 506 2754 Tacitus.
525 2725 562 2734 —
585 2689 803 2766 Hieronymus
825 2686 906 2749 enim
929 2687 1040 2760 refert,
1061 2685 1205 2749 Cassium

155 2818 182 2866 a,
208 2796 266 2856 761
292 2797 325 2874 (8
350 2816 384 2874 p.
411 2791 492 2871 Ch.)
515 2789 697 2853 inexilium
723 2788 877 2863 eiectum,
902 2786 933 2848 in
962 2809 1064 2870 eoque
1093 2809 1119 2851 a.
1144 2788 1203 2850 786

155 2899 222 2974 (33)
246 2906 402 2960 mortuum
428 2915 506 2961 esse.
551 2891 641 2954 Dicit
663 2889 744 2951 enirn
768 2891 807 2950 ad
830 2888 964 2951 Eusebii
991 2886 1117 2951 Chr-on.
1145 2887 1202 2951 01.

155 3000 230 3060 202.
276 2997 316 3059 33
341 3019 375 3078 p.
401 2995 482 3059 Chr.
519 2995 556 3054 19
580 2990 658 3072 imp.
684 2989 809 3052 Tiberii
833 3014 874 3046 =
896 3012 925 3051 a.
952 3013 983 3051 u.
1008 2991 1091 3050 786:
1122 2991 1205 3052 Cas·

151 3102 226 3163 sins
241 3103 385 3163 »Seuerus
407 3095 570 3178 egregius
595 3105 728 3167 orator,
755 3093 813 3175 qui
828 3091 1053 3172 Quintianum
1072 3089 1107 3151 in
1122 3089 1204 3151 ludo

155 3205 286 3264 luserat
310 3199 515 3282 prouerbium
543 3199 590 3272 (ut
614 3193 791 3256 emendavit
811 3191 958 3274 Scaliger
976 3213 1010 3271 p.
1033 3183 1124 3268 787.)
1157 3189 1205 3251 ui·

155 3303 292 3386 gesimo
316 3302 436 3384 quinto
465 3298 564 3360 exilii
586 3297 641 3358 sui
663 3315 755 3356 auno
776 3295 811 3356 in
835 3314 970 3356 summa
992 3291 1111 3373 inopia
1133 3312 1204 3352 mo·

153 3407 262 3478 ritur,
295 3405 356 3464 uix
384 3421 501 3482 panno
534 3397 681 3460 uerenda
709 3407 894 3458 contectus.
941 3391 1073 3456 Tacitus
1101 3402 1203 3453 autem

152 3506 265 3578 refert,
287 3503 430 3569 Cassium
458 3503 610 3562 Severum
637 3520 666 3558 a.
691 3499 749 3558 767
768 3498 836 3571 (11)
857 3495 1006 3576 Augusto
1032 3493 1207 3570 imperante
1281 3528 1283 3532 -

150 3605 182 3666 in
208 3605 336 3669 Cretam
373 3613 529 3672 amotum,
555 3598 666 3658 deinde
693 3596 724 3656 in
751 3616 861 3655 saxum
891 3592 1059 3668 Seriphum
1086 3608 1116 3648 a.
1145 3588 1203 3648 777

152 3706 220 3782 (21)
248 3701 383 3763 Tiberio
411 3710 542 3760 auctore
570 3696 602 3754 in
628 3692 757 3754 exilium
780 3691 926 3761 missum,
961 3687 1069 3771 ibique
1092 3707 1204 3750 conse·

151 3802 275 3875 nuisse,
300 3801 345 3862 ita
369 3811 402 3860 ut
428 3818 456 3860 a.
491 3795 550 3857 792
581 3794 649 3872 (39)
680 3813 697 3854 e
725 3791 788 3852 vita
821 3787 1010 3864 decesserit,
1034 3788 1060 3851 si
1094 3807 1203 3849 verum

153 3915 212 3977 est,
239 3902 326 3984 quod
341 3897 557 3974 Hieronymus
572 3893 684 3967 refert,
709 3915 779 3955 eum
803 3891 966 3973 vigesimo
988 3890 1107 3973 quinto
1129 3885 1204 3948 exi-

151 4005 191 4067 lii
219 4003 275 4065 sui
300 4020 392 4062 anno
424 3995 505 4058 diem
544 3993 674 4057 obiisse.
727 3991 818 4057 Dicit
850 3991 931 4053 enim
960 3991 992 4051 in
1022 3984 1201 4050 Annalibus

154 4110 182 4180 1,
204 4105 283 4164 tm:
311 4100 449 4163 Primus
469 4098 652 4176 Augustus
672 4093 903 4176 cognitionem
926 4092 967 4152 de
980 4085 1144 4180 famosis
1158 4084 1205 4150 ¹li·

151 4204 246 4268 bellis
274 4201 384 4285 specie
408 4196 494 4280 legis
516 4194 707 4258 maiestatis
729 4191 902 4262 nouauit,
918 4197 1108 4252 cornmotus
1123 4187 1206 4249 Cas-

200 4365 272 4414 llipieri
284 4364 339 4401 ossi.
348 4361 404 4398 lloun
418 4358 494 4401 euru.
511 4355 568 4394 cM.
960 4347 1001 4408 35
