2976 4844
1184 363 1242 430 125

196 523 401 592 Creabantur
426 524 551 590 Romae
578 523 688 590 nescio
715 543 781 611 quo
804 546 886 590 anno
910 523 1043 598 aediles,
1070 544 1152 608 quos
1176 544 1243 606 po.

194 642 261 692 sten
297 626 592 691 animadvertebant
633 627 836 714 magistratus
878 628 956 694 vitio
994 639 1123 692 creatos
1160 647 1241 690 esse.

196 730 281 796 Cato
308 728 492 792 sententiam
515 730 615 807 dixit,
644 742 679 792 ut
706 730 846 807 comitia,
875 731 994 818 quibus'
1017 731 1090 794 lecti
1111 729 1242 805 fuerint,

194 833 288 898 irrita
309 845 341 897 et
364 836 468 897 denuo
492 835 636 897 habenda
660 847 775 898 essent.

260 936 384 1001 Gellius
412 937 462 1013 13,
493 940 544 1000 17.
589 938 715 1002 Oratio
748 949 811 1001 est·
829 939 885 1002 M.
918 938 1061 1003 Catonis
1094 936 1244 1000 censorii

196 1042 251 1104 De
281 1039 452 1104 aedilibus
486 1039 570 1104 vitio
604 1041 744 1104 arentis.
789 1044 850 1106 Ex
880 1062 922 1104 eo
953 1041 1112 1104 oratione
1143 1040 1245 1103 uerba

195 1145 279 1208 hoec
305 1155 409 1205 sunt:
438 1145 542 1208 Nono
565 1143 617 1206 ito
641 1149 760 1220 oium,
790 1143 826 1206 in
852 1143 1025 1228 segetibus
1048 1155 1081 1208 et
1107 1143 1143 1206 in
1166 1145 1243 1206 her·

195 1246 247 1309 bis
281 1246 372 1309 bona
395 1244 592 1337 frumenta
623 1269 709 1310 esse.
754 1247 874 1312 Nolite
901 1247 949 1310 ibi
975 1247 1119 1310 nimiam
1148 1267 1244 1328 spem

195 1350 335 1412 habere.
380 1353 488 1433 Saepe
511 1349 647 1424 audivi,
676 1348 767 1412 inter
798 1370 837 1413 os
866 1360 968 1434 atque
998 1347 1109 1436 cffom
1135 1352 1245 1412 multo

196 1451 404 1514 intervenire
425 1473 548 1536 posse,
572 1473 773 1515 verumvero
795 1451 887 1514 inter
908 1449 1021 1540 offam
1045 1463 1149 1538 atque
1165 1452 1242 1514 her·

196 1556 288 1628 bam,
317 1554 365 1618 ibi
388 1577 469 1619 vero
496 1558 639 1639 longum
667 1553 886 1618 intervallum
913 1566 977 1618 est.

231 1714 297 1745 nune
318 1701 355 1745 im
372 1698 460 1759 nient]
497 1701 551 1746 zell
576 1701 781 1748 Foriensehrilten
805 1701 836 1746 Τ.
861 1697 887 1748 2.
911 1715 936 1758 p.
960 1697 1003 1746 3⁶.
1026 1701 1061 1746 sie
1082 1701 1170 1746 vertit:
1203 1699 1243 1745 leh

268 1790 337 1844 latire,
362 1803 416 1834 man
438 1795 492 1849 sagr
512 1791 568 1852 jszt,
589 1791 626 1835 dis
646 1791 703 1836 Saat
721 1792 806 1834 stlluda
826 1790 901 1835 senus
919 1789 962 1838 ani
977 1790 1022 1835 den
1042 1789 1151 1838 llalmen.
1179 1789 1245 1834 flam

266 1878 351 1936 jadoch
373 1878 438 1922 nicht
460 1891 489 1922 an
511 1878 556 1924 rial
576 1878 670 1924 darauf.
715 1877 756 1922 leli
777 1877 838 1925 habe
860 1878 896 1922 oft
918 1878 1023 1937 gondri,
1046 1879 1101 1924 dm
1124 1878 1243 1924 zwiselsen

268 1967 341 2010 Mnnd
364 1968 409 2010 und
431 1967 515 2011 Biasen
537 1964 584 2012 viel
607 1967 741 2026 gaschahsn
764 1966 845 2020 kann,
879 1967 938 2011 aber
959 1967 1076 2012 zwisetsn
1100 1966 1175 2011 Mnnd
1198 1967 1244 2010 nnd

267 2055 310 2099 dar
338 2055 395 2098 Saat
422 2057 466 2099 anf
490 2055 534 2100 den
569 2055 669 2100 llalmen
705 2055 737 2099 ist
765 2050 910 2114 wahshsftig
944 2055 997 2101 eins
1027 2057 1098 2113 luinge
1130 2053 1239 2098 snecko.

267 2141 358 2186 Eadem
384 2144 501 2188 sententia
525 2142 625 2187 Catonis
651 2144 674 2187 in
696 2144 815 2188 vincentii
840 2143 942 2198 Speculo
967 2143 1100 2188 Doctriuali
1123 2143 1167 2196 vt,
1196 2139 1243 2187 128

268 2230 303 2277 lli.
324 2231 430 2274 Varroni
450 2231 565 2276 tribuitur
587 2246 662 2290 saque
683 2233 778 2288 paulum
797 2231 922 2275 immutato
942 2229 975 2276 ibi
991 2231 1026 2275 sic
1046 2233 1151 2289 legitur:
1171 2227 1245 2275 Nunc

270 2317 297 2361 in
318 2319 448 2380 segetibus
468 2321 540 2364 aiunt
561 2319 589 2366 in
612 2317 698 2364 herbis
723 2319 752 2363 in
775 2315 860 2362 lerdis
882 2319 910 2366 in
925 2313 1067 2377 frumentis
1087 2319 1152 2362 dono
1176 2321 1243 2363 eunt.

267 2403 350 2452 Nolite
369 2407 405 2450 ihi
424 2408 529 2455 nlminm
551 2421 622 2466 apem
644 2404 746 2452 dobere.
784 2405 864 2464 Saepe
882 2404 978 2460 oudini,
996 2406 1062 2450 inter
1083 2419 1112 2450 os
1130 2411 1155 2450 st
1169 2401 1244 2467 offam

269 2495 348 2540 mullo
370 2495 521 2540 intervenire
542 2509 631 2554 porea.
673 2493 765 2540 Verum
787 2495 853 2538 inter
875 2491 978 2538 larbam
1001 2500 1026 2536 ot
1044 2490 1120 2554 offam
1140 2493 1244 2552 longum

269 2583 429 2628 interuallum
447 2589 494 2628 eat.
541 2584 701 2628 Schneider-us
720 2584 740 2625 si
763 2581 920 2642 meminisset,
942 2595 969 2626 aa
992 2581 1082 2640 verba,
1105 2593 1134 2624 ex
1152 2579 1245 2626 Catone

269 2678 378 2729 sumpta,
400 2675 459 2728 apud
481 2671 585 2717 Gellium
606 2673 674 2730 legi,
704 2671 733 2714 de
755 2669 919 2715 emendations
942 2682 1026 2715 eornm
1049 2682 1094 2712 non
1114 2667 1246 2714 dubitasset

275 2763 298 2807 in
317 2759 504 2807 Dissertations
523 2759 553 2806 da
574 2759 625 2806 olto
647 2764 671 2804 et
692 2759 797 2817 scrupus
820 2755 945 2803 Varronis
964 2771 988 2814 p.
1008 2753 1069 2802 211.

236 2889 302 2934 inter
324 2901 353 2933 oa
374 2893 447 2947 olous
467 2882 554 2947 offam]
590 2899 703 2945 graecum
731 2883 905 2939 proverbium:
934 2877 1036 2932 Πολλὰ
1060 2875 1173 2948 μεταξὺ
1196 2878 1248 2932 atti·

270 2973 351 3036 λικος
377 2973 429 3024 καὶ
455 2971 567 3036 χείλεος
592 2965 699 3043 ἄκρου.
745 2973 803 3017 vit.
829 2968 924 3028 Corpus
954 2969 1245 3031 Poroemiogropleorum

270 3077 422 3126 graecorum
446 3065 485 3107 sd.
506 3062 608 3108 Lsnlsch
630 3067 654 3106 at
672 3061 835 3105 Schneidewin
855 3059 887 3104 Τ.
905 3058 930 3104 1.
950 3073 974 3116 p.
998 3053 1057 3106 ³71.

236 3195 260 3236 et
276 3190 304 3234 in
323 3186 424 3249 des-du]
458 3189 532 3234 Deest
555 3192 580 3231 et
600 3187 623 3231 in
646 3187 700 3235 eod.
722 3185 781 3243 lleg.
803 3183 874 3242 prob.
896 3183 1036 3231 Duebnern.

265 3311 380 3374 Festus
396 3331 430 3392 p.
448 3307 521 3374 162.
566 3304 727 3372 Neminie
755 3301 924 3388 (genitivo
947 3307 1032 3368 cusu
1054 3308 1141 3372 cato
1163 3327 1248 3369 usus

200 3412 271 3494 est)
296 3458 305 3475 .
331 3457 340 3476 .
366 3457 376 3476 .
410 3413 543 3496 etquis
568 3409 696 3473 eliceret
723 3430 802 3472 cum
828 3408 875 3471 sit
899 3408 1091 3490 (neminis).
1133 3409 1246 3491 (Idem

202 3515 243 3578 cle
269 3515 454 3596 aedilibus)
480 3512 564 3578 vitio
589 3511 734 3575 creatis:
760 3511 1006 3596 neminisque.
1032 3554 1042 3574 .
1067 3555 1077 3576 .
1174 3515 1175 3520 ’

237 3659 302 3706 idem
323 3661 353 3707 de
371 3659 498 3707 aedilibus
519 3660 578 3705 nitio
602 3653 708 3715 croatie]
745 3657 781 3701 sie
802 3659 960 3713 supplendum
979 3671 1033 3703 esse
1050 3660 1141 3704 monui.

485 3865 486 3868 Ἴ
542 3891 590 3948 69.
624 3888 723 3946 Oratio
743 3890 779 3946 ad
800 3889 901 3948 filium.

266 4025 315 4086 Ea
342 4044 385 4086 ex
407 4021 607 4086 orationibus
631 4019 766 4087 Catonis
793 4023 924 4088 delenda
950 4033 1009 4085 est.
1055 4022 1137 4084 Nam
1162 4018 1247 4086 Cato

203 4146 269 4190 nnn
284 4125 462 4189 orationem
483 4128 523 4188 ad
537 4123 650 4201 filium,
672 4145 784 4187 verum
804 4134 974 4206 praecepta
996 4125 1035 4184 ad
1055 4143 1125 4185 eum
1144 4123 1248 4208 scrip·

203 4227 282 4293 sisse
313 4229 440 4309 fertur,
476 4250 613 4316 quornm
646 4227 826 4314 fragmenta
858 4249 876 4290 a
908 4222 1041 4302 Plinio,
1073 4223 1247 4303 Diomede,
