2984 4842
272 385 333 451 366

274 542 402 619 iudico,
416 541 504 624 quod
516 535 620 601 Ulrioi
636 533 767 599 tradidit
779 533 1064 620 Historiograpbie
1082 555 1115 616 p.
1135 534 1205 596 115.
1223 531 1315 596 Alius

275 647 412 711 fortasse
429 638 596 706 Claudium
613 638 840 722 imperatorem
855 636 1092 737 intelligendum
1115 646 1219 718 putet,
1236 633 1316 697 alius

276 746 417 831 Appium
430 740 598 807 Claudium
613 741 763 814 Caecum,
776 751 939 803 oratorem
954 735 1219 822 antiquissimum,
1237 734 1316 798 alius

275 847 418 932 Appium
436 843 602 909 Claudium
626 843 813 917 Pulchrum,
843 841 893 904 vel
918 839 1088 905 Claudium
1111 838 1316 912 Marcellum,
1405 866 1408 872 ·
1478 935 1479 942 ἵ

276 951 421 1034 aequales
445 945 628 1012 Ciceronis.
674 948 738 1008 Sed
757 943 855 1007 Nonii
880 944 977 1006 verba
1004 944 1192 1006 emendanda
1208 939 1316 1023 potius

277 1050 443 1117 existimo:
472 1049 626 1114 Calidius
655 1048 690 1110 in
719 1047 877 1110 oratione
902 1045 937 1106 in
961 1045 1127 1127 Quintum
1152 1045 1315 1109 Gallium.

277 1153 395 1220 Calidii
420 1152 522 1227 enim,
546 1149 659 1213 summi
682 1147 841 1225 oratoris,
864 1147 897 1210 in
925 1147 967 1226 Q.
992 1145 1130 1210 Gallium
1153 1146 1237 1210 actio
1258 1144 1318 1208 fuit

277 1254 504 1329 celeberrima,
528 1264 560 1314 ut
582 1250 666 1314 inira
693 1249 884 1314 videbimus.

556 1427 647 1486 LXII.
687 1428 720 1486 h.
744 1426 883 1484 Cometen
904 1424 1030 1484 Sisenna.

341 1557 544 1642 Conscripsit
566 1559 607 1624 L.
635 1556 779 1620 Cornelii
809 1554 976 1630 Sisennae,
1005 1552 1153 1617 historici
1180 1554 1317 1633 romani,

278 1664 375 1726 vitam
399 1662 478 1727 Car.
501 1663 588 1722 Lud.
614 1661 717 1722 Roth.
741 1657 883 1719 Basileae
915 1655 1008 1717 1834.
1044 1656 1094 1719 De
1120 1675 1202 1720 anno
1222 1656 1318 1720 natali

277 1763 462 1830 dissentiunt
480 1761 666 1843 scriptores.
690 1756 857 1820 Weichert
875 1755 906 1818 in
925 1758 1018 1820 Poet.
1036 1757 1091 1821 lat.
1114 1759 1189 1823 Rel.
1211 1781 1244 1841 p.
1263 1759 1317 1822 99.

278 1867 440 1931 Sisennam
472 1885 555 1927 anno
585 1863 647 1923 606
675 1882 702 1921 s.
731 1859 792 1920 606
823 1869 927 1920 natum
956 1859 1082 1924 scribit.
1135 1862 1199 1923 Sed
1221 1861 1318 1923 Mad·

278 1967 399 2051 wigius
428 1989 498 2030 eum
534 1961 652 2027 refellit
683 1959 713 2022 in
747 1960 920 2040 Opusculis
953 1960 1017 2024 suis
1051 1984 1083 2044 p.
1119 1964 1191 2026 100.
1223 1976 1318 2046 atque

278 2071 408 2135 Ellendt
423 2091 459 2151 p.
483 2065 583 2140 CIL,
607 2065 830 2126 Westermann
856 2085 888 2145 p.
915 2064 989 2127 228.
1022 2063 1147 2127 Krause
1179 2062 1211 2126 in
1230 2063 1318 2127 Vitis

278 2170 521 2235 Historicorum
543 2188 576 2248 p.
604 2165 697 2240 300„
722 2165 811 2227 Roth
833 2175 864 2227 et
884 2164 1025 2229 Orellius
1041 2165 1074 2228 in
1096 2165 1319 2230 Onomastico

279 2295 362 2336 anno
384 2271 446 2334 634
468 2291 494 2331 s.
523 2267 584 2330 636
606 2277 711 2332 natum
735 2278 863 2348 putant;
894 2265 1057 2347 probabili
1083 2289 1157 2330 sane
1182 2268 1317 2344 ratione,

278 2397 320 2437 ex
337 2395 398 2459 qua
422 2391 504 2434 anno
527 2367 683 2452 legitimo,
710 2390 791 2431 anno
817 2369 926 2432 aetatis
949 2369 1205 2454 quadragesimo,
1224 2392 1318 2452 prae·

277 2486 379 2538 turam
399 2475 548 2535 urbanam
571 2481 602 2533 et
623 2470 824 2553 peregrinam
852 2470 1000 2547 obtinuit,
1026 2493 1138 2555 nempe
1157 2494 1240 2536 anno
1255 2473 1318 2534 675

278 2577 368 2656 (79),
402 2572 490 2636 cuius
512 2572 561 2634 rei
592 2571 682 2634 testis
709 2584 754 2636 est
781 2571 951 2654 inscriptio
986 2576 1151 2657 quaedam.
1209 2577 1317 2657 Atque

277 2676 347 2757 ipse
362 2674 482 2739 Cicero
499 2693 611 2736 annum
633 2674 694 2737 635
713 2672 854 2736 iudicare
874 2673 1011 2750 videtur,
1027 2687 1060 2737 ut
1076 2697 1151 2740 mox
1168 2675 1317 2739 dicemus.

279 2777 376 2838 Anno
396 2777 456 2838 677
479 2772 547 2858 (77)
568 2773 765 2857 provinciam
787 2773 924 2838 Siciliam
952 2775 1194 2839 administravit.
1218 2779 1318 2841 Pom·

278 2874 343 2958 peii
366 2877 489 2960 legatus
514 2889 546 2939 et
570 2875 726 2940 Graeciae
755 2876 935 2959 praefectus
960 2899 990 2940 a.
1014 2879 1075 2940 687
1095 2879 1181 2957 (67);
1202 2881 1316 2941 eodem

280 2998 362 3042 anno
380 2977 413 3041 in
432 2977 541 3054 Creta,
565 3000 630 3062 quo
652 2977 756 3040 iuerat
779 3000 848 3040 cum
875 2978 1018 3042 exercitu
1033 2978 1155 3057 missus,
1172 2979 1318 3054 decessit,

279 3099 362 3144 anno
373 3080 450 3149 LII.
463 3078 585 3143 aetatis.
602 3078 734 3160 Appian
744 3078 776 3140 in
785 3080 969 3143 Mithridat.
983 3081 1033 3151 95.
1043 3081 1109 3146 Dio
1118 3081 1211 3146 Cass.
1225 3081 1276 3158 36,
1288 3082 1320 3146 2.

342 3182 395 3244 An
410 3180 570 3245 orationes
584 3180 719 3262 scriptas
738 3181 922 3265 reliquerit,
948 3182 1114 3247 incertum.
1143 3184 1320 3264 Supersunt

278 3294 380 3346 tamen
392 3282 570 3366 fragmenta
581 3286 732 3367 quaedam
750 3282 903 3360 oratoria,
916 3303 997 3365 quae
1011 3283 1103 3346 libris
1115 3283 1319 3346 historiarum

278 3382 513 3464 inseruerant,
536 3387 666 3448 sedeas
689 3404 753 3447 non
777 3376 872 3446 verae
896 3382 1060 3445 orationes
1075 3404 1142 3445 esse
1159 3383 1317 3460 videntur,

279 3487 334 3548 sed
364 3487 396 3548 in
427 3484 630 3548 historiarum
661 3507 747 3549 usum
777 3481 984 3563 compositae.
1036 3483 1184 3547 Attamen
1208 3505 1318 3548 causas

278 3584 442 3661 novimus,
465 3608 544 3671 quas
566 3598 677 3669 egerat
698 3585 839 3658 Sisenna,
859 3603 1029 3667 earumque
1050 3583 1202 3648 iaciemus
1232 3607 1319 3649 men·

277 3687 409 3752 tionem.
465 3690 502 3751 In
534 3689 608 3753 edit.
637 3687 748 3770 priore
781 3683 959 3768 fragmenta
995 3699 1134 3770 quatuor
1167 3688 1317 3752 Sisennae

277 3785 472 3874 receperain,
496 3810 576 3874 quae
600 3809 682 3851 nuno
705 3785 807 3861 omisi,
834 3807 903 3853 oum
927 3809 968 3851 ex
994 3788 1126 3855 historia
1151 3789 1231 3868 eius,
1253 3811 1318 3854 non

279 3911 320 3954 ex
340 3891 539 3955 orationibus
556 3899 655 3952 sumta
682 3886 859 3954 videantur.
1309 3895 1312 3902 '

341 3991 463 4062 Cicero
481 3993 583 4055 Bruto
606 4012 636 4053 o.
664 3990 717 4053 64.
770 3987 961 4080 Inferioris
982 3993 1108 4057 aetatis
1129 3994 1318 4076 proximus

278 4103 355 4156 erat
369 4097 411 4156 L.
428 4093 584 4170 Sisennm
601 4092 721 4155 doctus
742 4091 796 4154 vir
815 4103 848 4155 et
872 4094 996 4158 studiis
1011 4093 1150 4178 optimis
1167 4094 1316 4167 deditus,

278 4193 360 4254 bene
389 4193 493 4256 latine
525 4196 683 4277 loquens,
722 4215 857 4277 gnarus
889 4196 1112 4278 reipublicae,
1146 4215 1213 4258 non
1243 4195 1318 4257 sine

267 4289 437 4376 facetiis,
464 4294 524 4356 sed
544 4314 650 4378 neque
675 4295 804 4360 laboris
837 4297 935 4360 multi
964 4317 1024 4360 nec
1048 4298 1135 4360 sotis
1161 4307 1315 4360 uersatus
