2992 4840
251 357 313 428 230

346 515 376 570 t.
410 511 507 569 Oratio
526 511 602 582 apud
622 523 759 566 censores
777 508 808 564 in
828 507 967 564 concione
987 506 1024 561 ad
1044 507 1194 576 populum.

319 647 367 709 Ea
390 642 474 705 dicta
497 654 544 704 est
566 663 595 705 a.
620 639 682 702 630
704 639 808 718 (tat).
844 635 886 702 C.
905 637 1074 700 Gracchus
1091 658 1120 699 a.
1138 636 1199 699 628
1217 639 1307 717 (126)

256 759 455 833 quaesturam
480 742 633 820 sortitus,
657 763 728 804 cum
751 743 794 803 L.
817 739 953 803 Aurelio
978 740 1095 804 Oreste
1119 740 1306 804 consulein

258 847 437 914 Sardiniam
464 846 665 929 provinciam
688 842 835 906 decessit.
881 841 963 906 Cum
989 853 1091 906 autem
1117 842 1238 906 inimici
1258 843 1307 907 fa·

261 974 341 1016 mam
364 950 431 1015 eius
456 951 603 1026 laedere,
627 945 882 1010 benevolentiam
907 943 1011 1025 plebis
1037 943 1068 1008 ei
1092 945 1219 1029 eripere
1241 959 1308 1011 stu·

258 1060 387 1129 dorent,
412 1064 647 1136 cuperentque,
671 1071 740 1112 eum
763 1069 856 1133 quarn
881 1046 1054 1110 diutissime
1078 1050 1118 1111 ab
1146 1052 1226 1112 urbe
1251 1053 1308 1114 ab·

257 1180 347 1230 esse,
380 1177 438 1219 nec
468 1173 685 1217 successorem
716 1149 746 1213 ci
775 1149 958 1212 mitterent:
993 1151 1163 1231 provincia
1193 1152 1307 1216 relicta

258 1263 395 1324 Romam
418 1256 511 1320 rediit
537 1278 567 1318 a.
590 1256 651 1317 630
676 1255 779 1334 (126).
826 1251 1005 1328 Censores,
1030 1252 1086 1339 qui
1112 1265 1177 1318 turn
1200 1267 1308 1332 erant,

258 1383 373 1446 equum
398 1359 561 1442 publicum
584 1355 614 1420 ci
637 1356 835 1420 adimendum
856 1376 924 1418 esse
944 1359 1116 1438 putabant,
1140 1356 1215 1442 quia
1230 1377 1309 1440 pro·

258 1462 395 1527 vinciam
419 1472 533 1544 sponte
559 1482 614 1522 sua
637 1458 839 1522 deseruisset.

321 1575 409 1641 Plut.
436 1573 477 1638 C.
502 1573 645 1635 Gracch.
670 1572 702 1633 2.
751 1565 869 1654 Δόγμα
896 1571 1070 1636 ποιοῦνται
1101 1573 1310 1651 (senatores)

262 1681 331 1754 τοῖς
350 1685 411 1762 μὲν
430 1670 652 1764 στρατιώταις
667 1669 824 1758 διαδοχὴν
839 1667 1083 1754 ἀποσταλῆναι,
1106 1669 1164 1740 τάν
1176 1670 1208 1740 δ’
1221 1669 1313 1764 ’0ρὲ-

261 1803 342 1860 στην
357 1780 525 1863 ἐπιμένειν,
547 1771 590 1852 ὡς
611 1772 651 1856 ὃν)
667 1781 721 1841 καὶ
737 1776 795 1840 τοῦ
810 1777 833 1839 I
835 1777 914 1840 otoo
932 1772 989 1840 διὰ
1010 1772 1068 1856 τὴν
1084 1771 1187 1864 ἀρχὴν
1202 1801 1312 1866 παρα-

260 1882 444 1970 μενοῦντος.
493 1873 530 1944 Ὁ
563 1880 596 1943 δὲ
626 1872 752 1943 τούτων
783 1872 873 1969 αὐτῷ
900 1873 1168 1967 προςπεσόντων,
1207 1875 1314 1958 εὐθὺς

262 1985 428 2066 ἐξέπλευσε
454 1978 539 2066 πρὸς
563 1975 667 2071 ὀργὴν
691 1985 747 2045 καὶ
770 1985 886 2071 «μανεὶς
905 1981 938 2046 ἐν
953 1975 1062 2075 Ῥώμη
1083 1977 1158 2070 παρ’
1181 1983 1314 2060 ἐλπίδας

262 2082 301 2153 οὐ
322 2080 425 2172 μόνον
447 2080 512 2151 ὑπὸ
535 2085 600 2149 τῶν
631 2084 763 2174 ἐχθρῶν
787 2079 897 2149 αἰτίαν
926 2074 1026 2170 εἶχεν,
1056 2079 1219 2151 ἀλλὰκαὶ
1245 2089 1315 2164 τοῖς

261 2192 397 2266 πολλοῖς
418 2181 600 2253 ἀλλόκοτον
622 2179 725 2251 ἐδόκει
749 2182 787 2249 τὸ
812 2187 935 2273 ταμίαν
958 2183 1038 2253 ὄντα
1060 2187 1315 2276 προαποστῆναι

263 2293 322 2358 τοῦ
349 2288 518 2381 ἄρχοντος.
547 2285 611 2381 ,06
631 2285 697 2374 μὴν
723 2283 812 2353 ἀλλά
841 2289 1042 2379 κατηγορίας
1069 2285 1162 2383 αὐτῷ
1184 2291 1315 2377 γενομέ-

262 2418 320 2475 νης
339 2395 390 2460 ἐπὶ
415 2393 478 2459 τῶν
500 2391 659 2479 τιμητῶν,
683 2386 903 2478 αἰτησάμενος
923 2387 1023 2477 λόγον
1039 2383 1124 2460 οὕτω
1139 2397 1315 2480 μετέστησε

262 2495 323 2574 τὰς
342 2492 475 2583 γνώμας
496 2497 559 2562 τῶν
582 2488 809 2573 ἀκουσάντων,
845 2485 913 2572 ἀςά
938 2489 1099 2562 ἀπελθεῖν
1128 2491 1317 2579 ἠδικῆσθαι

264 2597 307 2666 coi
328 2603 470 2688 μέγιστα
495 2593 605 2680 δόξας.

330 2739 493 2806 Censores
519 2737 581 2803 Cn.
608 2737 764 2802 Servilius
792 2737 916 2820 Caepio
945 2749 977 2802 et
1000 2740 1043 2802 L.
1068 2738 1199 2804 Cassius
1223 2742 1317 2805 Lon·

266 2842 360 2928 ginus
390 2842 608 2924 magistratum
639 2840 774 2904 inierant
801 2863 831 2904 a.
859 2840 919 2904 629
948 2843 1058 2919 (126),
1094 2864 1241 2926 annoque
1267 2863 1317 2906 sc·

266 2945 376 3030 quenti
400 2942 441 3008 C.
462 2945 629 3006 Gracchus
654 2948 737 3028 apud
761 2965 816 3007 eos
839 2947 948 3006 adesse
973 2944 1087 3006 iussus.
1124 2942 1205 3007 Cum
1227 2943 1318 3006 multi

266 3046 467 3123 dubitarent,
500 3070 557 3110 cur
585 3051 668 3130 apud
695 3068 846 3110 censores
873 3058 1039 3109 accusatus
1065 3046 1186 3124 suerit,
1217 3050 1255 3110 de
1281 3069 1318 3110 ea

266 3172 302 3213 re
329 3151 407 3211 hacc
437 3150 567 3212 tradidit
594 3147 795 3232 Madvvigius
824 3148 856 3210 in
885 3149 1059 3232 Opuseulis
1086 3171 1120 3232 p.
1146 3151 1200 3213 85.
1247 3147 1317 3232 ‚‚C.

268 3253 470 3326 Gracchum,
505 3275 600 3338 quum
628 3274 670 3315 ex
701 3249 867 3326 Sardinia,
902 3250 1022 3338 inqua
1053 3273 1114 3334 pro
1148 3263 1319 3334 quaestore

267 3353 392 3431 fuerat,
416 3353 570 3430 redisset,
603 3357 685 3435 apud
715 3374 866 3417 censores
889 3365 1069 3416 accusatum
1096 3374 1164 3416 esse
1190 3354 1320 3417 Plutar-

267 3457 345 3518 chus
369 3455 446 3520 dicit
469 3469 499 3518 ct
522 3477 555 3520 se
577 3456 722 3520 oratione
744 3443 934 3520 defendisse.
981 3457 1021 3520 Id
1039 3454 1110 3518 fieri
1136 3455 1193 3518 vix
1216 3455 1322 3538 potuit

267 3556 326 3620 nisi
357 3558 388 3621 in
420 3558 559 3643 equitum
589 3558 813 3642 recognitione
845 3570 876 3622 ct
905 3557 1165 3631 transvectione,
1196 3557 1228 3620 in
1258 3580 1320 3642 qua

267 3659 449 3724 notissimus
473 3671 520 3722 est
539 3659 592 3722 hic
614 3663 783 3726 accusandi
808 3684 887 3726 titos.
922 3661 1088 3723 Gracchus
1105 3659 1224 3746 itaque,
1249 3683 1320 3722 curn

268 3783 298 3825 a.
320 3761 382 3823 628
405 3775 557 3848 quaestor
579 3762 683 3826 factus
699 3765 730 3827 in
746 3777 886 3828 senatum
908 3763 1058 3839 venisset,
1080 3784 1110 3825 a.
1127 3763 1188 3825 630
1205 3785 1319 3847 equum

268 3863 433 3945 publicum
460 3865 600 3927 babuit.“
624 3900 666 3912 -
693 3865 873 3941 Censores,
901 3868 956 3950 qui
980 3868 1164 3928 Gracchum
1194 3869 1322 3928 deseru-

226 4033 232 4040 ,
268 3965 331 4029 isse
354 3964 582 4048 imperatorem
603 3989 693 4030 suum
719 3971 908 4046 censebant,
932 3967 1113 4052 ignominia
1136 3989 1206 4030 curn
1230 3978 1321 4030 nota·

267 4079 358 4141 runt,
381 4090 561 4152 equumque
584 4068 746 4149 publicum
770 4073 966 4132 ademerunt.
999 4071 1032 4132 Is
1050 4081 1155 4133 autem
1173 4069 1321 4134 oratione

269 4188 302 4230 se
326 4168 467 4232 defendit
490 4168 710 4253 rationemque
735 4169 894 4234 sactorum
921 4193 1051 4235 suorum
1077 4171 1233 4236 reddidit.
1272 4171 1322 4234 Ea

271 4267 377 4332 oratio
393 4269 513 4351 duplici
528 4268 739 4352 inscriptione
757 4294 774 4334 a
789 4271 949 4336 veteribus
965 4271 1060 4336 citari
1075 4273 1171 4337 solet.
1198 4271 1323 4346 „Huius
