2966 4842
230 381 290 442 169

232 561 256 602 a
277 539 464 603 ceruicibus
489 541 663 614 tollebant,
689 541 846 602 blandius
870 542 941 603 alia
966 543 1013 603 ad
1039 563 1159 604 aurem
1186 544 1280 607 inuo-

234 644 346 717 cabat,
365 645 594 706 uehementius
617 645 720 706 etiam
745 647 908 707 nonnulla
921 642 1096 735 feriebat.
1109 679 1111 682 ·
1124 649 1282 728 Quarum

234 767 312 808 curn
337 747 491 809 omnium
514 769 627 810 vocem
649 758 844 830 tactumque
869 749 1071 821 noscitaret‚
1095 751 1281 830 proximae

235 849 400 933 cuiusque
437 852 560 912 collum
593 853 759 932 amplexu
798 851 950 932 petebat,
987 871 1094 934 neque
1129 853 1282 916 dormire

235 950 409 1014 excitatus
442 973 549 1036 neque
576 953 720 1035 uigilare
756 952 870 1014 ebrius
899 965 1056 1034 poterat,
1090 955 1151 1016 sed
1180 955 1282 1016 semi-

234 1075 357 1117 somno
382 1075 509 1137 sopore
536 1055 626 1118 inter
661 1074 783 1116 manus
815 1055 1054 1117 centurionum
1078 1059 1281 1120 concubina-

235 1177 379 1240 rumque
408 1158 616 1221 iactabatur.
630 1159 646 1188 “
675 1186 710 1200 «-
734 1157 834 1222 Nihil
863 1159 917 1220 his
949 1177 1055 1242 neque
1085 1159 1283 1223 credibilius

235 1257 330 1341 tingi
361 1280 422 1322 nec
457 1261 686 1324 uehementius
723 1261 933 1341 exprobrari
970 1281 1030 1324 nee
1059 1260 1283 1349 manifestius

237 1362 371 1424 ostendi
390 1373 516 1444 potest.

275 1505 311 1552 M.
327 1505 416 1568 Caelii]
454 1511 554 1554 ioannes
568 1509 761 1553 saresberiensis
781 1509 803 1550 iu
817 1507 963 1552 Policretiro
983 1525 1006 1568 p.
1029 1506 1077 1554 ⁶07
1092 1513 1191 1554 euridem
1206 1515 1283 1555 locum

308 1599 387 1642 effert.
425 1595 523 1657 „Nunc
547 1597 612 1641 eivie
630 1594 706 1646 audi.
731 1594 851 1653 quomodo
879 1593 915 1638 M.
942 1593 1039 1640 Coelius
1064 1596 1186 1642 describit
1210 1599 1285 1644 Anta-

308 1679 406 1730 nium.“
426 1689 472 1728 etc.

275 1769 412 1834 offendunt]
450 1768 720 1832 offenduntdntonium
733 1771 908 1824 centuriones,
930 1769 1038 1817 laelium
1055 1773 1080 1816 ei
1097 1772 1227 1818 aduentum
1246 1776 1285 1818 in·

309 1859 433 1906 dirarari.
454 1859 578 1916 Spalding.
606 1859 722 1902 Antonius
749 1861 877 1914 proconsul
904 1861 1011 1914 pluribus
1035 1863 1157 1905 sociorum
1175 1864 1285 1920 gentinus

311 1949 400 1993 bellum
419 1948 543 1999 intulerat,
570 1949 610 1990 sed
636 1946 784 1990 aDerdenis
804 1949 913 2002 repulsus
933 1953 977 1992 est.
1004 1949 1049 1993 Dio
1070 1946 1115 2009 38,
1137 1947 1178 1994 19.
1204 1951 1287 1994 Livius

308 2035 373 2092 Epir.
399 2029 457 2080 103.
480 2033 537 2078 Eius
556 2036 643 2088 proelii
663 2035 770 2078 meminit
788 2035 897 2079 Coelius.
1207 2017 1235 2054 ⁸

277 2121 400 2182 hortium]
437 2122 468 2166 alr
487 2119 595 2167 torrium
615 2121 721 2166 adventu
736 2127 855 2180 percepto
872 2124 1073 2172 saresberiensis.

278 2228 294 2256 a
312 2210 466 2269 ceruicibus]
503 2210 643 2254 ceruicibus
664 2211 760 2254 saresb.

278 2298 342 2359 ulia]
378 2299 494 2344 blandius
513 2300 581 2343 aliae
600 2299 633 2341 ad
652 2312 753 2352 aurem,
773 2300 840 2342 uliae
863 2297 1032 2344 uehementius
1049 2301 1207 2354 invocabant,
1222 2316 1287 2348 non-

318 2390 404 2432 nullae
422 2389 497 2432 eiiam
509 2383 651 2444 feriebant.
670 2386 768 2430 Sei-esi).
1247 2379 1251 2387 “

279 2473 429 2534 nnecltnret]
465 2480 581 2519 narraret
598 2474 694 2519 saresb.

206 2654 233 2676 Α
307 2595 443 2679 Quintil.
468 2595 502 2668 9,
526 2595 562 2668 3,
584 2595 636 2656 68.
682 2594 818 2658 Coelius
849 2597 885 2656 in
911 2597 1119 2659 Antoniam:
1145 2602 1288 2681 Stupere
1377 2669 1383 2682 .

243 2700 374 2784 gaudio
392 2717 552 2780 graecus.

248 2874 276 2932 9.
319 2867 473 2931 Orationes
485 2846 567 2928 in'L.
590 2873 790 2944 Sempronium
804 2877 967 2932 Atratinum
987 2883 1099 2948 patrem
1119 2880 1154 2934 de
1168 2877 1286 2934 ambitu.
1354 2865 1375 2884 ⁴

310 2985 440 3050 Coelius
463 2983 511 3046 bis
538 2986 698 3049 accusavit
717 2986 899 3051 Atratinum
918 2989 1071 3064 ambitus,
1096 2989 1230 3071 primum
1255 3013 1287 3054 a.

171 3075 174 3082 ⁴
245 3089 305 3151 697
334 3089 420 3166 (5l):
451 3089 505 3149 sed
531 3110 547 3150 a
578 3087 740 3152 Cicerone
773 3091 919 3154 defensus
951 3095 1150 3170 absolvitur3
1177 3095 1288 3158 deiude

246 3212 275 3252 a.
300 3189 360 3251 698
384 3189 465 3268 (66).
497 3188 568 3253 Cic.
593 3213 625 3272 p.
658 3191 754 3255 Cael.
786 3197 814 3254 1.
849 3196 880 3256 3.
910 3200 939 3256 7.
969 3195 1018 3262 93.
1046 3197 1098 3259 31.
1121 3199 1174 3260 39.
1204 3199 1289 3260 Dru·

248 3312 338 3353 mauu
363 3303 386 3359 t.
408 3292 440 3353 9.
465 3315 500 3373 p.
525 3295 598 3355 1119.
630 3294 759 3358 Ellendt
786 3297 901 3358 scribit
923 3320 953 3376 p.
979 3297 1124 3366 cxvi:
1150 3301 1290 3371 „Altera

245 3393 406 3457 accusatio
434 3405 481 3457 est
512 3395 552 3458 C.
581 3396 762 3476 Sempronii
788 3396 926 3458 Atratini
951 3401 988 3458 de
1011 3399 1149 3474 ambitu,
1177 3405 1289 3462 eodem

245 3495 314 3559 fere
340 3507 485 3578 tempore
512 3509 580 3558 acta
620 3498 670 3559 vel
703 3520 785 3560 anno
820 3508 891 3558 ante
920 3519 1012 3582 qiram
1043 3501 1082 3560 ab
1115 3499 1198 3562 illius
1220 3499 1289 3564 filio

246 3599 474 3682 postularetur.
515 3599 569 3662 Sic
603 3598 711 3660 saltem
745 3621 760 3660 a
798 3599 916 3683 Pighio
948 3601 1103 3664 creditum
1134 3614 1192 3666 est.
1228 3605 1291 3666 Sed

247 3725 317 3767 cum
344 3702 402 3766 filii
427 3701 565 3766 Atratini
591 3714 722 3764 aetatem
746 3701 926 3777 considero,
949 3705 1048 3785 magis
1072 3705 1234 3790 magisque
1258 3705 1290 3767 in

246 3806 279 3868 id
303 3805 438 3879 inclino,
471 3816 504 3866 ut
531 3825 656 3866 cursum
686 3802 767 3866 vitae
799 3803 903 3867 civilis
930 3818 959 3868 et
990 3807 1137 3888 publicae
1163 3811 1202 3870 ab
1232 3809 1291 3869 hac

247 3906 374 3971 actione
399 3929 505 3970 orsum
531 3904 678 3967 Coelium
703 3909 848 3982 credam,
879 3907 1016 3988 nondum
1049 3909 1291 3994 quaestorium.“

247 4044 289 4091 ·.‘
312 4011 359 4070 Ea
381 4008 491 4090 opinio
516 4005 673 4069 refellitur
696 4007 772 4072 loco
800 4011 954 4074 orationis
977 4011 1208 4077 Ciceronianae
1229 4031 1290 4090 pro

249 4109 366 4174 Coelio
400 4133 430 4173 c.
464 4111 517 4172 31.
555 4131 620 4194 qtro
658 4110 773 4174 diserte
804 4111 899 4188 dicit,
934 4115 1107 4178 Antonium
1141 4115 1291 4196 primum,

248 4210 361 4272 deinde
385 4213 567 4275 Atratinum
591 4233 607 4274 a
635 4211 751 4278 Coelio
775 4228 966 4278 accusatum.

313 4309 386 4370 Cic.
400 4333 433 4389 p.
450 4313 568 4376 Coelio
588 4319 615 4375 1.
641 4316 775 4380 Coelius
787 4317 983 4378 adolescens
998 4319 1126 4380 illustri
1139 4318 1290 4398 ingenio,
