2992 4840
1187 345 1245 406 201

266 496 369 564 Julius
391 495 511 563 Victor
541 499 621 564 Arte
648 498 813 566 rhetorica
844 523 878 583 p.
904 500 967 562 224
994 502 1045 563 cd.
1071 501 1175 580 Orcll.
1214 505 1247 566 A

203 599 294 666 Gaio
309 601 440 663 Fannio
459 599 626 664 aduersus
642 604 835 666 Gracchum
861 602 990 666 dictum
1011 614 1080 664 cst:
1108 602 1167 683 „Si
1179 608 1247 667 La·
1285 623 1314 634 ··

203 701 286 766 tinis
307 701 479 764 ciuitatem
504 702 688 779 dederitis,
713 704 832 780 credo,
856 704 1084 779 existimatis,
1113 725 1173 767 vos
1197 705 1248 768 ita

204 817 245 869 ut
263 825 351 867 nunc
370 803 585 880 constitisse,
610 805 645 867 in
672 805 829 869 contione
851 806 1029 870 habituros
1053 810 1166 870 locum
1186 819 1247 870 aut

203 907 294 970 ludis
335 917 369 969 ct
393 904 511 997 festis
551 907 669 970 diebus
703 905 953 996 interfuturos.
1013 911 1139 972 Nonne
1169 907 1247 972 illos

203 1007 320 1072 omnia
342 1020 572 1090 occupaturos
590 1010 775 1091 putatistl
801 1045 842 1055 -
868 1006 1014 1092 Collegit
1041 1010 1151 1083 enim,
1177 1030 1246 1073 non

204 1131 277 1173 esse
297 1109 511 1193 recipiendos
532 1110 569 1172 in
592 1111 782 1188 civitatem,
808 1135 855 1174 ex
881 1111 951 1184 his,
975 1133 1061 1194 quae
1084 1123 1247 1174 eventura

203 1212 283 1275 sint.

240 1335 394 1397 constitisse]
430 1343 569 1395 corruptum
588 1345 634 1384 est.
672 1341 832 1385 constitutum
854 1346 893 1383 cst
914 1339 1001 1386 Orelli.
1039 1339 1128 1384 Melius
1144 1341 1245 1398 Spengel

273 1428 296 1469 ιἰι
309 1427 376 1469 Actis
394 1427 521 1471 Societatis
533 1440 636 1486 graecas
656 1434 673 1471 t.
691 1426 714 1473 1.
730 1442 753 1482 p.
770 1423 810 1472 37.
827 1433 853 1471 ut
866 1441 931 1471 nunc
944 1427 1096 1472 consuestis.
1134 1428 1247 1472 Duebnsr

276 1515 372 1558 scribsit
390 1520 415 1558 ut
435 1528 502 1560 nuno
527 1515 681 1560 constituitis
703 1516 739 1560 vel
759 1516 937 1562 constituistis.

269 1647 436 1712 Charisius
455 1671 490 1732 p.
507 1650 561 1714 82.
594 1653 755 1715 Senatuis
777 1665 811 1714 ut
830 1652 973 1727 fluctuis,
996 1652 1039 1715 ita
1061 1649 1245 1734 genitivum,

206 1750 306 1836 inquit
329 1750 470 1828 Plinius,
495 1751 712 1828 declinabant,
740 1767 772 1816 ut
795 1757 837 1817 G.
856 1754 1005 1817 Fannius
1028 1755 1148 1816 consul
1167 1772 1247 1814 con-

205 1867 261 1916 tra
282 1857 324 1918 G.
341 1857 555 1918 Gracchum:
577 1856 738 1920 Senatuis
758 1859 926 1918 consulta.

663 2124 787 2180 Incerta.

268 2272 453 2337 Priscianus
473 2285 498 2335 t.
517 2276 548 2335 1.
573 2295 606 2355 p.
625 2272 698 2334 368.
731 2275 768 2337 G.
790 2273 955 2336 Fannius:
977 2275 1071 2337 Haec
1086 2273 1246 2355 apiscun·

205 2387 274 2438 tur.
298 2371 576 2462 ἐπιτυγχάνοντιιι.

242 2517 266 2564 G.
288 2519 420 2580 Fannius]
457 2521 588 2574 incertum,
616 2533 646 2564 οι
664 2521 773 2564 cranone
793 2519 822 2564 C.
845 2520 919 2562 Fanni
933 2517 961 2561 C.
979 2519 997 2560 f.
1022 2533 1049 2561 an
1072 2531 1101 2562 ex
1123 2517 1247 2560 annualibus

275 2610 305 2652 sil
325 2613 441 2662 surnlurn,
463 2622 522 2664 quos
544 2607 572 2654 C.
591 2608 714 2660 Fannius,
735 2608 770 2651 nt.
791 2607 827 2660 ᾗ,
854 2620 900 2649 non
919 2606 1024 2648 Fannius
1043 2610 1125 2648 orator
1144 2603 1247 2647 confecit

274 2696 358 2752 qquue
381 2699 506 2750 practerea
527 2695 556 2740 C.
576 2695 652 2740 Laeui
672 2708 746 2754 gener
768 2694 829 2748 tun,
857 2695 880 2736 id
904 2694 965 2749 quod
991 2693 1048 2736 oIIm
1069 2691 1247 2736 addubitaveral

216 2847 222 2862 ι
274 2779 381 2837 Atticus,
403 2787 428 2827 ut
450 2797 479 2828 ex
504 2785 605 2839 culstola
628 2783 754 2828 Ciceronis
776 2784 804 2826 ad
824 2795 878 2826 suin
900 2781 942 2825 tib.
959 2777 1005 2833 tt,
1022 2777 1046 2826 5.
1069 2783 1141 2834 putet.

570 3050 678 3108 XXIII.
712 3049 740 3108 C.
762 3051 881 3106 Psrn'us.

272 3199 390 3264 Cicero
413 3203 450 3264 dc
467 3201 610 3264 Oratore
633 3199 667 3274 2,
692 3199 723 3260 6.
755 3194 985 3285 Persiusfuit
1000 3195 1247 3286 omniumferc

209 3315 409 3368 nostrorum
430 3303 608 3366 hominum
628 3301 860 3366 doctissimus.

271 3432 409 3516 Scripsit
433 3432 503 3496 aliis
527 3431 709 3507 orationes,
734 3433 821 3514 quod
845 3453 886 3494 cx
905 3450 942 3494 eo
964 3429 1134 3513 colligam,
1160 3433 1247 3512 quod

208 3534 296 3597 multi
312 3535 427 3599 Fannii
442 3533 621 3599 orationem
639 3545 751 3598 contra
768 3532 810 3597 C.
828 3533 1010 3626 Gracchum
1031 3533 1070 3593 ab
1087 3552 1127 3594 co
1145 3530 1247 3612 scrip·

205 3647 267 3699 tarn
290 3640 453 3720 putabant.

271 3766 392 3832 Cicero
413 3768 516 3831 Bruto
539 3767 593 3830 26.
638 3769 676 3832 0.
696 3763 847 3829 Fannius
869 3782 974 3825 unam
996 3763 1188 3826 orationem
1206 3761 1248 3822 de

205 3869 308 3932 sociis
339 3882 372 3934 et
405 3871 541 3935 nomine
574 3868 683 3933 latino
716 3878 837 3930 contra
866 3867 1060 3929 Gracchum
1088 3859 1244 3942 reliquit,

205 3984 337 4035 sancet
355 3972 479 4037 bonam
498 3984 531 4036 ct
552 3971 712 4034 nobilem.
743 3972 834 4031 Tum
855 3966 1009 4030 Atticus:
1031 3962 1125 4044 Quid
1138 3960 1249 4038 ergo?

206 4085 300 4137 estne
320 4074 389 4136 ista
399 4074 547 4139 Fannii?
569 4092 650 4133 nam
665 4070 764 4132 uaria
779 4069 896 4152 opinio
910 4065 1030 4147 pueris
1045 4059 1143 4123 nobis
1158 4071 1247 4122 crat.

208 4174 281 4238 Alii
295 4195 318 4236 a
330 4176 497 4239 G.Pcrsio
514 4174 670 4238 litterato
681 4171 816 4234 homine
831 4169 997 4248 scriptam
1012 4183 1085 4226 csse
1096 4158 1246 4236 aiebant,

208 4275 267 4340 illo
276 4319 285 4353 ,
304 4298 405 4360 quom
421 4276 601 4359 significat
617 4273 712 4334 valde
727 4273 864 4336 doctum
881 4286 954 4330 csse
971 4261 1136 4326 Lucilius.
