2992 4840
287 375 346 436 169

321 538 399 582 mulia
422 535 574 597 notionibcu]
611 539 628 581 i.
655 552 678 585 e.
703 535 783 592 pravis
807 536 923 588 consiliis,
946 534 1090 579 malefactis.

314 631 459 694 suciamus]
488 631 605 694 sacimas
628 637 681 679 roa.
702 646 755 692 reg.

321 731 452 790 adhibere]
483 735 500 781 l.
521 747 544 778 e.
568 732 705 778 uolentibus
728 729 859 786 exhibere,
890 731 997 782 oneris,
1023 732 1096 784 dare,
1130 733 1256 790 porrigere
1283 747 1329 778 aon

357 821 453 867 debent.

675 975 704 1033 6.
741 975 848 1035 Concio
869 1017 877 1034 .
900 1018 908 1034 .
932 1018 940 1033 .

349 1121 416 1184 Res
443 1117 537 1182 dubia
562 1129 594 1180 et
612 1117 750 1182 ineerta.

350 1224 463 1285 Acron
481 1225 521 1284 ad
542 1223 662 1286 Horat.
685 1220 792 1283 Serra.
809 1220 845 1294 9,
868 1220 903 1295 1,
928 1218 981 1282 65.
1004 1219 1164 1300 Metello]
1185 1222 1228 1302 Q.
1245 1222 1330 1285 Gne·

286 1324 386 1388 cilius
401 1327 565 1388 Metellus
587 1322 784 1388 consularis
791 1320 897 1398 filios
912 1325 1113 1386 consulares
1133 1322 1216 1386 uidit
1234 1335 1268 1386 ct
1287 1324 1331 1385 ab

286 1429 354 1492 illis
386 1431 497 1491 elatus
527 1437 602 1498 este
636 1426 691 1488 hic
719 1437 843 1508 potens
859 1422 947 1515 fuit
976 1437 1131 1507 tempore
1157 1425 1330 1508 Scipionis

287 1529 471 1618 Africani,
504 1541 636 1594 etcum
659 1529 694 1592 in
723 1527 886 1592 concione
910 1526 1081 1611 quaedam
1100 1527 1267 1591 aduersus
1294 1550 1331 1592 se

287 1634 424 1696 decreta
448 1635 637 1707 clamaret,
662 1631 777 1714 Scipio
798 1630 869 1694 uit:
896 1631 945 1694 Hi
965 1642 1065 1705 sunt,
1089 1651 1176 1714 quos
1197 1630 1332 1696 Hunni·

287 1737 357 1799 bati
372 1735 498 1817 eripui.
533 1737 656 1798 Patere
674 1755 779 1817 crgo,
804 1733 935 1818 inquit,
960 1753 1024 1796 nos
1041 1734 1166 1796 liberos
1179 1755 1267 1797 esse.

351 1838 466 1902 Acron
492 1836 670 1901 Scholiasta
699 1835 867 1900 Metellum
889 1836 1138 1900 Macedonicum
1163 1835 1331 1919 intelligit,

289 1943 344 2004 scd
374 1938 540 2004 confundit
571 1938 754 2020 Scipionem
787 1937 966 2014 minorem,
997 1961 1134 2024 quocum
1160 1952 1331 2022 perpetuas

288 2040 468 2106 inimicitias
490 2064 561 2105 eum
585 2041 770 2104 exercuisse
795 2063 891 2123 supra
917 2041 1074 2117 diximus,
1106 2065 1176 2104 cum
1204 2042 1332 2125 Scipio·

288 2165 326 2210 ne
350 2144 492 2209 maiore:
516 2144 583 2208 eius
607 2143 689 2208 enim
714 2144 832 2207 dictum
855 2156 924 2209 est:
949 2146 999 2211 Hi
1016 2159 1109 2220 arent,
1130 2169 1218 2230 quos
1235 2151 1332 2211 Han-

287 2249 394 2311 nibali
419 2248 556 2330 eripui!
602 2246 702 2311 cons.
728 2247 885 2310 Ruhnken
911 2251 951 2310 ad
974 2249 1133 2314 Velleiurn
1161 2253 1195 2326 1,
1222 2252 1277 2326 11,
1298 2250 1330 2313 6.

288 2352 418 2416 Ellendt
445 2350 610 2416 Hallische
630 2349 711 2413 Litt.
737 2349 825 2414 Zeit.
852 2350 947 2414 1831.
969 2352 1103 2416 lentur.

604 2573 671 2631 ΧΠ.
716 2574 746 2630 Τ.
770 2573 876 2631 Annius
898 2575 1012 2632 Lucu.

351 2707 394 2768 T.
423 2703 561 2769 Annium
594 2707 732 2768 Luscum
765 2705 928 2769 consulem
954 2727 984 2768 6.
1011 2708 1070 2768 601
1102 2707 1192 2784 (163)
1215 2706 1332 2770 intelli·

289 2812 424 2892 gendum
448 2807 588 2890 opinor:
617 2831 686 2872 eum
718 2807 798 2873 enim
832 2820 993 2872 oratorem
1019 2808 1137 2884 luisse,
1168 2810 1258 2873 testis
1285 2820 1333 2874 est

287 2911 421 2975 Cicero.
476 2910 666 2974 Orationum
705 2911 772 2974 eius
806 2922 894 2973 extat
924 2910 1157 2994 fragmentum:
1193 2911 1215 2973 ii
1249 2911 1332 2974 euim

287 3025 406 3088 errant,
429 3013 483 3098 qui
502 3013 679 3076 orationem
699 3027 810 3077 contra
830 3015 1013 3077 Gracchum
1030 3015 1072 3078 T.
1091 3012 1198 3077 Annio
1220 3015 1331 3080 Lusco

288 3117 377 3180 Rufo
404 3116 529 3178 consuli
552 3139 581 3178 6.
611 3118 671 3178 696
695 3119 784 3196 (198)
804 3115 961 3180 tribuunt.
1006 3128 1074 3180 erat
1098 3116 1179 3180 enim
1208 3119 1332 3181 Luscus

285 3219 347 3282 ianr
368 3216 418 3282 vir
437 3219 625 3293 consularis,
648 3219 776 3297 (Livius
800 3233 915 3283 arrctor
937 3224 998 3299 cst)
1019 3243 1089 3283 cum
1109 3243 1139 3283 a.
1160 3223 1219 3284 691
1243 3221 1332 3300 (133)

286 3345 354 3386 earn
381 3320 524 3385 diceret:
558 3320 658 3403 igitur
686 3321 810 3386 Annius
836 3323 949 3387 consul
975 3346 1005 3388 6.
1032 3325 1103 3400 601,
1129 3345 1192 3388 666
1220 3325 1332 3388 666561

286 3447 316 3489 6.
341 3425 401 3487 696
428 3422 652 3503 intelligendus
680 3435 739 3487 est.
799 3424 901 3491 Cous.
926 3429 965 3491 de
990 3430 1102 3492 eodem
1131 3429 1242 3492 Lusco
1274 3425 1332 3488 Li-

287 3525 358 3589 vius
380 3527 404 3589 l.
427 3527 479 3603 19,
500 3527 554 3588 96.
581 3526 603 3589 Ι.
632 3527 683 3601 13,
706 3529 758 3590 17.

351 3627 470 3693 Cicero
494 3628 525 3691 in
549 3629 653 3693 Bruto
679 3650 706 3692 c.
735 3631 788 3692 90.
833 3633 878 3694 Τ.
905 3630 1059 3694 Annium
1083 3634 1258 3708 Luscum,
1287 3634 1331 3714 Q.

287 3731 395 3796 Fuluii
420 3735 603 3816 collegam,
631 3753 701 3796 non
720 3733 926 3796 indisertum
939 3730 1066 3820 fuisse
1093 3731 1224 3797 dicunt.

493 3973 593 4031 Oratio
618 3974 756 4030 adversus
780 3970 927 4030 Tiberium
949 3971 1122 4032 Gracchum.

351 4108 394 4168 T.
411 4104 547 4180 Annius,
572 4104 624 4168 vir
645 4103 834 4182 consularis,
860 4107 941 4169 hauc
965 4104 1144 4172 orationem
1165 4127 1194 4170 a.
1218 4129 1251 4168 6.
1269 4103 1329 4167 691

287 4209 376 4288 (133)
412 4210 565 4272 adversus
598 4207 685 4290 leges
718 4205 842 4272 Tiberii
879 4208 1021 4274 Gracchi
1052 4207 1175 4274 habuit.
1232 4209 1332 4272 Errat

288 4307 427 4390 Pighius
450 4312 489 4371 ad
512 4331 541 4372 a.
567 4312 639 4386 690,
665 4331 735 4373 curn
762 4311 890 4387 scribit,
918 4315 961 4377 T.
984 4311 1143 4388 Annium,
1169 4308 1225 4396 qui
1249 4330 1329 4374 con·
