2984 4842
251 357 311 432 366

249 535 337 578 coss.
350 516 504 597 primum
520 514 658 605 infore
681 518 783 594 dixit,
809 530 842 580 et
864 519 960 601 apud
974 521 1036 584 hos
1052 519 1145 601 ipsos
1161 522 1297 603 quidem

249 621 420 693 consules,
441 632 475 682 et
496 640 576 681 eum
597 641 717 685 eorum
740 621 799 703 qui
819 619 1018 708 affuerunt,
1043 635 1116 684 tum
1139 623 1297 706 ipsorum

249 723 445 796 consulum,
470 722 529 805 qui
550 743 668 786 ornnes
697 723 924 807 intelligentia
946 724 1140 799 anteibant,
1165 725 1297 792 iudicio

251 823 394 886 decessit
405 824 594 906 probatus:
617 825 831 909 undeuiginti
851 847 962 890 annos
985 839 1060 888 erat
1074 849 1116 890 eo
1130 840 1296 911 tempore.

313 924 386 988 Cic.
419 928 457 988 de
486 926 626 992 Oratore
651 927 690 1004 3,
720 929 777 1004 61,
811 928 884 992 229.
940 928 1076 993 Crassus
1106 929 1204 992 dicit:
1236 933 1297 996 Me

248 1029 433 1090 consulein
448 1042 569 1091 senatu
583 1051 724 1092 causam
740 1028 898 1115 defendit
911 1030 1061 1119 Africae
1073 1033 1295 1098 Hortensius.

282 1173 310 1218 in
327 1171 427 1230 secretu]
465 1172 506 1218 Bis
534 1176 607 1233 igitur
633 1177 656 1220 in
685 1189 757 1220 causa
785 1177 900 1219 Afrorum
928 1178 1006 1234 egisse
1026 1177 1134 1230 videtur,
1161 1179 1295 1234 incenato,

317 1275 372 1306 curu
390 1263 553 1308 testimonium
572 1265 698 1308 dicendum
718 1270 788 1322 erat,
808 1266 832 1308 in
851 1265 905 1307 toro
925 1266 985 1318 apud
1005 1267 1129 1324 correntes,
1148 1279 1202 1309 curn
1220 1266 1295 1322 ipsam

316 1363 412 1394 causam
430 1351 524 1408 egebat.
546 1350 618 1394 Goof.
639 1352 763 1396 Drumenn
782 1358 800 1395 t.
822 1349 844 1404 3,
864 1365 887 1408 p.
909 1349 950 1395 81.

322 1509 326 1520 ’
415 1504 444 1561 2.
486 1505 585 1562 Oratio
605 1524 657 1579 pro
676 1507 848 1575 Nicomede,
870 1523 938 1576 rege
960 1507 1122 1582 Bithyniae.

312 1639 359 1698 Ea
381 1649 427 1699 est
444 1636 528 1699 dicta
551 1659 581 1700 a.
604 1639 664 1700 663
688 1639 769 1717 (91).
816 1635 1019 1712 Nicomedes,
1036 1661 1095 1700 rex
1113 1637 1295 1716 Bithyniae,

247 1759 306 1822 per
332 1741 495 1802 Socratem
520 1738 691 1803 Chrestum
714 1736 846 1799 fratrem
870 1758 972 1818 regno
1003 1739 1152 1818 expulsus
1177 1738 1295 1820 implo-

246 1841 331 1904 ravit
349 1841 499 1903 auxilium
516 1842 750 1903 Romanorum.
776 1836 854 1898 Eius
869 1859 992 1899 causam
1013 1840 1137 1901 Romae
1153 1840 1295 1922 suscepit

246 1943 458 2016 Hortensios;
493 1954 616 2004 senatos
651 1938 812 2012 decrevit,
851 1951 883 2002 ut
914 1941 1043 2002 Manius
1074 1940 1236 2025 Aquillius
1263 1953 1295 2004 ct

246 2046 403 2109 Manilius
420 2043 589 2108 Mancinus
603 2039 701 2124 legati
720 2062 788 2102 cum
808 2043 995 2104 reducerent
1019 2045 1058 2104 ad
1077 2064 1209 2126 caroque
1225 2065 1291 2106 rem

246 2151 289 2210 L.
313 2147 454 2220 Cassius,
478 2155 609 2225 praetor
635 2141 745 2215 Asiae,
771 2163 865 2224 opem
892 2143 1005 2207 ferret.
1051 2145 1218 2226 Appianas
1243 2147 1292 2210 De

246 2249 332 2314 bello
358 2248 537 2310 Mithridat.
568 2246 617 2306 10.
645 2247 697 2306 11.
743 2245 881 2308 lustinus
904 2247 963 2323 38,
989 2247 1021 2308 3.

312 2350 386 2415 Cic.
406 2352 444 2410 dc
462 2349 556 2412 Orat.
577 2347 607 2422 3,
634 2349 686 2421 61,
712 2348 785 2410 2211.
832 2347 967 2412 Crassus
989 2348 1088 2411 dicit:
1106 2353 1185 2432 Ego
1200 2354 1291 2414 Hor·

246 2454 393 2518 tensium
406 2450 566 2514 omnibus
580 2450 740 2513 lendibus
755 2453 973 2514 excellentem
988 2472 1062 2514 esse
1084 2452 1155 2514 iam
1177 2451 1292 2515 iudico

244 2567 372 2618 ettam
396 2553 562 2626 iudicavi,
594 2575 671 2616 eccm
703 2575 755 2614 me
782 2556 920 2615 consule
947 2554 983 2615 in
1006 2557 1291 2618 senatu'causam

246 2654 404 2747 defendit
427 2654 592 2747 Africae,
623 2676 797 2738 nuperque
819 2656 924 2720 etiam
955 2655 1088 2738 magis,
1119 2679 1197 2720 cum
1224 2678 1291 2738 pro

243 2759 429 2845 Bithyniae
451 2781 533 2840 rege
558 2759 664 2822 discit.

530 2935 559 2991 3.
600 2933 699 2990 Oratio
718 2951 771 3006 pro
792 2935 846 2992 Gn.
867 2935 1014 3008 Pompeio.

305 3067 354 3128 Ea
376 3077 421 3128 est
445 3065 529 3127 dicta
553 3086 582 3127 a.
610 3066 672 3128 668
691 3064 770 3150 (86).
816 3064 879 3129 Co.
904 3065 1079 3148 Pompeius
1105 3064 1290 3129 adolescens

242 3189 316 3230 rcus
341 3168 444 3232 factus
478 3180 541 3244 est,
573 3171 660 3252 quod
691 3169 775 3232 bello
800 3169 946 3232 Marsico
973 3191 1000 3230 s.
1030 3167 1141 3230 sociali
1168 3167 1289 3229 Asculo

243 3282 338 3352 capto
363 3274 513 3351 praedam
531 3269 771 3352 intercepisset:
794 3273 876 3334 Eum
900 3269 1109 3334 defenderunt
1131 3271 1173 3330 L.
1197 3269 1290 3328 Mar-

243 3371 310 3436 cius
332 3372 518 3455 Philippus,
535 3394 652 3436 censor
675 3377 722 3453 (v.
745 3394 842 3456 supra
865 3392 943 3454 pag.
969 3370 1060 3448 326.)
1085 3381 1179 3452 atque
1199 3370 1289 3432 Hor·

242 3474 373 3538 tensius.
403 3475 490 3540 Plut.
514 3475 664 3557 Pompei.
691 3479 722 3537 1.

307 3576 377 3642 Cic.
407 3577 498 3642 Brut.
525 3580 583 3653 61,
618 3580 693 3642 230.
745 3575 901 3655 Philippo
934 3572 1006 3632 iam
1037 3593 1117 3634 sene
1137 3595 1203 3654 pro
1225 3578 1288 3638 Gn.

241 3680 396 3761 Pompeii
410 3681 508 3743 honis
530 3681 676 3754 dicente,
701 3679 736 3742 in
759 3677 820 3740 illa
840 3694 966 3750 causa,
991 3675 1188 3740 adolescens
1211 3697 1289 3738 cum

241 3795 341 3858 esset,
362 3783 523 3865 princeps
534 3780 621 3872 fuit
643 3780 862 3874 Hortensius.

348 3957 377 4014 l.
418 3957 517 4014 Oratio
537 3974 589 4029 pro
609 3957 694 4013 Serto
713 3955 819 4012 Naevio
839 3959 940 4011 contra
959 3954 991 4011 P.
1014 3933 1185 4022 Quintium.

186 4173 195 4190 ἢ
241 4127 247 4140 κ
305 4090 355 4150 Εο
377 4101 425 4151 est
444 4087 529 4152 dicta
553 4111 583 4151 0.
610 4087 671 4148 673
695 4087 775 4166 (81).
801 4085 924 4150 Gellius
946 4088 994 4161 15,
1019 4086 1073 4148 28.
1096 4083 1289 4153 Hortensius

241 4187 274 4249 in
291 4209 384 4250 causa
398 4190 524 4270 privata
546 4193 645 4256 Sexto
667 4189 792 4254 Naevio
815 4189 926 4264 adluit,
941 4187 1061 4255 Cicero
1078 4189 1118 4254 Ρ.
1140 4183 1285 4268 Quintio.

243 4287 547 4371 Viuarguuemum
563 4291 720 4358 orationis
730 4291 961 4360 Ciceronianae
972 4283 1286 4371 velapudKlotzium
