2966 4842
1184 375 1243 436 161

182 532 343 625 fuisset,
375 552 561 616 numquam
590 531 840 594 coniurationis
865 531 1082 594 accusatione
1109 531 1243 594 adoles·

194 637 341 700 centiam
367 657 465 698 suam
487 635 707 716 potissimum
731 635 970 696 commendare
996 634 1170 696 uoluisset.

258 755 339 818 ibid.
353 777 380 816 a.
398 757 448 816 81.
473 754 656 818 Accusavit
671 757 709 819 G.
724 754 915 818 Antonium
930 756 1098 836 collegam
1114 775 1238 828 meum,

194 857 249 920 cui
265 857 391 920 misero
412 857 586 938 praeclari
609 857 644 919 in
671 857 914 937 rempublicam
937 855 1096 933 beneficii
1117 877 1243 920 memo·

194 959 248 1021 ria
279 959 366 1021 nibil
392 956 557 1048 profuit,
587 958 703 1021 nocuit
735 958 854 1040 opinio
885 958 1050 1036 maleficii
1083 958 1241 1041 cogitati.

194 1063 320 1125 Postea
341 1061 469 1123 nemini
495 1081 645 1144 unquam
672 1059 839 1124 concessit
863 1060 1071 1145 aequalium,
1097 1063 1178 1142 plus
1204 1073 1242 1124 ut

194 1163 229 1225 in
244 1160 361 1252 foro,
397 1165 479 1244 plus
509 1174 547 1225 ut
583 1163 618 1224 in
654 1163 804 1244 negotiis
833 1173 1030 1226 uersaretur
1065 1162 1244 1246 causisque

192 1264 401 1338 amicorum,
422 1267 502 1345 plus
529 1276 567 1326 ut
593 1267 720 1328 ualeret
744 1263 834 1328 inter
859 1286 942 1327 suos
967 1265 1099 1347 gratia.

255 1383 335 1447 ibid.
365 1406 394 1446 e.
428 1384 481 1446 32.
533 1386 654 1468 Neque
682 1384 773 1446 enim
808 1396 940 1466 potest,
980 1384 1039 1468 qui
1071 1384 1242 1447 bominem

193 1489 427 1560 consularem,
454 1486 547 1570 quod
573 1487 616 1548 ab
646 1509 687 1549 eo
713 1487 958 1568 rempublicam
983 1487 1145 1550 violatam
1168 1507 1241 1549 esse

192 1588 352 1661 duceret,
378 1589 414 1651 in
438 1589 604 1651 iudicium
634 1589 782 1662 vocarit,
811 1589 884 1669 ipse
913 1609 985 1652 esse
1008 1588 1044 1651 in
1066 1588 1242 1670 republica

191 1689 271 1755 civis
294 1691 510 1754 turbulentus
518 1713 530 1762 ,·
552 1711 619 1753 non
643 1702 774 1772 potest,
803 1691 862 1774 qui
887 1691 1018 1752 ambitu
1039 1711 1081 1752 ne
1102 1691 1239 1753 absolu·

191 1803 265 1854 tum
303 1792 439 1875 quidem
476 1792 612 1873 patitur
651 1813 725 1855 esse
761 1793 974 1866 absolutum,
1014 1792 1087 1873 ipse
1114 1792 1241 1875 inpune

192 1915 356 1977 umquam
373 1914 446 1956 esse
472 1893 634 1975 largitor.
679 1895 791 1958 Habet
816 1915 839 1955 a
862 1898 917 1958 M.
940 1893 1057 1960 Coelio
1079 1916 1135 1958 res
1153 1896 1240 1977 pub·

191 1996 362 2068 licaduas
376 1995 613 2059 accusationes
633 1998 686 2059 uel
710 1997 843 2060 obsides
862 1994 1009 2078 periculi
1025 1999 1076 2059 uel
1086 1998 1240 2080 pignora

191 2098 389 2161 voluntatis.

228 2241 352 2287 bominem
371 2241 544 2302 consularem]
581 2245 610 2287 C.
630 2243 769 2288 Antoniam.

228 2330 321 2376 anabitu
341 2326 490 2386 absolutum]
527 2331 555 2374 1..
577 2334 721 2378 Atratinum.

254 2449 386 2512 Scholia
415 2450 590 2514 Bobiensia
623 2447 655 2510 in
691 2459 776 2511 orat.
803 2470 837 2530 p.
863 2449 981 2512 Flacco
1013 2470 1045 2530 p.
1077 2449 1152 2512 229.
1199 2454 1237 2515 0.

193 2552 365 2616 Antonius
379 2555 511 2633 collega
525 2550 699 2615 Ciceronis
722 2553 777 2614 M.
800 2551 917 2616 Caelio
939 2548 1040 2639 Rufo
1054 2562 1237 2615 accusante

192 2674 259 2717 non
276 2665 411 2716 tantum
421 2653 649 2735 pecuniarum
664 2655 932 2734 repetundarum
949 2653 1102 2728 crimine,
1120 2675 1238 2716 verum

192 2755 297 2818 etiam
311 2756 354 2818 ob
372 2757 458 2817 hanc
481 2753 755 2818 coniurationem
776 2775 844 2819 non
868 2756 919 2817 ita
929 2755 1066 2837 pridem
1081 2757 1239 2820 condem·

190 2869 293 2920 natus
304 2855 451 2947 fuerat.

255 2979 365 3041 Sahal.
396 2976 567 3041 Bobicnsia
593 2977 625 3040 in
656 2976 766 3040 Vatin.
793 2999 829 3058 p.
858 2977 932 3039 321.
984 2980 1022 3043 0.
1049 2976 1234 3055 Antonius,

190 3080 249 3164 qui
264 3082 397 3164 collega
411 3083 467 3144 M.
486 3079 593 3142 Tullii
597 3076 731 3168 fuerat
755 3079 790 3140 in
805 3082 1001 3155 consulatu,
1020 3077 1237 3163 reusfactus

190 3194 241 3244 est
269 3181 509 3245 accusantibus
548 3184 591 3264 Q.
625 3179 729 3244 Fabio
762 3181 928 3245 Maximo
963 3193 996 3244 et
1031 3185 1086 3246 M.
1123 3183 1239 3247 Coelio

190 3282 301 3374 Rufo.

254 3385 390 3465 Quintil.
408 3387 444 3462 lt,
469 3387 597 3462 2,123.
642 3388 798 3452 Multum
820 3384 960 3476 confert
988 3388 1123 3451 adiecta
1146 3386 1236 3450 veris

189 3488 360 3550 credibilis
394 3511 511 3550 rerum
544 3488 680 3572 imago,
717 3511 803 3572 quae
837 3492 926 3552 uelut
956 3490 992 3551 in
1021 3501 1239 3572 praesentem

189 3609 261 3650 rem
286 3588 465 3650 audientes
485 3591 674 3670 perducere
701 3590 854 3665 uidetur,
885 3592 997 3674 qualis
1024 3603 1073 3654 est
1097 3591 1157 3654 illa
1180 3593 1238 3654 M.

190 3688 297 3752 Goelii
319 3689 355 3749 in
372 3688 562 3750 Antonium
583 3689 788 3772 descriptio:
815 3695 976 3777 Namque
999 3696 1113 3775 ipsum
1128 3690 1240 3778 offin-
1261 3730 1306 3753 s

190 3786 276 3848 dunt
291 3790 478 3850 temulento
501 3809 624 3868 sopore
647 3791 899 3882 profligatum,
925 3794 1007 3858 totis
1021 3791 1238 3876 praecordiis

191 3898 399 3960 stertentem,
425 3899 608 3954 ructuosos
633 3891 779 3974 spiritus
801 3895 995 3976 geminare,
1019 3895 1237 3976 praeclaras-

190 4010 255 4072 que
286 3988 544 4051 contubernales
581 3993 624 4054 ab
660 3994 816 4056 omnibus
852 3995 994 4077 spondis
1023 4006 1237 4056 transversas

190 4091 352 4152 incubare
367 4099 400 4150 et
420 4087 570 4170 reliquas
592 4093 834 4157 circumiacere
850 4094 1003 4176 passim,·
1022 4113 1110 4175 quae
1125 4102 1240 4153 tamen

190 4190 415 4254 exanimatae
438 4197 572 4252 terrore
596 4195 747 4256 hostium
769 4196 917 4259 aduentu
937 4177 1239 4276 perceptoseocci·

190 4295 267 4356 tare
273 4289 465 4358 Antonium
473 4294 698 4370 conabantur,
709 4314 832 4358 nomen
842 4295 1083 4370 inclamabant,
1082 4291 1239 4386 frustra
