2992 4844
249 336 311 397 320

315 494 388 560 Cic.
422 496 515 559 Brut.
546 494 599 557 30.
653 492 804 560 Rutilius
838 491 932 557 dixit
965 492 1035 575 ipse
1065 513 1133 574 pro
1166 513 1234 557 sese
1265 508 1299 559 61

249 620 364 682 pauca
378 602 416 663 C.
438 601 550 672 06116,
576 596 635 660 seii
659 600 702 680 Q.
725 595 867 660 Mucius
886 598 1060 658 enucleate
1083 595 1140 659 ille
1161 596 1299 679 quidem

250 714 284 765 61
305 701 424 785 polite,
456 713 493 762 ut
518 701 664 774 solebat,
693 719 909 782 nequaquam
933 709 1049 760 autem
1076 720 1118 760 ea
1139 698 1172 761 oi
1194 711 1298 785 atque

251 804 366 886 copia,
394 825 498 887 quam
517 824 626 888 genus
646 803 733 865 illud
754 800 874 865 iudicii
894 812 927 863 61
950 801 1155 883 magnitudo
1174 823 1299 866 caueae

247 908 455 989 postulabat.

315 1007 389 1073 Cic.
407 1012 444 1072 de
461 1009 555 1073 Orat.
581 1010 614 1085 1,
638 1009 691 1073 63.
736 1007 842 1073 Dixit
863 1027 1003 1069 eausam
1027 1005 1124 1069 illam
1146 1009 1298 1092 quadam

250 1135 297 1174 ex
320 1123 422 1193 parte
443 1116 486 1194 Q.
513 1112 654 1178 Muciae
679 1134 774 1175 more
802 1131 863 1173 suo
895 1111 989 1171 66116
1011 1120 1187 1192 apparatu
1209 1133 1297 1192 pure

249 1227 282 1277 et
304 1214 462 1278 dilucide.

579 1355 612 1412 L.
655 1355 688 1424 Q.
710 1354 844 1412 Servilius
866 1354 973 1428 Caepio.

316 1485 487 1570 inpriore
511 1484 650 1552 editione
673 1489 711 1550 de
740 1489 804 1550 hoo
831 1485 903 1551 viro
927 1486 1055 1550 multum
1083 1487 1200 1563 erravi,
1225 1510 1295 1551 cum

252 1589 417 1672 Caepione
443 1590 574 1654 consule
601 1612 631 1654 a.
658 1591 718 1652 618
742 1591 832 1669 (106)
858 1612 927 1653 euin
951 1592 1165 1654 confundens:
1188 1591 1296 1672 plures

250 1691 332 1756 enim
350 1692 544 1774 Caepiones,
572 1714 708 1778 quornm
731 1693 762 1754 in
790 1694 893 1757 Bruto
920 1692 1091 1758 Ciceronis
1115 1695 1149 1755 iit
1166 1694 1294 1770 mentm,

249 1807 321 1858 6661
353 1794 585 1880 distinguendi,
621 1794 717 1880 idque
751 1795 782 1858 in
819 1795 1031 1862 Onomastico
1074 1796 1222 1860 Tulliano
1256 1799 1296 1858 ab

251 1896 377 1962 Orellio
411 1909 522 1962 nostro
565 1911 711 1960 accurate
752 1909 798 1962 est
834 1898 966 1962 iactum.
1013 1899 1111 1965 cont.
1150 1901 1296 1963 Wester·

250 2022 379 2064 mannus
402 2024 436 2083 p.
469 2001 519 2065 98.
546 2002 674 2064 Absens
693 2001 758 2065 Die
784 2003 860 2065 drei
881 2004 1144 2069 Votkstribunen
1168 2027 1201 2087 p.
1221 2006 1295 2067 tta.

315 2107 475 2187 Quaestor
496 2106 634 2167 urbanus
657 2126 687 2167 a.
710 2105 771 2168 661
797 2108 900 2185 (100).
925 2107 1024 2170 Α661.
1043 2109 1082 2168 ad
1098 2107 1295 2170 Herennium

250 2212 280 2272 1.
310 2209 360 2270 ll.
378 2210 487 2271 Homo
507 2206 673 2290 popularis
700 2220 768 2270 erat
797 2219 973 2294 contraque
996 2222 1134 2272 senatum
1159 2221 1189 2272 et
1209 2210 1296 2292 opti·

248 2322 348 2373 males
370 2309 472 2386 stetit,
508 2309 583 2373 item
616 2312 667 2372 M.
704 2309 835 2374 Aemilii
871 2311 984 2374 Scauri
1010 2311 1168 2376 inimicus.
1201 2313 1294 2377 Bello

248 2411 395 2477 Marsico
428 2413 550 2498 legatus
581 2412 695 2477 Rutilii
729 2414 891 2493 consulis,
927 2414 1053 2478 occisus
1089 2426 1136 2478 cst
1174 2438 1202 2479 a.
1233 2417 1296 2479 661

247 2515 327 2595 (90).
354 2515 431 2579 Liv.
462 2515 552 2598 Epit.
577 2515 599 2579 l.
627 2517 678 2580 73.

310 2620 472 2681 Extabant
489 2619 662 2702 Caepionis
695 2619 868 2696 orationes,
897 2641 1028 2706 quarum
1048 2643 1106 2683 una
1127 2633 1215 2686 certe
1230 2643 1294 2685 non

247 2722 286 2781 ab
314 2719 384 2802 ipso
415 2720 596 2805 Caepione,
622 2744 731 2786 verum
756 2726 796 2786 ab
823 2723 919 2787 Aelio
946 2723 1149 2789 Praeconino
1170 2725 1294 2788 Stilone
1351 2771 1352 2776 η

247 2823 424 2906 composita
448 2836 530 2902 erat,
555 2836 587 2886 ut
611 2846 689 2889 mox
716 2825 868 2890 dicemus.

312 2925 432 2992 Cicero
448 2930 553 2992 Bruto
569 2949 599 2991 c.
616 2930 667 3004 62,
684 2928 756 2991 222.
781 2933 835 2994 M.
852 2932 1018 3006 Drusum,
1037 2934 1078 2996 L.
1096 2933 1291 3005 Lucullum,

247 3031 303 3092 M.
328 3033 520 3106 Lucullum,
548 3034 603 3098 M.
632 3032 826 3106 Octauium,
851 3035 914 3097 Gn.
933 3034 1126 3109 Octauium,
1151 3037 1207 3098 M.
1229 3036 1293 3097 Ca-

244 3143 371 3207 ionem,
395 3135 438 3215 Q.
464 3124 568 3197 eliam
593 3137 755 3200 Catulum
773 3134 893 3212 filium
919 3136 1191 3200 abducamuseac
1205 3136 1291 3209 acie,

245 3233 282 3295 id
314 3245 381 3308 est,
418 3256 441 3296 a
468 3235 603 3299 iudiciis
632 3249 665 3300 61
697 3238 732 3300 in
763 3238 945 3320 praesidiis
978 3239 1203 3320 reipublicae,
1238 3239 1294 3300 cui

236 3334 357 3426 facile
372 3336 575 3428 satisfacere
594 3340 737 3422 possint,
762 3343 975 3403 collocemus.
999 3342 1129 3406 Eodem
1147 3342 1189 3423 Q.
1209 3345 1293 3404 Cae-

243 3438 383 3520 pionem
406 3439 595 3532 referrem,
625 3442 691 3506 nisi
718 3443 820 3506 nimis
845 3443 994 3526 equestri
1016 3442 1132 3506 ordini
1158 3442 1294 3506 deditus

245 3563 267 3604 α
288 3556 409 3608 senatu
433 3544 633 3612 dissedisset.

282 3692 392 3748 equeslri
409 3690 496 3736 ordini
512 3691 621 3750 deditas]
659 3695 704 3740 uisi
723 3695 794 3740 nimis
813 3696 894 3751 populi
914 3699 995 3751 partes
1015 3699 1111 3740 secutus
1131 3693 1291 3747 6661666611-

315 3785 391 3824 anates
418 3780 535 3825 stetisset.
561 3781 650 3824 Florus
680 3781 724 3828 lib.
750 3779 781 3840 3,
807 3778 848 3829 ll.
885 3782 913 3826 la
932 3781 978 3826 666
1006 3788 1073 3826 61616
1102 3795 1187 3825 rerum
1212 3793 1292 3837 parce

320 3868 409 3925 opibus
430 3867 525 3911 anirnie
555 3867 688 3929 dignitate,
712 3869 789 3923 (unde
814 3877 838 3914 et
861 3876 922 3914 nala
938 3845 1021 3915 'Liuio
1040 3869 1126 3934 Druso
1145 3869 1293 3922 aemulatio)

321 3956 428 4015 equitem
461 3954 588 4000 Serviliae
618 3953 723 4014 Caepio,
755 3962 870 4002 cenatum
900 3957 988 4004 Liuiae
1020 3956 1124 4002 Drusus
1153 3969 1291 4001 asserere:

320 4045 398 4104 signa
424 4049 448 4087 61
472 4043 572 4102 aquilae
600 4050 623 4088 et
649 4045 748 4090 vexilla
774 4045 890 4090 aderant.
912 4052 1022 4090 ceterum
1045 4045 1083 4089 sic
1107 4045 1166 4088 6666
1189 4047 1215 4088 in
1241 4057 1291 4087 una

317 4134 390 4188 quasi
414 4133 442 4176 in
469 4131 536 4176 binis
562 4133 658 4176 caetris
680 4131 859 4180 diuidebatur.
889 4134 965 4190 prior
992 4130 1083 4189 Caepio
1116 4134 1141 4175 in
1173 4137 1291 4176 senatum

318 4220 410 4275 impetu
432 4215 508 4278 sacto
535 4233 592 4264 reos
623 4219 729 4266 ambitus
759 4221 884 4266 Scaurum
911 4227 935 4264 61
965 4219 1125 4278 Philippum,
1158 4220 1290 4276 principes

315 4305 468 4359 nobilitatis,
492 4307 577 4366 elegit.
