2966 4842
264 346 323 406 bib

266 500 399 563 sulatum
428 495 562 581 primum
594 497 733 572 obtinet,
769 494 956 580 vigesimum
985 515 1098 559 aunum
1130 495 1241 558 aetatis
1266 497 1320 558 iu·

265 621 413 686 gressus:
432 597 581 662 triumvir
603 597 799 680 reipublicae
825 598 1077 663 constituendae.
1103 600 1145 663 A.
1168 599 1319 679 721(33)

265 701 377 768 consul
398 701 525 765 iterum.
580 702 623 767 A.
657 701 718 764 723
743 700 811 782 (tt)
837 702 949 766 consul
973 701 1040 765 111.
1094 703 1136 768 Α.
1160 702 1222 764 tut
1246 703 1319 780 (30)

265 818 383 891 quarto
402 805 566 869 consulatu
579 804 724 869 Antonio
744 805 872 868 devicto
895 825 1002 866 rerum
1027 803 1163 886 potitur.
1187 805 1230 870 A.
1255 805 1318 865 767

265 908 322 988 (li
343 930 377 990 p.
398 906 497 987 Chr.)
524 918 617 971 sexto
649 919 682 970 et
705 905 949 990 septuagesimo·
964 906 1074 970 aetatis
1106 927 1189 971 anuo
1220 910 1319 970 dece·

266 1009 327 1073 dit.
372 1008 474 1074 Cous.
501 1009 666 1074 Drumann
692 1021 718 1072 t.
742 1009 774 1070 4.
801 1031 834 1092 p.
859 1011 932 1079 215.
975 1009 1147 1072 Weichert
1173 1007 1206 1072 iu
1228 1008 1317 1073 libro

268 1110 422 1197 egregio,
455 1111 506 1174 cui
546 1111 673 1175 titulus:
708 1112 934 1194 imperatoris
969 1111 1129 1176 Caesaris
1162 1111 1319 1194 Augusti

267 1215 482 1298 Scriptorum
508 1214 697 1300 Reliquiae.
747 1215 888 1278 Grimae
905 1215 999 1278 1841.
1045 1213 1173 1278 Eckhel
1195 1214 1315 1277 Doctr.

269 1319 364 1380 Num.
372 1329 398 1380 t.
406 1318 438 1380 6.
451 1340 486 1399 p.
498 1319 539 1379 70
549 1339 624 1402 sqq.
638 1316 756 1381 Hosck
767 1318 869 1381 uum.
883 1319 1005 1382 Gescb.
1019 1318 1062 1380 T.
1077 1320 1109 1378 1.
1122 1338 1157 1398 p.
1169 1316 1230 1379 219
1241 1337 1315 1400 sqq.

332 1419 408 1482 Atia
430 1431 529 1483 muter
555 1419 696 1502 praefuit
717 1418 900 1484 educationi
927 1418 1109 1485 Octaviani.
1133 1417 1240 1482 Tacit.
1265 1419 1317 1483 Dc

210 1525 213 1540 '
270 1522 439 1591 Oratorib.
468 1543 498 1586 c.
529 1523 582 1584 28.
627 1523 821 1588 Corneliam
844 1524 1098 1596 Gracchorum,
1135 1521 1317 1586 Aureliam

269 1625 448 1698 Caesaris,
474 1624 592 1688 Atiam
611 1625 765 1706 Augusti
795 1637 940 1688 matrem
959 1621 1163 1715 praefuisse
1192 1623 1316 1704 educa-

270 1726 422 1790 tionibus
443 1746 484 1787 ac
503 1726 717 1808 produxisse
747 1726 922 1810 principes
953 1727 1078 1790 liberos
1110 1725 1316 1808 accepimus.

146 1859 152 1865 ·
269 1849 356 1912 qaae
378 1827 564 1909 disciplina
586 1850 626 1892 eo
645 1828 855 1910 pertinebat,
889 1840 926 1892 ut
963 1830 1067 1894 nullis
1084 1828 1318 1912 pravitatibus

270 1931 407 1994 detorta
445 1929 713 2014 uniuscuiusque
747 1943 876 1994 natura
907 1943 981 1995 toto
1024 1931 1144 1995 statim
1178 1941 1318 2013 pectore

270 2031 443 2114 arriperet
463 2043 559 2094 artes
579 2035 759 2107 honestas,
794 2045 828 2096 et
855 2033 926 2096 siue
956 2035 1098 2096 adrem
1132 2034 1318 2096 militarem

269 2134 340 2196 siue
362 2134 409 2195 ad
429 2133 519 2198 iuris
543 2135 723 2198 scientiam
752 2135 822 2198 siue
847 2136 894 2198 ad
921 2137 1133 2222 eloquentiae
1164 2135 1318 2198 studium

270 2235 485 2312 inclinasset,
509 2237 547 2300 id
567 2239 679 2300 solum
701 2249 840 2320 ageret,
864 2238 900 2300 in
927 2240 1125 2301 uniuersum
1147 2237 1317 2300 hauriret.

272 2337 395 2403 Deinde
421 2338 557 2420 Epidius
590 2351 621 2402 et
654 2339 882 2422 Apollodorus
911 2341 1129 2424 Pergamenus
1162 2359 1318 2422 praecep·

271 2451 359 2505 tores
379 2439 445 2504 eius
466 2441 570 2504 suere.
617 2443 747 2507 Suetou.
772 2445 811 2504 de
839 2441 882 2505 cl.
908 2445 992 2506 rhet.
1018 2444 1049 2504 1.
1072 2439 1208 2521 Quintil.
1230 2441 1259 2515 3,
1289 2444 1318 2515 1,

274 2543 323 2606 tt.
382 2541 448 2606 Dio
470 2542 600 2607 Cassius
625 2545 680 2619 15,
705 2546 737 2606 2.
774 2539 793 2608 ὁ
825 2545 961 2634 Καῖσαρ
983 2541 1112 2630 μεγάλα
1146 2539 1190 2610 ἐπ’
1230 2535 1319 2634 αὐτῷ

270 2643 425 2723 (Octavio
455 2647 574 2726 puero)
600 2646 752 2725 ἐλπίσας,
775 2645 807 2722 ἔς
835 2671 869 2712 τε
892 2643 969 2724 τοὺς
994 2643 1193 2736 εὐπατρίδας
1216 2639 1320 2710 dcciv

273 2740 423 2832 igq'yaye,
446 2753 502 2812 καὶ
533 2749 584 2814 ini
605 2743 664 2827 τὴν
688 2743 790 2838 ἀρχὴν
805 2743 906 2829 ἤσκει,
929 2753 986 2814 καὶ
1004 2743 1112 2815 πάντα
1135 2739 1199 2812 ὅσα
1220 2770 1320 2836 προς-

273 2841 353 2930 ήκει,
375 2848 421 2938 τῷ
448 2851 601 2934 μέλλοντι
621 2850 728 2928 καλῶς
753 2853 809 2916 καὶ
829 2843 1009 2931 κατ’ἀξίαν
1029 2849 1223 2932 τηλικοῦτον
1240 2842 1321 2938 κρα-

275 2973 333 3027 τος
357 2946 545 3031 διοικήσειν,
567 2945 724 3043 ὑπάρχειν
743 2948 887 3042 ἀκριβῶς
910 2953 1119 3034 ἐξεπαίδενσι.
1145 2945 1257 3036 λόγοις
1285 2974 1320 3014 τε

277 3045 1320 3147 Μψωώώῶᾠώώὼωὼωῴ

274 3155 309 3218 be
331 3153 369 3244 τῇ
386 3149 513 3248 γλώττῃ
536 3151 676 3236 ἠσκεῖτο.
720 3156 844 3220 Gellius
870 3169 1020 3234 testatur,
1044 3159 1226 3241 Augustum
1243 3153 1320 3218 Iulii

274 3253 423 3318 Caesaris
449 3279 548 3340 genus
568 3257 694 3322 dicendi
717 3258 870 3320 imitatum
896 3280 975 3333 esse,
998 3260 1019 3321 l.
1048 3261 1098 3334 10,
1122 3261 1176 3322 21.
1208 3257 1319 3322 Diuus

275 3349 472 3439 Augustus,
496 3360 635 3442 linguae
659 3359 786 3420 latinae
808 3381 877 3422 non
892 3362 1037 3438 nescius,
1053 3361 1320 3424 munditiarum·

273 3479 337 3541 que
356 3459 470 3540 patris
492 3459 547 3521 sui
568 3460 603 3520 in
626 3461 839 3524 sermonibus
861 3473 1023 3524 sectator.

338 3559 508 3622 Suetonius
532 3559 701 3627 Octavian.
727 3584 757 3624 c.
786 3563 839 3627 81.
874 3565 1115 3647 Eloquentiam
1138 3563 1320 3645 studiaque

273 3659 430 3721 liberalia
450 3660 493 3722 ab
514 3673 626 3726 aetate
652 3665 770 3748 prima
791 3677 825 3730 et
845 3665 967 3748 cupide
996 3677 1030 3730 et
1051 3665 1320 3730 laboriosissime

273 3761 442 3825 exercuit.
486 3765 680 3830 Mutinensi
700 3769 787 3832 bello
807 3768 843 3831 in
865 3779 963 3831 tanta
984 3772 1072 3833 mole
1093 3787 1212 3831 rerum
1228 3767 1320 3830 etle-

273 3864 367 3948 gisse
388 3875 423 3926 et
449 3866 629 3949 scripsisse
659 3881 693 3932 et
725 3871 934 3934 declamasse
966 3870 1119 3954 quotidie
1151 3868 1319 3932 traditur.

274 3967 369 4029 Nam
389 3965 550 4050 deinceps
570 3989 630 4030 nec
652 3969 689 4030 in
709 3981 832 4033 senatu
853 3993 913 4036 nec
941 3973 1036 4055 apud
1061 3974 1232 4055 populum
1260 3989 1321 4031 nec

274 4068 369 4148 apud
390 4069 515 4134 milites
544 4073 678 4134 locutus
706 4083 759 4134 est
789 4095 954 4158 umquam
987 4074 1055 4138 nisi
1090 4073 1257 4137 meditata
1287 4082 1323 4134 et

274 4169 465 4250 composita
479 4171 648 4248 oratione,
672 4175 827 4256 quamuis
841 4197 910 4240 non
925 4175 1135 4253 deficeretur
1145 4175 1192 4240 ad
1206 4172 1323 4238 subita

275 4273 504 4349 extemporali
513 4270 708 4360 facultate.
753 4278 804 4342 Ac
831 4299 873 4341 ne
895 4277 1089 4360 perieulum
1108 4275 1224 4342 adiret
1250 4295 1323 4340 me·
