2992 4840
1120 389 1128 410 .
1152 325 1211 386 cce

158 485 284 558 Brute,
308 481 406 563 legas
430 497 563 541 censen.
596 481 773 542 Damnum
796 481 887 542 enim
905 479 1000 544 illius
1023 481 1210 546 immaturo

158 583 304 646 interitu
324 605 380 646 res
396 602 561 645 romanae
582 582 776 664 latinaeque
794 583 915 645 literae
925 581 1110 674 fecerunt.
1136 587 1209 647 Uti-

159 707 241 748 nam
269 707 339 748 non
369 697 441 746 tam
460 682 586 773 fratri
619 684 781 765 pietatem
810 707 915 768 qteam
943 687 1079 768 patriae
1106 709 1210 769 prae-

160 802 254 852 stare
278 787 462 850 uoluisset!
485 807 588 870 quam
610 786 667 856 ille
685 785 797 872 facile
821 789 883 851 tali
903 789 1062 871 ingenio,
1080 791 1211 852 (liutius

161 893 193 954 si
215 891 378 966 uixisset,
416 892 467 952 vel
489 901 674 970 palernam
703 901 790 952 esset
819 893 869 952 uel
901 893 1029 953 auitam
1060 893 1211 975 gloriam

162 1005 375 1058 consecutus.
421 993 629 1076 Eloquentia
656 992 793 1074 quiclem
822 995 933 1056 nescio
962 1015 1007 1055 an
1041 996 1213 1058 habuisset

161 1118 282 1179 parem
308 1095 491 1156 neminem.
536 1095 689 1158 Grandis
720 1107 771 1156 est
803 1096 932 1170 uerbis,
968 1097 1106 1179 sapiens
1135 1121 1212 1161 sen-

163 1198 298 1275 tentiis,
322 1218 448 1280 genere
472 1209 545 1260 toto
572 1198 708 1279 grauis,
734 1219 857 1260 manus
883 1211 1045 1262 extrema
1069 1223 1137 1264 non
1156 1225 1212 1263 ac-

164 1301 266 1364 cessit
294 1301 455 1382 operibus
480 1301 573 1374 eius,
596 1303 777 1380 praeclare
799 1301 960 1364 inchoata
985 1304 1112 1375 multa,
1136 1325 1215 1386 per-

156 1403 266 1494 fecta
288 1424 356 1466 non
374 1405 489 1484 plane.
522 1402 723 1484 Legendus,
748 1403 908 1487 inquam,
933 1416 984 1466 est
1006 1404 1060 1466 hic
1078 1417 1211 1482 orator,

165 1507 197 1569 si
222 1505 402 1589 quisquam
429 1505 536 1580 alius,
568 1504 750 1566 iuuentuti.
774 1506 956 1568 nonenim
980 1510 1091 1570 solum
1116 1529 1215 1571 acue-

167 1631 204 1672 re
228 1608 289 1671 sed
315 1607 420 1670 etiam
442 1610 534 1669 alere
556 1607 734 1689 ingenium
756 1619 884 1689 potest.

231 1737 318 1800 Ibid.
340 1761 369 1799 c.
387 1737 444 1810 86,
469 1737 543 1800 996.
589 1739 780 1801 Carbonem
799 1738 835 1798 in
855 1739 999 1802 summis
1015 1741 1214 1803 oratoribus

166 1841 321 1903 habitum
337 1839 420 1914 scio,
446 1840 507 1901 sed
523 1861 601 1900 cum
617 1841 658 1908 ¹in
675 1840 797 1902 ceteris
814 1841 914 1904 rebus
930 1854 1002 1904 tum
1019 1844 1054 1904 in
1072 1843 1216 1904 (licendo

168 1965 321 2024 semper,
345 1963 413 2024 qno
437 1942 523 2004 nihil
546 1954 595 2004 est
619 1943 758 2015 melius,
783 1943 820 2003 iu
845 1943 1001 2019 lauclari,
1033 1948 1216 2027 qualecun-

169 2067 235 2128 que
258 2056 327 2119 est,
356 2047 455 2106 solet.
501 2045 591 2107 Dico
621 2044 712 2106 idem
735 2045 776 2106 ‹le
802 2046 982 2121 Gracchis,
1018 2046 1083 2109 etsi
1106 2047 1148 2109 de
1173 2047 1217 2109 iis

169 2168 211 2209 ea
232 2158 313 2209 sunt
334 2168 359 2243 a
380 2159 413 2208 te
438 2145 546 2219 dicta,
572 2147 694 2228 quihus
720 2146 905 2209 assentior.

232 2277 317 2339 Ibid.
346 2297 376 2338 c.
394 2275 446 2339 96.
491 2278 617 2339 Nonne
644 2275 838 2348 cernimus,
864 2275 924 2336 uix
951 2277 1101 2358 singulis
1123 2291 1217 2339 aeta·

171 2380 263 2442 tibus
293 2379 390 2441 binos
418 2389 579 2440 oratores
612 2376 801 2438 laudabiles
834 2377 1058 2438 constitisse?
1108 2381 1218 2441 Galba

160 2479 247 2572 fuit
271 2480 362 2542 inter
387 2489 438 2542 tot
466 2482 626 2562 aequales
655 2498 745 2539 unus
774 2479 962 2551 excellens,
995 2479 1051 2541 cui
1075 2491 1107 2541 et
1135 2483 1220 2543 Cato
1257 2495 1258 2498 ’

172 2583 310 2646 cedebat
338 2582 479 2652 senior:
512 2579 663 2662 Lepidus
690 2591 832 2660 postea,
867 2591 900 2642 et
932 2581 1054 2642 deinde
1086 2582 1220 2644 Carbo:

173 2706 254 2748 nam
279 2685 425 2748 Gracchi
448 2684 483 2745 in
505 2682 743 2756 concionibus,
770 2685 878 2745 mrclto
887 2681 1064 2772 faciliore
1084 2695 1117 2744 et
1140 2684 1220 2745 libe·

174 2789 268 2850 riore
293 2808 419 2870 genere
450 2787 603 2860 dicendi,
636 2783 712 2869 (int.
741 2784 933 2848 excellentes
958 2784 1104 2862 furerent)
1139 2809 1222 2869 quo·

174 2912 251 2954 rum
274 2901 388 2952 tamen
408 2889 564 2970 ipsorum
587 2888 633 2950 ad
654 2899 803 2950 aetatem
818 2891 896 2950 laus
911 2888 1123 2970 eloquentiae
1142 2911 1222 2968 per-

163 2991 271 3080 fecta
297 2987 555 3079 nondumfuit.

242 3111 359 3175 Cuncti
383 3122 550 3187 oratores,
580 3109 634 3194 qui
661 3121 732 3172 ante
757 3107 948 3173 Ciceronem
979 3109 1105 3185 vixere,
1129 3131 1222 3194 quem

178 3211 313 3275 niaximc
340 3212 381 3276 C.
414 3215 597 3276 Gracchum
623 3211 743 3276 imitari
773 3216 952 3276 studebant.
998 3213 1077 3276 viu.
1104 3212 1224 3276 Cicero

179 3317 217 3376 de
244 3315 339 3378 Orat.
364 3318 394 3378 1.
414 3316 468 3377 st.
505 3315 632 3378 Auctor
661 3320 700 3378 ad
723 3318 867 3379 Herenn.
888 3317 918 3391 1,
940 3318 968 3393 1,
988 3317 1019 3378 9.
1043 3327 1073 3377 et
1096 3317 1127 3392 4,
1145 3317 1175 3390 2,
1193 3321 1224 3378 1.

242 3443 385 3507 Velleius
407 3446 431 3508 l.
457 3450 491 3522 1,
517 3449 574 3523 17,
597 3446 628 3508 3.
674 3447 799 3510 Oratio
824 3468 864 3506 ac
892 3446 942 3508 vis
956 3443 1125 3536 forensis
1147 3467 1227 3526 per·

168 3544 379 3633 fectamque
405 3568 533 3629 prosae
562 3548 773 3631 eloquentiae
802 3549 923 3622 decus,
949 3560 987 3609 ut
1013 3547 1105 3608 irlem
1129 3567 1226 3628 sepa·

181 3660 278 3710 retur
301 3652 386 3712 Cato
414 3651 512 3731 (pace
540 3653 577 3713 P.
603 3650 721 3714 Crassi
741 3649 983 3732 Scipionisque
1007 3661 1039 3710 et
1060 3649 1171 3711 Laelii
1195 3659 1228 3709 et

181 3752 475 3814 Gracchorum
503 3763 536 3814 et
559 3750 680 3815 Fannii
706 3763 738 3813 et
765 3751 875 3814 Seruii
904 3751 1031 3813 Galbae
1059 3749 1227 3826 dixerim)

181 3853 232 3914 itu
261 3853 423 3916 uniuersa
455 3855 517 3916 sulr
541 3854 697 3936 principe
724 3853 840 3935 operis
870 3853 925 3914 sui
951 3852 1065 3932 erupit
1092 3849 1227 3922 Tullia,

181 3965 220 4016 ut
249 3953 414 4017 delectari
439 3967 518 4017 ante
545 3977 623 4017 eum
652 3954 892 4036 paucissimis,
918 3953 1041 4015 mirari
1067 3970 1147 4012 uero
1174 3969 1230 4009 ne-

183 4055 310 4118 minem
323 4058 453 4138 possis,
475 4057 543 4120 nisi
559 4057 602 4118 ab
623 4055 682 4117 illo
699 4055 809 4118 visum
827 4068 888 4117 aut
903 4055 961 4137 qui
980 4053 1076 4114 illum
1096 4049 1230 4111 viderit.

247 4155 328 4220 ibid.
352 4159 384 4236 9,
409 4159 440 4234 9,
466 4163 497 4222 1.
541 4157 674 4223 Eodem
700 4169 814 4219 tractu
839 4171 1033 4237 temporum
1057 4153 1235 4214 nituerunt

185 4273 347 4325 oratores
373 4261 490 4342 Scipio
516 4259 733 4324 Aemilianus
760 4259 982 4339 Laeliusque,
1008 4259 1084 4320 Ser.
1106 4252 1233 4330 Galba,

238 4366 314 4407 rasisti
324 4365 446 4406 cresson.
457 4365 536 4420 usqu.
552 4363 612 4408 etl,
1015 4369 1054 4430 15
