2958 4840
1179 375 1238 438 589

175 538 266 630 fere
289 561 378 621 puer
397 535 524 620 attigit,
547 533 608 595 sed
626 554 648 594 a
667 529 889 614 philosophia
910 552 986 593 eam
1008 544 1118 596 mater
1139 553 1237 597 aver·

186 644 238 717 tit,
267 661 407 704 monens
428 640 642 720 imperaturo
667 633 879 698 contrariam
895 655 981 706 esse,
1002 655 1025 694 a
1042 636 1238 718 cognitione

186 758 376 807 veterum
399 753 624 806 oratorum
637 741 765 800 Seneca
777 747 993 818 praeceptor,
1013 758 1081 819 quo
1103 738 1235 803 diutins

187 848 222 908 in
248 846 479 907 admiratione
500 843 553 906 sui
574 842 753 902 detineret.

221 954 317 998 Seneca
333 950 493 1011 praeceptor]
531 951 567 994 cni
586 965 607 992 a.
627 943 676 990 ibt
696 944 751 1004 (li)
771 949 793 989 in
813 947 963 1000 disciplinam
983 948 1085 990 traditus
1099 953 1145 992 esi·
1167 950 1235 995 Suel.

249 1037 466 1187 ἱὶεἰνιῖ.ζ.7·10.
513 1118 726 1183 Declamavit
750 1115 888 1197 saepius
905 1116 1050 1198 publice.
1076 1117 1164 1180 ldem
1188 1117 1238 1182 De

193 1229 272 1288 clar.
310 1227 394 1292 rhet.
428 1229 455 1291 t.
511 1225 610 1286 Nero
643 1224 773 1284 Caesar
805 1219 920 1300 primo
957 1219 1097 1302 imperii
1127 1241 1237 1296 anno,

187 1327 319 1409 publice
342 1347 474 1410 quoqne
494 1325 545 1387 bis
571 1335 673 1384 antea
692 1321 906 1383 declamauit.

252 1428 424 1492 Orationes
450 1427 639 1508 pleraeque,
670 1423 785 1506 quibus
812 1425 902 1487 Nero
933 1423 1061 1505 publice
1083 1447 1158 1488 usus
1181 1440 1238 1504 est,

187 1553 252 1596 non
280 1535 319 1594 ab
343 1529 415 1611 ipso
438 1526 653 1608 compositae,
682 1547 792 1587 verum
818 1547 834 1587 a
858 1527 994 1599 Seneca,
1026 1538 1155 1590 rectore
1178 1528 1237 1590 im.

187 1633 371 1716 peratoriae
395 1633 552 1704 iuventae,
577 1628 668 1692 sicuti
691 1627 821 1690 Tacitus
845 1641 939 1713 atque
961 1627 1027 1692 Dio
1044 1627 1175 1694 Cassius
1192 1631 1240 1697 di-

189 1749 271 1800 serte
296 1746 464 1798 testantur.
510 1731 609 1796 Cous.
632 1734 745 1796 Oratt.
772 1735 916 1796 Senecae
939 1754 972 1812 p.
998 1732 1072 1794 582.

253 1838 358 1904 Tacit.
383 1840 469 1900 Ann.
497 1837 553 1907 13,
578 1836 610 1897 3,
657 1835 878 1898 Adnotabant
905 1835 1077 1909 seniores,
1117 1837 1240 1918 quibus

188 1943 337 2005 otiosum
361 1951 411 2000 est
433 1951 549 2002 vetera
571 1950 602 1999 et
624 1937 822 2018 praesentia
844 1938 1058 2010 contendere,
1086 1938 1239 2018 primum

187 2067 233 2106 ex
256 2043 310 2115 iis,
336 2043 395 2124 qui
417 2062 533 2102 rerum
552 2040 658 2120 potiti
680 2050 803 2108 essent,
829 2041 1004 2101 Neronem
1025 2039 1158 2103 alienae
1165 2041 1238 2131 fa-

189 2145 335 2206 cundiae
357 2143 506 2224 eguisse.
530 2161 610 2202 nam
632 2141 782 2202 dictator
804 2144 934 2204 Caesar
956 2143 1100 2204 summis
1122 2157 1240 2210 orato·

191 2246 287 2308 ribus
309 2247 476 2316 aemulus,
500 2254 533 2305 et
557 2247 719 2325 Augusto
733 2257 872 2321 promta
887 2262 927 2302 ac
939 2243 1137 2334 profluens,
1154 2269 1242 2330 quae

189 2349 321 2410 deceret
342 2347 544 2428 principem,
570 2345 762 2428 eloquentia
780 2342 878 2432 fuit.
931 2347 1094 2410 Tiberius
1126 2361 1239 2412 artem

188 2473 321 2534 quoque
343 2451 496 2521 callebat,
521 2469 590 2532 qua
612 2448 713 2508 uerba
741 2447 968 2527 expenderet,
994 2461 1067 2511 tum
1101 2452 1237 2516 validus

188 2553 342 2615 sensibus
363 2564 425 2612 aut
454 2553 605 2614 consulte
636 2549 819 2630 ambiguus
828 2571 839 2618 ,·
869 2549 973 2612 etiam
995 2552 1058 2615 Coi
1080 2555 1241 2617 Caesaris

189 2656 329 2716 turbata
352 2675 446 2715 mens
469 2654 535 2714 uim
558 2652 693 2714 dicendi
714 2672 781 2712 non
805 2653 972 2732 corrupit,
998 2674 1058 2715 nec
1079 2656 1115 2717 in
1135 2659 1238 2719 Clau.

191 2757 260 2829 dio,
287 2757 420 2840 quoties
444 2755 607 2818 meditata
629 2755 833 2828 dissereret,
861 2756 1068 2837 elegantiam
1090 2760 1241 2842 require·
1305 2747 1309 2757 ⁸

192 2881 260 2920 res.
285 2862 383 2921 Nero
404 2858 595 2938 puerilibus
628 2857 746 2918 statim
774 2856 875 2917 annis
904 2857 1054 2919 viridum
1085 2861 1239 2922 animum

192 2961 226 3021 in
250 2961 322 3020 alia
343 2960 507 3034 detorsit,
539 2963 691 3031 caelare,
713 2959 874 3040 pingere,
907 2971 1028 3020 cantus
1055 2973 1117 3022 aut
1145 2963 1239 3045 regi·

189 3083 264 3125 men
287 3083 455 3145 equorum
477 3084 651 3133 exercere,
672 3073 705 3122 et
719 3059 906 3143 aliquando
923 3062 1133 3124 carminibus
1152 3086 1238 3145 pan·

187 3165 310 3246 gendis
333 3165 444 3226 inesse
466 3163 531 3226 sibi
552 3166 717 3225 elementa
739 3162 917 3224 doctrinae
939 3165 1152 3228 ostendebat.

512 3283 538 3340 1.
561 3282 661 3339 Oratio
680 3298 733 3353 pro
752 3283 916 3339 Iliensibus.

253 3405 368 3469 Oratio
392 3403 475 3466 dicta
499 3425 525 3464 a.
550 3403 610 3464 806
633 3404 699 3482 (53)
722 3402 839 3466 Tacito
864 3415 942 3467 teste
959 3405 989 3467 in
1008 3409 1094 3468 Ano.
1115 3409 1163 3482 tt,
1182 3410 1235 3472 58.

189 3509 333 3572 Decimo
355 3508 457 3572 Iunio
480 3511 522 3588 Q.
546 3506 692 3569 Haterio
714 3506 909 3566 consulibus
932 3509 1023 3570 XVI
1047 3529 1157 3570 annos
1179 3531 1240 3571 na-

190 3623 246 3672 tus
271 3613 369 3675 Nero
392 3609 569 3672 Octauiam
594 3607 753 3671 Caesaris
777 3606 897 3682 filiam
920 3607 954 3667 in
979 3610 1239 3674 matrimonium

189 3713 330 3794 accepit.
377 3713 485 3792 thue
507 3709 633 3772 studiis
655 3708 806 3769 honestis
828 3720 860 3770 et
884 3710 1095 3792 eloquentiae
1121 3713 1238 3794 gloria

188 3815 405 3886 enitesceret,
423 3835 527 3875 causa
538 3813 716 3881 Iliensium
742 3823 901 3891 suscepta
916 3814 1111 3876 Romanum
1128 3815 1238 3877 Troia

188 3915 374 3977 demissum
398 3928 430 3976 et
451 3915 562 3980 Iuliae
585 3915 705 3995 stirpis
727 3925 902 3976 auctorem
928 3917 1077 3978 Aeneam
1100 3916 1237 4000 aliaque

188 4019 281 4078 band
300 4020 425 4098 procul
449 4017 595 4100 sabulis
626 4028 741 4078 uetera
763 4015 966 4106 facunde
999 4032 1235 4094 executus,

186 4131 375 4200 perpetrat,
402 4131 438 4180 ut
449 4121 589 4184 Ilienses
603 4119 697 4180 omni
709 4119 845 4200 publico
860 4139 999 4180 munere
1011 4123 1238 4186 solverentur.

224 4244 366 4302 Iliensium]
402 4246 503 4290 Rotnani
527 4247 573 4288 iem
598 4247 697 4290 vetuslis
721 4245 869 4300 temporibus
894 4260 989 4290 causum
1015 4248 1138 4293 lliensiurn
1157 4248 1239 4294 delen·

260 4335 318 4377 dere
337 4333 455 4383 solebant.
489 4334 560 4378 Cani.
581 4333 686 4379 Niebuhr
706 4334 737 4378 Τ.
759 4333 782 4378 1.
803 4347 826 4387 p.
850 4331 907 4377 195.

223 4422 291 4464 amni
306 4421 409 4478 publico
428 4420 541 4479 munere]
579 4437 600 4469 r.
621 4422 696 4476 Lipsii
716 4423 821 4465 adnotet.
