2992 4844
1152 385 1212 446 339

223 539 343 604 Cicero
362 540 464 603 Bruto
488 539 541 600 49.
587 539 715 602 lisdem
733 535 825 627 fere
845 539 1076 620 temporibus,
1098 551 1211 604 aetate

157 643 349 733 inferiores
371 643 482 724 paulo
515 661 617 724 quam
648 639 778 715 Iulius,
814 642 875 702 sed
902 644 1063 724 aequales
1086 665 1210 725 prope·

159 747 299 810 modum
311 742 472 830 fuerunt
499 747 538 806 C.
566 746 682 816 Cotta,
710 746 749 805 P.
780 744 968 824 Sulpicius,
998 748 1041 827 Q.
1068 747 1207 820 Varius,

158 853 221 913 Cn.
249 845 477 927 Pomponius,
511 849 549 908 0.
576 845 700 915 Curio,
738 849 779 906 L.
804 845 948 922 Fuscus,
974 849 1029 912 M.
1059 851 1208 924 Drusus,

159 955 198 1016 P.
218 949 403 1021 Antistius,
422 969 482 1009 nec
507 950 578 1008 ulla
603 959 716 1008 aetate
740 948 880 1010 uberior
895 961 1077 1011 oratorum
1080 948 1211 1038 foetur

146 1051 245 1144 fuit.
282 1055 342 1115 Ea·
378 1050 432 1111 his
469 1053 572 1112 Cotta
604 1062 637 1110 et
667 1050 840 1130 Sulpicius
869 1071 947 1112 cum
978 1071 1054 1112 meo
1082 1053 1211 1116 iudicio

158 1169 232 1217 tum
254 1154 407 1216 omnium
419 1149 537 1241 facile
555 1151 690 1232 primas
717 1155 884 1214 tulerunt.

223 1255 310 1319 lbid.
335 1278 365 1317 c.
390 1256 441 1318 55.
486 1255 681 1318 Inveniebat
707 1266 806 1317 acute
831 1259 942 1330 Cotta,
969 1256 1102 1320 dicebat
1123 1281 1211 1340 pure
1301 1289 1310 1307 ο

157 1379 199 1420 ac
221 1361 343 1432 solute,
373 1369 405 1419 et
434 1369 472 1419 ut
498 1356 545 1418 ad
568 1356 811 1432 infirmitatem
835 1360 984 1420 laterum
996 1360 1208 1440 perscienter

157 1461 410 1525 contentionem
441 1480 575 1521 omnem
600 1460 798 1533 remiserat,
834 1461 883 1521 sie
908 1461 956 1521 ad
988 1441 1114 1524 virium
1144 1464 1208 1526 im·

159 1563 376 1626 becillitatem
404 1561 539 1623 dicendi
561 1562 840 1623 accommodabat
867 1583 991 1644 genus.
1020 1565 1119 1627 Nihil
1133 1580 1207 1628 erat

160 1665 196 1727 in
213 1665 286 1727 eius
299 1667 455 1726 oratione
478 1663 546 1724 nisi
569 1663 753 1733 sincerum,
781 1665 867 1726 nibil
879 1665 947 1726 nisi
964 1664 1091 1728 siccum
1106 1681 1209 1752 atque

159 1789 299 1840 sanum,
325 1766 475 1850 illudque
507 1766 718 1842 maximum,
756 1765 866 1849 quod,
895 1791 973 1829 cum
996 1771 1209 1832 contentione

160 1868 329 1932 orationis
353 1868 507 1959 ‚flectere
543 1869 678 1930 animos
719 1869 872 1930 indicam
906 1869 966 1931 vix
983 1941 988 1950 ¹
996 1883 1115 1953 posset
1149 1893 1209 1934 nec
1251 1871 1254 1878 ’

159 1973 300 2035 omnino
324 1994 365 2034 eo
388 1992 514 2053 genere
538 1971 682 2044 diceret,
711 1972 895 2034 tractando
921 1985 1035 2052 tamen
1059 1975 1209 2056 impelle·

160 2075 228 2146 bat,
247 2087 283 2136 ut
306 2075 396 2136 idem
411 2072 582 2164 facerent
606 2095 628 2134 a
651 2095 686 2134 se
711 2073 886 2148 commoti,
908 2077 1001 2157 quod
1019 2098 1041 2136 a
1057 2077 1208 2166 Sulpicio

159 2177 333 2238 concitati.
363 2211 405 2221 -
437 2179 601 2240 Crassum
633 2179 670 2240 P.
696 2175 870 2256 Sulpicius
905 2179 1037 2239 volebat
1064 2179 1207 2250 imitari,

159 2282 261 2344 Cotta
281 2279 427 2340 malebat
447 2278 650 2350 Antonium,
674 2277 735 2339 sed
762 2278 805 2338 ab
830 2281 893 2339 leae
919 2280 970 2340 vis
993 2281 1112 2342 aberat
1137 2284 1209 2344 An-

160 2381 260 2452 tonii,
289 2379 403 2442 Crassi
427 2379 469 2442 ab
494 2380 553 2442 illo
576 2383 682 2460 lepos.

227 2481 314 2543 lbid.
356 2505 386 2543 c.
431 2483 482 2544 56.
544 2485 655 2564 Atque
697 2481 732 2541 in
770 2480 823 2543 bis
866 2483 1065 2544 oratoribus
1100 2481 1211 2563 (Colla

161 2596 192 2646 et
228 2583 385 2666 Sulpicio)
418 2584 506 2647 illud
536 2583 880 2645 animadvertendum
910 2596 979 2658 est,
1008 2605 1108 2665 posse
1139 2607 1211 2649 esse

160 2708 327 2760 summos,
346 2687 404 2769 qui
427 2688 518 2749 inter
541 2707 574 2748 se
598 2685 668 2747 sint
695 2685 900 2748 dissimiles:
922 2685 1008 2747 nilril
1033 2686 1123 2748 enim
1139 2699 1211 2749 tam

160 2788 324 2852 dissimile
347 2810 450 2872 quam
476 2792 579 2852 Cotta
604 2788 768 2869 Sulpicio,
793 2799 826 2851 et
848 2799 991 2872 uterque
1013 2790 1211 2874 aequalibus

161 2891 234 2953 suis
250 2891 444 2972 plurimum
460 2891 647 2972 praestitit.

223 2993 310 3056 Ibid.
335 3015 365 3054 c.
391 2993 445 3056 92.
491 2995 573 3056 Duo
599 3004 673 3053 tum
688 2993 898 3054 excellebant
919 3003 1091 3066 oratores,
1109 2993 1212 3055 Cotta

161 3108 193 3157 et
222 3095 451 3160 Hortensius:
484 3115 632 3179 quorum
663 3098 752 3160 alter
787 3094 953 3156 remissus
984 3106 1016 3155 et
1041 3092 1145 3170 lenis,
1180 3107 1214 3156 et

157 3199 314 3280 propriis
332 3198 442 3259 verbis
457 3195 746 3277 comprehendens
766 3199 877 3257 solute
899 3208 931 3257 et
937 3194 1057 3285 facile
1078 3208 1212 3258 senten-

161 3301 263 3374 tiam,
296 3302 385 3361 alter
414 3311 578 3370 ornatus,
608 3320 706 3372 acer,
742 3301 983 3363 etverborum
1007 3311 1040 3361 et
1066 3299 1213 3362 actionis

112 3405 116 3410 ’
161 3424 287 3484 genere
309 3399 528 3464 commotior.

216 3503 307 3574 thid.
332 3527 364 3565 c.
388 3503 440 3565 97.
485 3504 610 3565 Nonne
636 3504 820 3577 cernimus,
847 3503 907 3564 vix
928 3504 1076 3586 singulis
1091 3502 1214 3564 aetati-

120 3677 122 3679 ¹
163 3607 225 3669 bus
250 3607 348 3668 binos
372 3617 532 3668 oratores
558 3605 748 3668 laudabiles
771 3605 993 3667 constitisse?
1017 3605 1126 3668 Galba
1129 3603 1215 3694 fuit

162 3707 254 3769 inter
285 3720 336 3770 tot
367 3711 529 3791 aequales
561 3730 651 3770 unus
682 3709 870 3778 excellens,
905 3707 1058 3787 Lepidus
1078 3718 1214 3787 postea,

163 3808 286 3871 deinde
315 3812 445 3884 Corbo;
472 3811 665 3882 Antonius,
690 3813 855 3882 Crassus,
881 3819 963 3891 post
990 3811 1107 3882 Cotta,
1138 3809 1215 3870 Sul-

159 3909 286 3994 picius,
310 3913 533 3976 Hortensius.

228 4011 348 4077 Cicero
382 4017 523 4078 Oratore
553 4036 582 4075 c.
621 4013 674 4076 29.
727 4011 828 4076 Nihil
850 4014 962 4092 ample
986 4014 1104 4080 Cotta,
1133 4005 1219 4068 nibil

161 4115 285 4178 leniter
312 4119 507 4197 Sulpicius,
533 4135 602 4177 non
625 4116 734 4174 multa
758 4113 911 4194 graviter
935 4107 1158 4175 Hortensius.

227 4217 301 4282 Cio.
328 4222 366 4281 de
391 4220 485 4283 Orat.
518 4217 557 4292 3,
582 4216 614 4277 8.
659 4217 747 4276 Ecce
774 4210 1074 4295 praesentcs'duo
1106 4231 1215 4291 prope

162 4323 324 4404 aequales
345 4319 520 4402 Sulpicius
543 4330 576 4380 et
600 4319 714 4381 Cotta.
737 4316 831 4396 Quid
853 4325 926 4376 tam
954 4313 1044 4377 inter
1066 4332 1104 4373 se
1118 4311 1219 4376 dissi-
