2992 4840
1171 329 1232 394 235

184 501 216 554 et
244 487 363 553 Tiberi
394 485 543 552 Gracchi
563 482 717 574 familia
741 485 807 549 nisi
830 507 896 570 ego
921 497 955 548 et
971 507 1061 569 puer
1086 498 1232 550 restore·

187 613 286 667 mus,
311 601 350 653 ut
366 587 575 674 pateremini
598 591 661 651 hoe
683 600 835 672 tempore
859 611 911 652 me
932 589 1122 672 quiescere,
1147 611 1189 652 ne
1211 612 1234 652 o

184 695 293 778 stirpe
312 713 423 776 genus
442 703 600 754 nostrum
618 691 795 770 interiret,
817 703 851 755 et
872 692 923 754 uti
939 692 1058 775 aliquo
1070 713 1234 778 propago

185 796 323 882 generis
346 794 460 858 nostri
483 792 616 878 reliquo
641 805 747 857 esset:
768 795 863 856 houd
882 794 955 859 scio
977 815 1023 858 on
1043 795 1235 860 lubentibus

186 921 209 964 a
233 899 322 964 vobis
344 899 597 980 impetrassem.

224 1058 272 1105 ego
291 1048 315 1088 et
328 1039 413 1101 puer]
456 1041 484 1087 C.
509 1041 632 1087 Gracchus
658 1057 728 1086 onum
758 1057 857 1098 puerum
877 1059 906 1090 ex
924 1043 1017 1090 Licinia
1044 1059 1119 1092 uxore
1142 1047 1233 1092 hebuit.

256 1133 320 1179 Plul.
341 1133 371 1178 C.
386 1131 490 1176 Gracch.
516 1128 557 1176 15.
595 1131 696 1175 Tiberio
716 1130 825 1176 Graccho
842 1133 912 1178 tratri
931 1139 980 1179 tres
1001 1133 1096 1180 lucrant
1114 1133 1158 1179 filii
1176 1135 1235 1193 (Va-

260 1221 334 1266 lerius
354 1221 420 1264 Μαι.
436 1217 461 1273 9,
477 1216 501 1270 l.
517 1215 569 1271 2.),
593 1220 632 1277 qui
652 1220 700 1263 iam
719 1225 772 1264 ante
794 1234 817 1262 a.
835 1216 880 1265 631
902 1223 965 1266 diem
984 1223 1081 1276 obiere,
1105 1228 1129 1266 ut
1145 1237 1174 1268 ex
1191 1223 1236 1268 hoc

261 1313 313 1352 loco
333 1311 406 1364 patet.
443 1306 474 1352 Ρ.
493 1307 574 1364 Scipio
587 1306 714 1352 Africanus
727 1309 823 1368 minor,
845 1309 884 1365 qui
897 1310 1080 1364 Semproniam,
1101 1311 1144 1356 Cei
1160 1311 1237 1356 Grac·

259 1397 295 1442 chi
314 1409 440 1456 sororem,
459 1409 559 1439 uxorem
571 1397 688 1450 duxerat,
710 1397 789 1440 nullos
808 1397 907 1454 reliquit
923 1397 1023 1443 liberos.
1053 1398 1124 1444 Cous.
1139 1400 1236 1444 Freins-

259 1485 322 1528 heim
344 1486 371 1526 ad
395 1483 448 1526 Iriv.
471 1481 512 1538 59,
530 1477 572 1528 79.
591 1488 615 1528 el
636 1483 666 1527 Α.
684 1485 764 1528 lllaius
783 1485 812 1527 ed
834 1485 858 1529 h.
873 1485 890 1528 l.

227 1571 295 1617 houd
314 1571 368 1616 ecio
391 1567 442 1630 on]
489 1571 542 1616 acio
565 1573 631 1616 deest
656 1572 679 1615 in
701 1574 772 1626 cod.,
802 1572 881 1616 lllaius
906 1574 1033 1628 supplevit.
1070 1576 1116 1620 Sed
1141 1575 1235 1621 Franks

261 1661 398 1705 Verisimil.
420 1661 488 1714 spec.
508 1673 531 1715 p.
547 1657 579 1704 tl
598 1661 702 1704 defendit
714 1661 803 1704 codicis
821 1661 949 1706 lectionem
966 1657 1035 1707 houd
1048 1676 1082 1706 on
1100 1669 1237 1717 comparato

259 1763 347 1807 graeco
372 1741 430 1796 ου’κ
451 1739 500 1808 ἄν,
528 1761 576 1792 non
599 1750 672 1790 altato
694 1753 772 1792 tamen
793 1751 869 1794 altero
892 1749 961 1794 huius
982 1764 1037 1796 usus
1063 1754 1191 1808 exemplo,
1213 1756 1238 1795 ot

261 1837 367 1883 Orellius
388 1838 445 1881 dicit
467 1839 495 1880 ad
516 1835 643 1880 Ciceronis
657 1837 788 1880 Tusculao.
812 1852 836 1892 p.
851 1835 910 1884 ³99.
937 1839 971 1883 hc
985 1840 1062 1883 rniror
1074 1853 1140 1893 sane,
1156 1853 1238 1896 quern·

262 1939 333 1984 quam
351 1928 374 1970 iu
395 1927 495 1970 telinum
511 1938 647 1970 sermonem
666 1938 780 1983 graecum
791 1917 829 1974 ἄν
841 1926 973 1974 ltaosierre
987 1929 1102 1974 voluisse.
1126 1927 1239 1974 Ceterum

261 2012 330 2058 houd
342 2013 396 2059 ecio
409 2028 441 2057 on
462 2013 496 2057 sic
515 2013 655 2057 dictumest
671 2021 696 2056 ut
716 2026 765 2058 non
783 2013 858 2058 credo
870 2010 948 2074 sore,
969 2016 1030 2060 sicut
1042 2019 1109 2061 iniilti
1127 2023 1239 2062 auctores

264 2107 361 2158 praeter
384 2102 526 2146 Ciceronem
547 2102 569 2145 id
590 2107 744 2155 usurparunt.
781 2101 813 2145 Et
833 2116 887 2146 cum
907 2105 1044 2158 videmnus,
1066 2105 1125 2149 hanc
1140 2107 1240 2151 locutio·

264 2205 318 2236 nem
337 2205 350 2234 a
370 2189 493 2247 plerisque
517 2189 591 2234 modo
614 2190 741 2248 negative,
771 2191 842 2234 modo
866 2189 1008 2236 alhs-inatile
1029 2193 1094 2253 dici,
1121 2193 1241 2248 idipsum

264 2282 348 2334 docet,
371 2292 417 2322 non
439 2278 461 2322 in
481 2278 533 2331 ipsa
551 2275 656 2321 formula
675 2275 812 2322 affirmandi
832 2280 979 2338 negandique
1000 2281 1045 2324 vien
1061 2295 1114 2325 esse
1128 2281 1239 2336 positam,

264 2370 304 2413 sed
325 2381 355 2412 er
373 2371 422 2410 tola
441 2366 559 2410 sententia
579 2366 602 2408 id
622 2365 702 2419 effici,
724 2370 748 2409 ut
762 2366 830 2409 sario
844 2370 915 2410 inodo
928 2368 1082 2425 intelligendo
1095 2369 1135 2412 sit.
1163 2367 1240 2426 Atque

265 2470 310 2500 oos
330 2467 438 2513 quoque,
458 2467 511 2498 cum
530 2454 630 2497 dicitous
648 2454 685 2497 ich
698 2456 770 2499 weiss
789 2454 853 2498 nicht
866 2455 913 2507 oh,
935 2456 1131 2510 pronuntiatione
1146 2461 1169 2500 et
1181 2471 1241 2502 sono
1270 2492 1271 2496 ,

263 2547 298 2590 sic
316 2546 463 2603 distinguere
481 2544 604 2599 solemus,
625 2547 650 2586 ut
668 2556 729 2588 nnnc
747 2541 895 2588 affirmemus
910 2544 1017 2602 aliquid,
1037 2555 1099 2588 nunc
1116 2557 1239 2602 negemus.

259 2663 383 2731 Gellius
412 2661 527 2739 9,“14.
572 2665 611 2728 G.
639 2665 815 2727 Gracchus
844 2665 898 2728 De
927 2665 1060 2748 legibus
1086 2667 1243 2748 promul·

195 2768 311 2853 gatis:
344 2773 400 2834 Ea
429 2767 566 2830 luxurii
594 2787 702 2830 caiisa
732 2766 830 2829 aiunt
860 2767 1008 2831 institui.
1054 2770 1098 2832 Et
1122 2767 1242 2832 ibidem

136 2930 139 2936 .
195 2871 279 2934 infra
310 2871 355 2934 ita
387 2870 541 2953 scriptum
574 2882 643 2934 est:
683 2873 766 2936 Non
796 2883 848 2934 est
877 2891 919 2933 eo
950 2871 1128 2946 luecuries,
1156 2894 1244 2956 quae

197 2975 394 3037 necessario
416 2985 588 3057 parentur
613 2975 704 3036 vitoe
731 2995 848 3036 causa.
894 2975 961 3036 Per
986 2977 1073 3058 quod
1100 2987 1243 3059 apparet,

198 3097 268 3140 eum
296 3080 336 3139 ab
368 3098 429 3153 eo,
463 3079 552 3161 quod
585 3087 632 3140 est
660 3077 834 3154 triscuries,
871 3078 1007 3141 luxurii
1033 3077 1140 3160 patrio
1171 3101 1245 3142 casu

198 3178 328 3243 dixisse.

232 3287 364 3342 luxuries,
386 3286 469 3347 quoe]
507 3287 543 3332 An
563 3287 697 3343 luxuries,
718 3287 741 3333 si
759 3289 840 3348 quoe?
878 3289 907 3336 Si
923 3293 985 3336 enim
1004 3290 1074 3336 tacite
1089 3291 1177 3336 excidit
1193 3296 1247 3346 post

268 3378 372 3422 litteram
394 3375 423 3421 S.

233 3465 299 3508 vitoe
318 3462 408 3522 ceusu]
446 3465 527 3508 nescie
546 3477 576 3508 an
594 3464 652 3508 haec
671 3464 744 3508 verba
763 3466 787 3508 id
805 3467 957 3522 contineant,
979 3470 1044 3525 quod
1059 3467 1089 3513 oh
1102 3472 1247 3516 adversariis

268 3552 369 3596 Gracchi
389 3552 462 3598 obiici
482 3552 585 3596 solebat.
624 3551 643 3596 li
662 3553 726 3596 enim
745 3553 869 3608 dicebant,
900 3554 1035 3602 Gracchum
1062 3558 1104 3600 has
1127 3559 1192 3617 leges
1212 3565 1248 3604 tu·

269 3641 341 3694 lisse,
363 3646 387 3684 ot
405 3640 473 3695 plebs
494 3641 601 3684 luxuriae
621 3653 652 3711 ιο,
667 3641 765 3683 dederet
783 3644 806 3683 et
818 3643 978 3695 voluptntihus
997 3645 1141 3702 indulgeret.
1172 3647 1248 3691 Grac·

270 3729 327 3772 chus
346 3733 426 3772 antem
445 3728 593 3780 affirmavit,
623 3729 688 3786 leges
708 3740 763 3771 suas
782 3729 816 3772 nil
834 3730 898 3773 aliud
918 3731 996 3785 velle,
1022 3735 1067 3776 nisi
1087 3739 1112 3777 ut
1130 3735 1194 3789 plebi
1213 3733 1249 3777 vi-

268 3829 325 3860 vers
350 3817 454 3870 liceret,
482 3829 525 3861 nec
545 3816 639 3859 iniuriis
665 3817 815 3872 optimatium
848 3818 920 3861 nimis
946 3825 1104 3873 premeretur.
1141 3827 1174 3864 hc
1198 3821 1249 3863 veri

269 3904 347 3948 simile
361 3909 411 3958 est,
432 3908 511 3962 legem
524 3904 660 3961 agrariam,
680 3905 877 3958 frumentariam,
897 3917 972 3960 porro
989 3908 1017 3950 de
1030 3907 1162 3950 hereditate
1183 3907 1248 3963 regis

269 3991 359 4047 Attali,
386 4005 426 4037 eas
445 3992 596 4048 potissimum
615 3990 704 4045 luisse,
729 4005 787 4048 quas
805 3992 931 4046 optimates
951 3994 1086 4036 luxuriosas
1108 4005 1161 4035 esse
1181 3991 1249 4037 dictis

272 4079 369 4133 tabant,
391 4085 416 4123 ut
433 4093 493 4138 quse
513 4078 634 4124 aerarium
652 4081 732 4132 populi
750 4081 843 4124 ruinani
867 4081 1017 4134 dissiparent.

267 4177 392 4242 Gellius
417 4183 476 4257 10,
501 4179 533 4241 3.
578 4176 693 4240 Fortis
718 4199 759 4240 ac
783 4181 958 4242 vehemens
984 4185 1106 4238 orator·
1127 4175 1250 4240 existi.

205 4292 417 4344 maturasse
442 4286 481 4347 0.
507 4279 698 4344 Gracchus.
731 4283 845 4344 Nemo
868 4279 905 4340 id
922 4285 1038 4356 negot.
1073 4276 1142 4341 Sed
1161 4284 1253 4366 qaod
