2970 4836
1168 363 1207 424 35

217 525 249 584 8.
276 519 460 586 Charisius.
489 523 613 582 Porro.
642 539 675 600 p.
696 520 772 581 126.
797 521 852 582 M.
873 522 960 584 Cato
982 519 1118 580 dierum
1138 520 1207 581 dic·

154 641 273 689 tarum
303 623 345 685 de
370 625 554 686 consulatu
584 642 669 683 suo:
701 622 784 686 Inde
810 643 923 704 pergo
946 644 1057 704 porro
1085 623 1136 684 irc
1171 623 1207 683 ia

157 733 321 792 Turtam.
362 727 451 788 Idem
475 745 595 804 supra:
623 726 744 806 Itaque
763 745 874 806 porro
898 725 932 786 in
958 728 1107 787 Turtam
1127 747 1209 806 pro·

150 831 302 908 ficiscor
329 839 504 890 servatum
528 827 620 888 illos.
671 827 782 890 Porro
809 847 870 907 pro
899 825 1111 888 infuturum.
1152 829 1208 890 M.

156 937 244 996 Cato
266 932 301 993 in
328 931 470 992 eodem:
501 933 564 993 Me
593 929 777 990 sollicitum
800 941 903 1012 atque
928 927 1121 992 exercitum
1149 933 1208 990 lra-

155 1036 266 1097 bitum
288 1055 363 1096 esse
385 1043 489 1115 atque
508 1051 618 1113 porro
629 1029 737 1118 fore.

194 1176 313 1236 Turtam]
351 1178 418 1221 Dixit
442 1177 543 1220 Turtam
567 1189 611 1232 pro
639 1177 805 1230 Turdetania,
834 1179 902 1221 siculi
927 1177 1059 1221 Turdetani
1084 1179 1143 1222 alias
1171 1179 1208 1222 rel

228 1267 304 1310 Turdi
317 1267 355 1308 vel
369 1265 470 1309 Turduli
484 1267 642 1319 appellantur.
664 1265 740 1308 Ukert
752 1265 865 1318 Hispania
878 1279 901 1318 p.
918 1261 977 1310 307.
996 1265 1056 1310 Rem
1070 1271 1154 1310 narrat
1165 1266 1205 1308 Li·

231 1356 282 1396 vius
308 1350 350 1405 34,
374 1353 414 1398 19.
444 1351 583 1414 Difficilius
603 1352 693 1396 bellum
710 1352 737 1394 in
756 1350 914 1395 Turdetania
930 1353 1047 1408 praetori
1063 1351 1091 1396 Ρ.
1111 1351 1209 1396 Manlio

229 1438 347 1484 Celtiberi
368 1441 481 1484 mercede
501 1441 582 1484 exciti
606 1440 637 1482 ab
659 1437 772 1483 hostibus
784 1436 935 1497 faciebant;
960 1440 1042 1497 itaque
1060 1453 1088 1483 eo
1110 1442 1207 1493 consul,

230 1529 370 1572 arcessitus
390 1528 483 1572 litteris
501 1529 639 1585 praetoris,
661 1528 776 1587 legiones
794 1526 878 1570 duxit.

195 1633 224 1677 In
242 1633 337 1692 eodem]
369 1635 426 1678 Sril.
451 1634 522 1677 libro.
560 1634 691 1678 Probabile
708 1639 753 1688 est,
775 1633 890 1676 Catonem
914 1635 1002 1676 librum
1024 1635 1116 1677 dierum
1135 1635 1208 1677 dirta·

230 1736 284 1765 rum
305 1723 332 1765 de
357 1724 480 1765 cousulatu
504 1736 548 1765 suo
567 1723 698 1776 separatim
716 1721 834 1774 edidisse,
858 1721 880 1764 in
904 1734 951 1776 quo
972 1733 1056 1765 omnes
1075 1722 1208 1775 orationes,

232 1822 290 1863 quas
308 1811 397 1852 desua
417 1811 540 1852 consulatu
562 1815 654 1868 egerat,
677 1811 779 1852 inerant.

227 1928 259 1990 9.
286 1923 466 1990 Charisius.
493 1928 718 1992 Pedetentim.
739 1949 772 2008 p.
789 1927 860 1989 127.
885 1930 973 1991 Cato
988 1927 1123 1990 dierum
1140 1928 1209 1988 stic-

159 2043 279 2091 tarum
297 2030 337 2090 de
360 2031 544 2092 consulatu
569 2051 655 2093 ruo:
681 2034 771 2095 Eam
795 2051 861 2114 ego
881 2030 948 2092 vim
968 2031 1210 2111 pedetemptim

159 2133 384 2214 temptabam.

226 2236 277 2297 10.
308 2233 488 2298 Charisius.
523 2235 752 2316 Sempiterno.
786 2257 820 2316 p.
846 2235 919 2297 130.
965 2239 1051 2299 Cato
1075 2236 1210 2298 dierum

161 2335 335 2398 dictarum
358 2336 400 2398 de
426 2340 608 2400 consulatu
639 2357 726 2399 suo:
764 2341 843 2420 Ego
869 2337 954 2400 mihi
979 2339 1061 2400 haec
1087 2360 1208 2400 monu-

162 2449 279 2500 menta
304 2439 515 2520 sempiterno
534 2439 656 2521 posui,
682 2459 769 2522 quae
793 2440 879 2520 cepi.

198 2597 261 2641 puae
282 2581 348 2641 cepi]
379 2585 471 2628 Multos
491 2586 591 2639 populos
610 2584 773 2638 Hispanorum
793 2586 856 2636 vicit,
878 2585 964 2639 oppida
983 2587 1154 2641 quadringenta
1173 2600 1210 2628 ce·

235 2675 277 2726 pit.
313 2671 439 2718 Plutarch.
461 2671 546 2719 Calon.
569 2667 607 2719 10,

235 2792 285 2854 11.
312 2789 492 2853 Charisius.
527 2793 682 2856 Obviam.
713 2816 746 2874 p.
771 2793 842 2854 194.
881 2794 937 2856 Μ.
963 2795 1049 2856 Cato
1078 2791 1212 2854 dierum

166 2893 338 2956 dictarum
357 2895 399 2956 de
420 2897 603 2957 consulatu
629 2917 710 2958 suo:
737 2895 831 2958 Mihi
845 2907 947 2977 atque
963 2895 1065 2956 classi
1080 2894 1211 2956 obuium

155 2994 272 3070 fiunt.

233 3096 284 3159 12.
311 3095 490 3159 Charisius.
513 3100 770 3162 Maturissime.
798 3119 832 3178 p.
854 3098 925 3159 lat.
958 3101 1013 3161 Μ.
1037 3100 1123 3161 Cato
1143 3100 1212 3160 ‹tie-

164 3219 244 3260 rum
265 3199 438 3260 dictarum
458 3200 499 3262 de
521 3205 706 3264 consulatu
729 3223 811 3264 suo:
844 3205 931 3264 Item
954 3201 1006 3262 uti
1032 3201 1076 3262 ab
1103 3203 1212 3262 Ther-

166 3301 318 3386 mopylis
344 3313 448 3383 atque
473 3325 519 3364 ex
543 3304 631 3366 Asia
657 3305 831 3366 maximos
857 3305 1025 3364 tumultur
1051 3304 1213 3364 maturis·

165 3402 250 3464 sime
276 3403 395 3465 disiaci
421 3416 524 3486 atque
547 3407 741 3469 conserturi.

201 3528 233 3570 ab
255 3526 445 3588 Thermopylis]
487 3531 562 3574 liuius
592 3533 719 3591 fragmenti
752 3533 918 3586 interpretatio
950 3531 1040 3574 lubrica
1071 3536 1116 3577 est.
1154 3529 1213 3574 Nam

235 3618 355 3672 quomodo
374 3619 397 3660 in
421 3620 557 3662 orationem
581 3622 609 3663 de
629 3623 754 3664 consulatu
777 3619 876 3663 Catonis
898 3620 967 3662 eadat
987 3623 1056 3676 atque
1079 3623 1212 3670 conveniat,

237 3704 335 3748 haereo.
372 3704 417 3748 aa
445 3705 507 3748 enim
531 3707 671 3761 probabile,
703 3708 725 3749 in
751 3720 779 3750 eo
804 3706 951 3749 mentionem
973 3703 1025 3749 fieri
1047 3708 1134 3760 proelii
1156 3708 1216 3760 apud

238 3789 430 3846 Thermophylas
450 3808 474 3839 a.
495 3787 542 3838 5⁶3
565 3793 637 3846 (191)
661 3796 792 3846 commissi,
814 3795 836 3836 in
857 3807 904 3849 quo
922 3793 982 3836 Cato
1002 3795 1143 3848 praecipuus
1159 3807 1213 3835 auc·

237 3883 275 3921 tor
299 3879 415 3922 victoriae
442 3886 502 3924 erat.
541 3882 624 3924 Livius
644 3882 775 3934 XXXVl,
800 3877 840 3928 17.
866 3878 906 3928 18,
954 3882 1015 3924 Tum
1038 3883 1100 3925 enirn
1123 3883 1214 3938 legatus

236 3965 312 4008 Manli
334 3965 407 4010 Acilii
422 3966 562 4012 Glabrionis
582 3971 689 4012 consulis
711 3971 767 4023 (rel,
788 3974 814 4012 ut
835 3970 876 4011 alil
900 3971 997 4018 volunt,
1021 3968 1131 4010 tribunus
1153 3967 1214 4007 mili-

237 4050 298 4108 tum)
319 4054 373 4097 tuit.
416 4053 471 4098 Vid.
494 4057 606 4100 Dukerus
628 4060 656 4100 ad
679 4057 773 4100 Livium
796 4050 841 4109 36,
865 4053 911 4107 17,
935 4056 956 4102 1.
1006 4055 1040 4098 An
1061 4055 1133 4110 igitur
1155 4052 1215 4094 Cato

238 4155 300 4184 anno
321 4140 370 4185 564
392 4137 478 4198 (¹90)
500 4145 527 4186 de
550 4147 674 4188 corisulalu
696 4158 739 4187 suo
759 4145 782 4186 in
807 4144 919 4186 iudicium
941 4146 1038 4184 vocatus
1061 4146 1113 4192 est,
1139 4141 1170 4181 ita
1192 4146 1216 4181 ul
1299 4145 1310 4154 '

238 4234 288 4271 tum
313 4231 409 4271 demum
431 4230 566 4274 orationem
587 4233 646 4274 hanc
669 4233 776 4281 huheret,
799 4243 826 4272 ex
847 4243 892 4284 qua
913 4229 1072 4285 fragmentum
1092 4227 1216 4268 Charisius

237 4307 362 4362 servarit?
