2992 4840
247 342 307 403 918

247 499 446 575 defendisse,
477 501 646 582 probabile
680 510 739 562 est.
784 498 835 560 De
866 495 991 577 legibus
1027 494 1225 575 Semproniis
1257 519 1290 560 v.

246 603 384 666 Iudicem
414 605 541 686 Legum
573 627 588 666 a
617 603 748 665 Baitero
781 598 980 673 conlectum,
1015 597 1129 660 deinde
1162 599 1292 662 Absens

246 705 279 767 in
299 705 384 768 libro
407 706 473 770 Die
499 707 573 768 drei
601 704 868 772 Volhstribunen
896 701 951 766 Ti.
978 703 1173 774 Gracchus,
1198 704 1295 766 Dru·

246 829 307 870 sus
329 808 401 870 und
426 809 619 890 Sulpicius,
646 819 739 891 atque
759 803 910 886 thtling
933 825 966 884 p.
985 803 1059 865 139.

312 927 432 991 Cicero
455 929 556 992 Bruto
581 951 610 990 c.
628 930 679 992 97.
727 928 784 990 Τι’.
809 926 988 988 Gracchus
1004 935 1149 1004 propter
1175 927 1294 988 turbu·

248 1029 481 1092 lentissimum
502 1031 734 1106 tribunatum,
758 1028 805 1088 ad
825 1047 925 1110 quem
948 1049 994 1087 ex
1019 1027 1150 1088 invidia
1161 1024 1294 1113 foede·

250 1132 300 1193 ris
329 1133 540 1195 Numantini
568 1132 665 1195 bonis
696 1133 808 1193 iratus
834 1140 1048 1202 accesserat,
1081 1131 1125 1190 ub
1150 1130 1227 1210 ipsa
1257 1153 1294 1192 re

242 1233 382 1315 publica
403 1245 455 1296 est
481 1231 700 1321 interfectus.

311 1345 456 1405 Velleius
477 1345 513 1419 9,
539 1346 570 1404 9.
608 1347 798 1407 Immunem
823 1341 952 1405 deditio
968 1341 1127 1405 Mancini
1146 1343 1294 1405 ciuitatis
1345 1413 1349 1419 ,

247 1446 351 1508 movit
381 1447 640 1508 dissensionem.
685 1446 821 1527 Quippe
851 1445 969 1507 Tiber.
996 1447 1194 1518 Gracchus,
1226 1467 1294 1528 quo

246 1559 428 1631 quaestore
463 1560 496 1610 et
525 1560 666 1609 auctore
697 1548 734 1608 id
752 1548 893 1635 foedus
930 1547 1036 1609 ictum
1068 1559 1169 1621 crat,
1203 1567 1293 1609 nunc

246 1650 401 1732 graviter
413 1646 546 1738 ferens
571 1648 703 1731 aliquid
722 1670 743 1710 a
766 1646 958 1738 sefactum
984 1650 1181 1728 infirmari,
1204 1670 1294 1711 nunc

245 1751 370 1814 similis
406 1755 457 1813 ael
491 1752 612 1814 iudicii
648 1754 699 1812 vel
731 1771 863 1833 poenae
898 1764 1051 1814 metuens
1089 1752 1290 1826 discrimen,

246 1853 406 1916 tribunus
433 1857 482 1936 pl.
506 1866 661 1928 creatus,
692 1853 834 1915 descivit
860 1875 883 1915 a
906 1855 1024 1929 bonis,
1051 1854 1293 1937 pollicitusque

246 1955 311 2018 toti
325 1957 447 2020 Italiae
467 1956 657 2030 ciuitatem,
682 1956 788 2018 simul
804 1956 909 2019 etiam
928 1956 1164 2038 promulgatis
1186 1978 1292 2037 agra·

246 2058 311 2120 riis
343 2059 475 2140 legibus
506 2058 660 2121 omnium
691 2069 817 2122 statum
853 2058 1124 2121 concutientibus
1158 2079 1293 2121 summo

246 2160 325 2223 imis
341 2161 495 2235 miscuit,
520 2173 552 2223 et
578 2161 613 2222 in
630 2173 860 2242 praeruptum
885 2172 988 2244 atque
1010 2181 1135 2242 anceps
1156 2162 1293 2242 pericu·

245 2265 317 2324 lum
339 2263 489 2325 adduxit
516 2285 624 2344 remp.
692 2261 793 2326 Cous.
822 2262 911 2325 Livii
935 2261 1025 2343 Epit.
1053 2262 1110 2324 lib.
1129 2264 1181 2325 58.

308 2385 347 2446 In
370 2383 536 2448 Plutarchi
563 2383 629 2445 vita
656 2383 709 2445 Ti.
736 2383 875 2448 Gracchi
900 2406 930 2444 c.
953 2384 970 2446 9
990 2393 1021 2445 et
1038 2383 1089 2444 15.
1116 2395 1147 2444 et
1169 2383 1201 2445 iu
1222 2385 1292 2465 Ap·

244 2486 340 2568 piano
363 2486 445 2549 Bell.
468 2485 556 2548 civil.
584 2491 613 2548 1.
633 2486 652 2549 9
669 2499 701 2548 et
717 2488 767 2547 11.
795 2486 902 2567 plures
929 2485 1091 2548 orationes
1114 2485 1205 2547 huius
1230 2486 1291 2548 viri

246 2590 449 2664 referuntur,
472 2611 554 2673 quae
578 2589 628 2652 vel
653 2591 692 2650 ab
714 2587 792 2669 ipsis
815 2587 864 2650 his
887 2587 1100 2669 scriptoribus
1123 2589 1215 2650 fictae
1241 2587 1291 2650 vel

245 2714 286 2754 ex
301 2691 371 2754 aliis
387 2692 478 2754 libris
494 2702 652 2754 mutuatae
665 2691 827 2753 videntur.
847 2690 933 2753 Vide
947 2691 1074 2753 Ellendt
1088 2713 1121 2772 p.
1133 2691 1291 2754 XXXIX

247 2805 278 2854 et
295 2795 557 2857 Wcsterrnannus
580 2817 613 2874 p.
634 2796 684 2855 71.

489 3073 582 3129 ΧΧΧ.
616 3074 650 3128 L.
672 3072 838 3144 Calpurnius
857 3073 922 3129 Piso
942 3073 1041 3144 Frupi.
1081 3137 1083 3141 ,

309 3220 472 3284 Tribunus
494 3224 538 3302 pl.
563 3243 593 3286 a.
612 3223 672 3283 605
696 3223 802 3302 (119),
828 3221 941 3286 consul
958 3243 988 3282 a.
1013 3222 1072 3282 691
1095 3221 1202 3298 (133),
1226 3242 1290 3304 quo

245 3344 326 3386 anno
351 3322 402 3384 Ti.
426 3322 567 3386 Gracchi
584 3322 699 3386 seditio
716 3334 828 3386 coorta
845 3335 909 3398 est;
935 3345 1050 3386 cetrsor
1065 3344 1095 3385 a.
1114 3324 1175 3384 631
1191 3323 1291 3401 (190),

243 3437 276 3488 ut
300 3448 318 3487 a
338 3425 459 3509 Pighio
485 3427 517 3487 in
545 3424 650 3488 Fastis
674 3424 906 3489 Consularibus
927 3424 1112 3488 coniectura
1139 3423 1291 3487 constitu·

243 3539 306 3589 turn
331 3539 395 3604 cst,
420 3549 513 3612 quem
539 3540 663 3590 secutus
687 3540 734 3590 est
760 3529 918 3592 Liebatdt
940 3531 991 3592 De
1013 3531 1054 3590 L.
1073 3528 1197 3591 Pisone
1219 3529 1291 3589 An·

242 3632 372 3693 nulium
395 3631 577 3715 scriptore.
635 3631 826 3714 Naumburg
860 3630 953 3693 1836.
987 3631 1018 3691 1.
1050 3651 1085 3711 p.
1111 3629 1143 3690 9.
1172 3631 1203 3689 1.
1237 3625 1290 3688 alii

241 3732 323 3794 enim
346 3754 458 3796 annum
483 3754 633 3795 censurae
658 3732 783 3796 definiri
809 3753 905 3814 posse
930 3742 1059 3815 negant.
1094 3729 1181 3792 Vide
1203 3730 1290 3792 Dru·

242 3845 333 3895 mann
361 3837 461 3897 Roms
491 3834 685 3897 Geschichte
708 3847 732 3896 t.
751 3837 783 3897 9.
807 3857 841 3916 p.
866 3836 904 3896 81
927 3857 977 3917 sq.

305 3971 424 4036 Cicero
452 3975 556 4036 Bruto
590 3995 628 4034 c:
644 3974 697 4034 97.
742 3977 784 4035 L.
812 3974 893 4037 Piso
926 3985 959 4036 et
992 3995 1117 4036 causas
1150 3973 1223 4055 egit
1257 3983 1290 4036 et

242 4077 428 4137 multarum
452 4078 568 4158 legum
592 4087 655 4136 aut
681 4087 803 4139 auctor
828 4087 888 4138 aut
916 4077 1096 4138 dissuasor
1111 4074 1216 4164 fuit,
1242 4074 1288 4136 is·

242 4198 305 4257 quc
330 4190 362 4238 et
392 4178 568 4240 orationes
590 4177 747 4259 reliquit,
779 4200 866 4261 quae
895 4179 965 4240 ium
988 4188 1223 4252 euanrterunt,
1258 4186 1291 4236 et

241 4280 386 4343 annales
410 4299 491 4342 sune
518 4279 658 4341 exiliter
683 4280 842 4362 scriptos.
