2992 4844
255 386 317 450 310

319 544 392 611 Cic.
410 545 459 608 De
475 545 570 609 Orat.
588 542 618 617 2,
644 539 697 604 bl.
742 535 834 620 Quid
853 534 887 598 in
908 534 1002 598 omni
1021 533 1180 598 oratione
1198 539 1303 602 Cras·

257 670 317 712 sus
327 649 370 713 ab
379 660 455 711 arte
466 643 626 709 adiuuari
635 641 751 726 potuit
759 650 882 702 contra
892 649 1129 701 accusatorem
1140 641 1300 715 brutam,

255 773 332 815 cum
352 773 420 834 pro
440 753 502 816 Gn.
530 746 673 812 Plancio
700 742 855 807 diceret?
881 763 912 803 c.
936 741 988 810 55.
1032 741 1101 806 Sed
1122 741 1159 804 in
1178 745 1300 817 Bruto,

255 875 355 936 quem
380 854 503 917 oderat
526 863 558 914 et
587 871 686 934 quem
713 847 857 929 dignum
884 843 1092 906 contumelia
1114 844 1302 918 iudicabat,

255 969 401 1041 utroque
432 976 559 1039 genere
587 951 714 1034 leporis
745 947 926 1032 pugnauit.
978 949 1092 1027 Quam
1129 949 1237 1009 multa
1262 949 1304 1012 de

255 1060 408 1134 balneis,
429 1081 516 1142 quas
546 1077 656 1139 nuper
677 1055 732 1116 ille
757 1049 974 1124 vendiderat,
999 1071 1104 1134 quam
1132 1053 1241 1112 multo
1261 1051 1304 1113 de

255 1165 385 1226 amisso
396 1160 611 1244 patrimonio
634 1157 747 1220 dixit!
774 1157 885 1238 Atque
908 1153 968 1214 illa
987 1152 1120 1224 brevia;
1143 1175 1220 1214 cum
1247 1154 1304 1216 ille

256 1266 396 1340 diceret,
413 1286 449 1326 se
467 1265 538 1326 sine
560 1283 667 1324 causo
689 1259 828 1331 sudare,
854 1256 1002 1320 Minime
1018 1255 1161 1328 mirum,
1179 1257 1301 1340 inquit.

257 1368 360 1431 modo
377 1367 469 1430 enim
495 1365 602 1429 existi
630 1364 671 1426 de
702 1359 844 1425 balneis.
889 1357 1161 1424 Innumerabilia
1184 1361 1304 1422 leuius·

256 1467 563 1560 cemodifuerunt,
580 1467 640 1530 sed
654 1486 721 1528 non
742 1463 856 1526 minus
885 1461 1035 1523 iucunda
1049 1462 1109 1523 illa
1121 1475 1302 1542 perpetua.

257 1576 343 1637 Cum
365 1572 456 1634 enim
481 1575 610 1635 Brutus
637 1570 724 1631 duos
750 1569 894 1628 lectores
925 1565 1110 1626 excitasset
1136 1576 1169 1626 et
1199 1567 1301 1627 alteri

258 1676 299 1737 de
331 1675 465 1736 colonia
495 1671 719 1739 Narbonensi
749 1668 867 1733 Crassi
906 1667 1097 1731 orationem
1118 1668 1298 1751 legendam

257 1777 425 1850 dedisset,
449 1775 551 1837 alteri
585 1775 626 1836 de
653 1776 728 1855 lege
757 1771 924 1842 Servilia,
951 1783 983 1831 et
1017 1793 1094 1832 cum
1125 1772 1305 1834 contraria

257 1881 347 1941 inter
371 1901 406 1940 se
431 1879 471 1939 de
494 1876 689 1959 republica
717 1875 834 1956 capita
858 1873 1077 1946 contulisset,
1110 1886 1228 1936 noster
1250 1875 1303 1936 bic

245 1980 471 2069 facetissime
484 1992 554 2042 tres
566 1979 680 2061 patris
706 1978 807 2040 Bruti
819 1977 859 2038 de
871 1975 946 2038 iure
955 1976 1045 2038 civili
1052 1977 1182 2039 libellos
1194 1977 1304 2040 tribus

256 2084 419 2167 legendos
449 2083 553 2145 dedit.
605 2085 664 2145 Ex
696 2081 785 2142 libro
816 2079 949 2161 primo:
980 2083 1107 2142 Forte
1136 2082 1301 2154 evenit,

257 2186 368 2248 utin
402 2185 654 2249 Priuernati
687 2203 895 2246 essemus.
942 2185 1065 2255 Brute,
1091 2183 1305 2259 testificatur

255 2301 367 2372 pater,
386 2310 421 2350 se
437 2288 498 2350 tibi
514 2288 749 2351 Privernatem
761 2285 925 2376 fundum
945 2285 1136 2368 reliquisse.
1168 2287 1301 2349 Deinde

257 2415 304 2453 ex
326 2391 413 2453 libro
436 2390 586 2454 secundo
608 2393 654 2455 In
685 2391 854 2454 Albano
883 2409 1052 2450 eramus
1074 2408 1154 2472 ego
1186 2401 1224 2451 et
1246 2394 1301 2454 M.

246 2493 408 2584 filius.
454 2493 599 2576 Sapiens
621 2492 773 2554 videlicet
796 2495 899 2554 bomo
927 2514 1003 2553 cum
1024 2491 1149 2572 primis
1165 2506 1305 2555 nostrae

257 2597 405 2658 ciuitatis
421 2609 525 2659 norat
546 2599 635 2658 bunc
657 2596 854 2680 gurgitem
878 2595 1066 2669 metuebat,
1092 2615 1149 2668 ne,
1174 2619 1251 2658 cum
1274 2598 1304 2659 is

258 2699 343 2762 nibil
364 2699 514 2773 haberet,
541 2699 628 2760 nihil
649 2720 722 2761 esse
745 2697 776 2758 ei
800 2697 955 2759 relictum
976 2708 1175 2778 putaretur.
1212 2701 1302 2761 Tum

259 2826 306 2866 ex
338 2801 425 2863 libro
456 2801 578 2863 tertio:
614 2804 662 2865 In
695 2797 1022 2890 Tiburtiforte
1056 2801 1302 2865 assedimus

258 2927 334 2989 ego
356 2916 397 2966 et
414 2907 469 2968 M.
481 2901 637 2993 filius.
684 2903 747 2965 Ubi
769 2915 848 2964 sunt
865 2901 891 2964 ii
900 2898 1046 2991 fundi,
1075 2907 1197 2978 Brute,
1218 2928 1304 2988 qnos

257 3008 319 3070 tibi
331 3019 434 3089 pater
452 3006 599 3089 publicis
621 3005 877 3069 commentariis
900 3005 1123 3087 consignatos
1139 3008 1304 3091 reliquit?

258 3111 360 3194 Quod
381 3109 449 3172 nisi
469 3110 631 3192 puberem
656 3121 688 3171 te
717 3109 789 3170 iam
810 3108 965 3182 haberet,
991 3122 1153 3192 quartum
1174 3111 1299 3175 librum

258 3211 524 3292 composuisset,
554 3224 587 3273 et
620 3233 656 3274 se
686 3211 791 3274 etiam
819 3211 854 3272 in
888 3211 1014 3275 balneis
1045 3215 1197 3274 locutum
1226 3237 1304 3278 cum

253 3313 338 3392 filio
360 3313 526 3396 scriptum
556 3313 758 3397 reliquisset.
810 3311 897 3396 Quis
926 3326 978 3376 est
1001 3314 1129 3397 igitur,
1155 3318 1304 3398 quinon

247 3414 437 3507 fateatur,
468 3420 531 3481 hoc
560 3419 675 3491 lepore
708 3429 810 3500 atque
839 3415 892 3478 bis
918 3415 1060 3502 facetiis
1090 3437 1157 3481 non
1190 3418 1305 3484 minus

260 3517 456 3610 refutatum
477 3541 551 3582 esse
574 3523 722 3582 Brutum
756 3539 859 3603 quum
890 3520 959 3581 illis
981 3521 1193 3602 tragoediis,
1218 3544 1305 3606 quos

260 3624 331 3706 egit
353 3623 453 3699 idem,
480 3645 558 3685 cum
578 3643 662 3684 casu
684 3623 720 3684 in
742 3623 860 3685 eodem
884 3643 990 3683 carisa
1011 3621 1199 3709 efferruur
1214 3645 1305 3688 unus

258 3727 387 3791 Iunia?
416 3729 544 3799 Brute,
576 3725 660 3808 quid
687 3725 812 3788 sedes?
840 3725 924 3808 quid
956 3724 1051 3786 illam
1082 3747 1189 3788 anum
1210 3729 1305 3810 putri

259 3829 419 3890 nuntiare
442 3829 492 3890 vis
515 3839 594 3899 tua,
619 3827 702 3911 quid
723 3827 792 3890 illis
816 3827 984 3902 omnibus,
1010 3851 1156 3912 quorum
1179 3830 1304 3914 imagi·

259 3953 318 3994 nes
341 3931 421 3991 disci
442 3929 547 4001 vides,
575 3930 658 4012 quid
680 3929 869 3992 maioribus
891 3930 987 3992 tuis?
1009 3931 1093 4016 quid
1115 3937 1155 3995 L.
1181 3935 1302 4010 Bruto,

259 4035 318 4117 qui
341 4037 429 4096 hune
450 4034 616 4116 populum
639 4031 819 4093 dominatu
842 4033 940 4114 regio
969 4035 1143 4110 liberavit,
1168 4037 1252 4118 quid
1272 4049 1305 4099 te

247 4135 398 4226 facere,
431 4135 487 4197 cui
520 4135 589 4209 rei,
626 4133 683 4193 cui
711 4134 867 4222 gloriae,
902 4136 958 4197 cui
987 4135 1108 4198 virtuti
1141 4140 1306 4201 studere?²

255 4238 514 4319 patrimonione
528 4235 715 4318 augendo?
737 4249 773 4299 ot
796 4237 832 4299 id
854 4259 922 4301 non
938 4251 989 4301 est
1004 4239 1205 4303 nobilitatis.
1239 4245 1307 4306 Sed

248 4337 323 4424 foc
337 4358 420 4411 esse,
442 4337 527 4399 nihil
540 4349 708 4420 superest,
733 4339 890 4402 libidines
908 4353 1018 4404 totum
1035 4343 1304 4425 dissipaverunt.
