<?xml version="1.0" encoding="UTF-8"?>
<!DOCTYPE html PUBLIC "-//W3C//DTD XHTML 1.0 Transitional//EN"
    "http://www.w3.org/TR/xhtml1/DTD/xhtml1-transitional.dtd">
<html xmlns="http://www.w3.org/1999/xhtml" xml:lang="en" lang="en">
 <head>
  <title>
</title>
<meta http-equiv="Content-Type" content="text/html;charset=utf-8" />
  <meta name='ocr-system' content='tesseract 3.04.00' />
  <meta name='ocr-capabilities' content='ocr_page ocr_carea ocr_par ocr_line ocrx_word'/>
</head>
<body>
  <div class='ocr_page' id='page_1' title='image "./oratorumromanor02meyegoog_0624.png"; bbox 0 0 2958 4840; ppageno 0'>
   <div class='ocr_carea' id='block_1_1' title="bbox 272 357 332 418">
    <p class='ocr_par' dir='ltr' id='par_1_1' title="bbox 272 357 332 418">
     <span class='ocr_line' id='line_1_1' title="bbox 272 357 332 418; baseline 0.033 -2"><span class='ocrx_word' id='word_1_1' title='bbox 272 357 332 418; x_wconf 77' lang='grc'><strong><em>601</em></strong></span> 
     </span>
    </p>
   </div>
   <div class='ocr_carea' id='block_1_2' title="bbox 267 509 1337 1106">
    <p class='ocr_par' dir='ltr' id='par_1_2' title="bbox 267 509 1337 1106">
     <span class='ocr_line' id='line_1_2' title="bbox 270 509 1334 598; baseline -0.002 -22"><span class='ocrx_word' id='word_1_2' title='bbox 270 515 397 598; x_wconf 81' lang='lat' dir='ltr'><strong><em>vinam.</em></strong></span> <span class='ocrx_word' id='word_1_3' title='bbox 423 516 518 590; x_wconf 80' lang='lat' dir='ltr'><strong><em>Num</em></strong></span> <span class='ocrx_word' id='word_1_4' title='bbox 540 513 723 596; x_wconf 72' lang='lat' dir='ltr'><strong><em>superbiae</em></strong></span> <span class='ocrx_word' id='word_1_5' title='bbox 740 509 866 595; x_wconf 67' lang='lat' dir='ltr'><strong><em>potui?</em></strong></span> <span class='ocrx_word' id='word_1_6' title='bbox 887 531 1019 583; x_wconf 85' lang='lat' dir='ltr'><strong><em>reuera,</em></strong></span> <span class='ocrx_word' id='word_1_7' title='bbox 1043 522 1081 572; x_wconf 85' lang='lat' dir='ltr'><strong><em>ut</em></strong></span> <span class='ocrx_word' id='word_1_8' title='bbox 1101 509 1192 575; x_wconf 84' lang='lat' dir='ltr'><strong><em>inter</em></strong></span> <span class='ocrx_word' id='word_1_9' title='bbox 1212 531 1334 586; x_wconf 69' lang='lat' dir='ltr'><strong><em>mma,</em></strong></span> 
     </span>
     <span class='ocr_line' id='line_1_3' title="bbox 267 614 1337 697; baseline -0.002 -19"><span class='ocrx_word' id='word_1_10' title='bbox 267 616 462 697; x_wconf 79' lang='lat' dir='ltr'><strong><em>pulchram.</em></strong></span> <span class='ocrx_word' id='word_1_11' title='bbox 485 637 568 680; x_wconf 88' lang='lat' dir='ltr'><strong><em>nam</em></strong></span> <span class='ocrx_word' id='word_1_12' title='bbox 591 615 673 678; x_wconf 81' lang='lat' dir='ltr'><strong><em>milri</em></strong></span> <span class='ocrx_word' id='word_1_13' title='bbox 694 614 785 678; x_wconf 84' lang='lat' dir='ltr'><strong><em>satie</em></strong></span> <span class='ocrx_word' id='word_1_14' title='bbox 807 625 859 677; x_wconf 83' lang='lat' dir='ltr'><strong><em>eet</em></strong></span> <span class='ocrx_word' id='word_1_15' title='bbox 891 625 1024 676; x_wconf 87' lang='lat' dir='ltr'><strong><em>certare</em></strong></span> <span class='ocrx_word' id='word_1_16' title='bbox 1057 633 1202 676; x_wconf 87' lang='lat' dir='ltr'><strong><em>mecum.</em></strong></span> <span class='ocrx_word' id='word_1_17' title='bbox 1258 617 1337 678; x_wconf 74' lang='lat' dir='ltr'><strong><em>Est</em></strong></span> 
     </span>
     <span class='ocr_line' id='line_1_4' title="bbox 270 715 1334 799; baseline 0 -21"><span class='ocrx_word' id='word_1_18' title='bbox 270 718 353 778; x_wconf 87' lang='lat' dir='ltr'><strong><em>bace</em></strong></span> <span class='ocrx_word' id='word_1_19' title='bbox 372 739 451 799; x_wconf 87' lang='lat' dir='ltr'><strong><em>pro</em></strong></span> <span class='ocrx_word' id='word_1_20' title='bbox 474 718 610 781; x_wconf 89' lang='lat' dir='ltr'><strong><em>Accia</em></strong></span> <span class='ocrx_word' id='word_1_21' title='bbox 634 717 817 782; x_wconf 78' lang='lat' dir='ltr'><strong><em>Variola</em></strong></span> <span class='ocrx_word' id='word_1_22' title='bbox 844 726 877 778; x_wconf 92' lang='lat' dir='ltr'><strong><em>et</em></strong></span> <span class='ocrx_word' id='word_1_23' title='bbox 899 715 1069 797; x_wconf 75' lang='lat' dir='ltr'><strong><em>dignitate</em></strong></span> <span class='ocrx_word' id='word_1_24' title='bbox 1093 735 1268 796; x_wconf 72' lang='lat' dir='ltr'><strong><em>personae</em></strong></span> <span class='ocrx_word' id='word_1_25' title='bbox 1290 728 1334 778; x_wconf 85' lang='lat' dir='ltr'><strong><em>et</em></strong></span> 
     </span>
     <span class='ocr_line' id='line_1_5' title="bbox 271 814 1332 900; baseline -0.004 -19"><span class='ocrx_word' id='word_1_26' title='bbox 271 819 422 900; x_wconf 73' lang='lat' dir='ltr'><strong><em>exempli</em></strong></span> <span class='ocrx_word' id='word_1_27' title='bbox 439 819 584 883; x_wconf 87' lang='lat' dir='ltr'><strong><em>raritate</em></strong></span> <span class='ocrx_word' id='word_1_28' title='bbox 607 832 639 882; x_wconf 89' lang='lat' dir='ltr'><strong><em>et</em></strong></span> <span class='ocrx_word' id='word_1_29' title='bbox 654 816 774 881; x_wconf 88' lang='lat' dir='ltr'><strong><em>iudicii</em></strong></span> <span class='ocrx_word' id='word_1_30' title='bbox 797 815 1034 900; x_wconf 78' lang='lat' dir='ltr'><strong><em>magnitudine</em></strong></span> <span class='ocrx_word' id='word_1_31' title='bbox 1050 814 1212 898; x_wconf 85' lang='lat' dir='ltr'><strong><em>insignis.</em></strong></span> <span class='ocrx_word' id='word_1_32' title='bbox 1227 855 1268 868; x_wconf 93' lang='lat'>-</span> <span class='ocrx_word' id='word_1_33' title='bbox 1282 851 1332 863; x_wconf 89' lang='lat'><em>-</em></span> 
     </span>
     <span class='ocr_line' id='line_1_6' title="bbox 270 919 1329 1002; baseline -0.004 -18"><span class='ocrx_word' id='word_1_34' title='bbox 270 922 365 984; x_wconf 91' lang='lat' dir='ltr'><strong><em>Nam</em></strong></span> <span class='ocrx_word' id='word_1_35' title='bbox 387 933 420 982; x_wconf 88' lang='lat' dir='ltr'><strong><em>et</em></strong></span> <span class='ocrx_word' id='word_1_36' title='bbox 442 922 542 1002; x_wconf 90' lang='lat' dir='ltr'><strong><em>copia</em></strong></span> <span class='ocrx_word' id='word_1_37' title='bbox 571 943 689 983; x_wconf 86' lang='lat' dir='ltr'><strong><em>rerum</em></strong></span> <span class='ocrx_word' id='word_1_38' title='bbox 718 932 751 982; x_wconf 91' lang='lat' dir='ltr'><strong><em>et</em></strong></span> <span class='ocrx_word' id='word_1_39' title='bbox 778 931 910 1002; x_wconf 89' lang='lat' dir='ltr'><strong><em>arguta</em></strong></span> <span class='ocrx_word' id='word_1_40' title='bbox 938 919 1104 983; x_wconf 83' lang='lat' dir='ltr'><strong><em>divisione</em></strong></span> <span class='ocrx_word' id='word_1_41' title='bbox 1132 931 1166 981; x_wconf 88' lang='lat' dir='ltr'><strong><em>et</em></strong></span> <span class='ocrx_word' id='word_1_42' title='bbox 1194 937 1329 980; x_wconf 90' lang='lat' dir='ltr'><strong><em>narra·</em></strong></span> 
     </span>
     <span class='ocr_line' id='line_1_7' title="bbox 269 1021 1329 1106; baseline 0.001 -23"><span class='ocrx_word' id='word_1_43' title='bbox 269 1022 433 1085; x_wconf 85' lang='lat' dir='ltr'><strong><em>tiunculis</em></strong></span> <span class='ocrx_word' id='word_1_44' title='bbox 464 1023 624 1106; x_wconf 85' lang='lat' dir='ltr'><strong><em>pluribus</em></strong></span> <span class='ocrx_word' id='word_1_45' title='bbox 646 1035 679 1085; x_wconf 91' lang='lat' dir='ltr'><strong><em>et</em></strong></span> <span class='ocrx_word' id='word_1_46' title='bbox 715 1021 894 1105; x_wconf 85' lang='lat' dir='ltr'><strong><em>eloquendi</em></strong></span> <span class='ocrx_word' id='word_1_47' title='bbox 922 1021 1088 1083; x_wconf 88' lang='lat' dir='ltr'><strong><em>varietate</em></strong></span> <span class='ocrx_word' id='word_1_48' title='bbox 1120 1033 1329 1084; x_wconf 83' lang='lat' dir='ltr'><strong><em>renouatur.</em></strong></span> 
     </span>
    </p>
   </div>
   <div class='ocr_carea' id='block_1_3' title="bbox 269 1123 1450 1206">
    <p class='ocr_par' dir='ltr' id='par_1_3' title="bbox 269 1123 1450 1206">
     <span class='ocr_line' id='line_1_8' title="bbox 269 1123 1450 1206; baseline -0.005 -18"><span class='ocrx_word' id='word_1_49' title='bbox 269 1127 357 1188; x_wconf 83' lang='lat' dir='ltr'><strong><em>Sunt</em></strong></span> <span class='ocrx_word' id='word_1_50' title='bbox 380 1127 488 1187; x_wconf 88' lang='lat' dir='ltr'><strong><em>multa</em></strong></span> <span class='ocrx_word' id='word_1_51' title='bbox 510 1127 619 1200; x_wconf 92' lang='lat' dir='ltr'><strong><em>elata,</em></strong></span> <span class='ocrx_word' id='word_1_52' title='bbox 645 1127 754 1186; x_wconf 87' lang='lat' dir='ltr'><strong><em>multa</em></strong></span> <span class='ocrx_word' id='word_1_53' title='bbox 779 1124 995 1206; x_wconf 80' lang='lat' dir='ltr'><strong><em>pugnantia,</em></strong></span> <span class='ocrx_word' id='word_1_54' title='bbox 1026 1125 1135 1184; x_wconf 86' lang='lat' dir='ltr'><strong><em>multa</em></strong></span> <span class='ocrx_word' id='word_1_55' title='bbox 1166 1123 1326 1185; x_wconf 74' lang='lat' dir='ltr'><strong><em>subtilia.</em></strong></span> <span class='ocrx_word' id='word_1_56' title='bbox 1449 1157 1450 1160; x_wconf 61' lang='lat'><em>=</em></span> 
     </span>
    </p>
   </div>
   <div class='ocr_carea' id='block_1_4' title="bbox 270 1225 1327 1410">
    <p class='ocr_par' dir='ltr' id='par_1_4' title="bbox 270 1225 1327 1410">
     <span class='ocr_line' id='line_1_9' title="bbox 270 1225 1327 1310; baseline -0.006 -20"><span class='ocrx_word' id='word_1_57' title='bbox 270 1226 440 1290; x_wconf 88' lang='lat' dir='ltr'><strong><em>Dedimus</em></strong></span> <span class='ocrx_word' id='word_1_58' title='bbox 462 1230 535 1289; x_wconf 86' lang='lat' dir='ltr'><strong><em>vela</em></strong></span> <span class='ocrx_word' id='word_1_59' title='bbox 558 1225 813 1310; x_wconf 82' lang='lat' dir='ltr'><strong><em>indignationi,</em></strong></span> <span class='ocrx_word' id='word_1_60' title='bbox 844 1225 1001 1287; x_wconf 68' lang='lat' dir='ltr'><strong><em>dedimus</em></strong></span> <span class='ocrx_word' id='word_1_61' title='bbox 1030 1225 1128 1296; x_wconf 89' lang='lat' dir='ltr'><strong><em>irae,</em></strong></span> <span class='ocrx_word' id='word_1_62' title='bbox 1163 1225 1327 1286; x_wconf 84' lang='lat' dir='ltr'><strong><em>dedimus</em></strong></span> 
     </span>
     <span class='ocr_line' id='line_1_10' title="bbox 270 1327 1321 1410; baseline -0.003 -21"><span class='ocrx_word' id='word_1_63' title='bbox 270 1328 401 1402; x_wconf 85' lang='lat' dir='ltr'><strong><em>dolori,</em></strong></span> <span class='ocrx_word' id='word_1_64' title='bbox 432 1342 466 1391; x_wconf 88' lang='lat' dir='ltr'><strong><em>et</em></strong></span> <span class='ocrx_word' id='word_1_65' title='bbox 493 1331 529 1389; x_wconf 92' lang='lat' dir='ltr'><strong><em>in</em></strong></span> <span class='ocrx_word' id='word_1_66' title='bbox 562 1331 775 1410; x_wconf 84' lang='lat' dir='ltr'><strong><em>amplissima</em></strong></span> <span class='ocrx_word' id='word_1_67' title='bbox 803 1348 911 1388; x_wconf 89' lang='lat' dir='ltr'><strong><em>causa</em></strong></span> <span class='ocrx_word' id='word_1_68' title='bbox 943 1327 1042 1410; x_wconf 83' lang='lat' dir='ltr'><strong><em>quasi</em></strong></span> <span class='ocrx_word' id='word_1_69' title='bbox 1065 1347 1193 1410; x_wconf 90' lang='lat' dir='ltr'><strong><em>magno</em></strong></span> <span class='ocrx_word' id='word_1_70' title='bbox 1216 1327 1321 1400; x_wconf 89' lang='lat' dir='ltr'><strong><em>mari,</em></strong></span> 
     </span>
    </p>
   </div>
   <div class='ocr_carea' id='block_1_5' title="bbox 266 1423 1452 1512">
    <p class='ocr_par' dir='ltr' id='par_1_5' title="bbox 266 1416 1452 1512">
     <span class='ocr_line' id='line_1_11' title="bbox 266 1423 1452 1512; baseline -0.002 -21"><span class='ocrx_word' id='word_1_71' title='bbox 266 1430 426 1511; x_wconf 79' lang='lat' dir='ltr'><strong><em>pluribus</em></strong></span> <span class='ocrx_word' id='word_1_72' title='bbox 460 1431 568 1494; x_wconf 87' lang='lat' dir='ltr'><strong><em>nentis</em></strong></span> <span class='ocrx_word' id='word_1_73' title='bbox 596 1452 717 1493; x_wconf 87' lang='lat' dir='ltr'><strong><em>sumus</em></strong></span> <span class='ocrx_word' id='word_1_74' title='bbox 746 1431 843 1493; x_wconf 87' lang='lat' dir='ltr'><strong><em>vecti.</em></strong></span> <span class='ocrx_word' id='word_1_75' title='bbox 887 1433 929 1494; x_wconf 89' lang='lat' dir='ltr'><strong><em>In</em></strong></span> <span class='ocrx_word' id='word_1_76' title='bbox 957 1449 1094 1492; x_wconf 87' lang='lat' dir='ltr'><strong><em>summa</em></strong></span> <span class='ocrx_word' id='word_1_77' title='bbox 1115 1432 1225 1492; x_wconf 88' lang='lat' dir='ltr'><strong><em>solent</em></strong></span> <span class='ocrx_word' id='word_1_78' title='bbox 1246 1429 1327 1512; x_wconf 83' lang='lat' dir='ltr'><strong><em>qui·</em></strong></span> <span class='ocrx_word' id='word_1_79' title='bbox 1451 1423 1452 1454; x_wconf 58' lang='lat'><em>³</em></span> 
     </span>
    </p>
   </div>
   <div class='ocr_carea' id='block_1_6' title="bbox 269 1531 1325 1725">
    <p class='ocr_par' dir='ltr' id='par_1_6' title="bbox 269 1531 1325 1725">
     <span class='ocr_line' id='line_1_12' title="bbox 269 1531 1325 1614; baseline -0.001 -22"><span class='ocrx_word' id='word_1_80' title='bbox 269 1532 350 1593; x_wconf 88' lang='lat' dir='ltr'><strong><em>dam</em></strong></span> <span class='ocrx_word' id='word_1_81' title='bbox 371 1533 575 1595; x_wconf 79' lang='lat' dir='ltr'><strong><em>existimare</em></strong></span> <span class='ocrx_word' id='word_1_82' title='bbox 597 1537 685 1594; x_wconf 85' lang='lat' dir='ltr'><strong><em>banc</em></strong></span> <span class='ocrx_word' id='word_1_83' title='bbox 706 1534 900 1597; x_wconf 90' lang='lat' dir='ltr'><strong><em>orationem</em></strong></span> <span class='ocrx_word' id='word_1_84' title='bbox 919 1531 1156 1614; x_wconf 89' lang='lat' dir='ltr'><strong><em>praecipuam,</em></strong></span> <span class='ocrx_word' id='word_1_85' title='bbox 1177 1542 1215 1593; x_wconf 91' lang='lat' dir='ltr'><strong><em>ut</em></strong></span> <span class='ocrx_word' id='word_1_86' title='bbox 1230 1532 1325 1592; x_wconf 86' lang='lat' dir='ltr'><strong><em>inter</em></strong></span> 
     </span>
     <span class='ocr_line' id='line_1_13' title="bbox 270 1629 920 1725; baseline 0 -29"><span class='ocrx_word' id='word_1_87' title='bbox 270 1655 375 1707; x_wconf 84' lang='lat' dir='ltr'><strong><em>meas,</em></strong></span> <span class='ocrx_word' id='word_1_88' title='bbox 401 1629 444 1709; x_wconf 77' lang='grc' dir='ltr'><strong><em>ὡς</em></strong></span> <span class='ocrx_word' id='word_1_89' title='bbox 467 1629 546 1721; x_wconf 78' lang='grc' dir='ltr'><strong><em>ὑπὲρ</em></strong></span> <span class='ocrx_word' id='word_1_90' title='bbox 571 1637 812 1725; x_wconf 72' lang='grc' dir='ltr'><strong><em>Κτησιφῶντος</em></strong></span> <span class='ocrx_word' id='word_1_91' title='bbox 834 1657 920 1697; x_wconf 82' lang='lat' dir='ltr'><strong><em>esec.</em></strong></span> 
     </span>
    </p>
   </div>
   <div class='ocr_carea' id='block_1_7' title="bbox 337 1713 1450 1820">
    <p class='ocr_par' dir='ltr' id='par_1_7' title="bbox 337 1713 1450 1820">
     <span class='ocr_line' id='line_1_14' title="bbox 337 1713 1450 1820; baseline 0.001 -25"><span class='ocrx_word' id='word_1_92' title='bbox 337 1735 486 1798; x_wconf 87' lang='lat' dir='ltr'><strong><em>Sidonius</em></strong></span> <span class='ocrx_word' id='word_1_93' title='bbox 510 1736 709 1820; x_wconf 81' lang='lat' dir='ltr'><strong><em>Apollinaris</em></strong></span> <span class='ocrx_word' id='word_1_94' title='bbox 733 1737 839 1819; x_wconf 86' lang='lat' dir='ltr'><strong><em>Epist.</em></strong></span> <span class='ocrx_word' id='word_1_95' title='bbox 864 1738 886 1798; x_wconf 89' lang='lat' dir='ltr'><strong><em>l.</em></strong></span> <span class='ocrx_word' id='word_1_96' title='bbox 909 1738 942 1812; x_wconf 89' lang='lat'><strong><em>8,</em></strong></span> <span class='ocrx_word' id='word_1_97' title='bbox 968 1738 1019 1798; x_wconf 87' lang='grc'><strong><em>10.</em></strong></span> <span class='ocrx_word' id='word_1_98' title='bbox 1047 1739 1086 1800; x_wconf 87' lang='lat' dir='ltr'><strong><em>C.</em></strong></span> <span class='ocrx_word' id='word_1_99' title='bbox 1110 1734 1244 1798; x_wconf 85' lang='lat' dir='ltr'><strong><em>Plinius</em></strong></span> <span class='ocrx_word' id='word_1_100' title='bbox 1256 1757 1326 1818; x_wconf 87' lang='lat' dir='ltr'><strong><em>pro</em></strong></span> <span class='ocrx_word' id='word_1_101' title='bbox 1449 1713 1450 1762; x_wconf 38' lang='grc' dir='ltr'>Ῐ</span> 
     </span>
    </p>
   </div>
   <div class='ocr_carea' id='block_1_8' title="bbox 268 1837 1328 2497">
    <p class='ocr_par' dir='ltr' id='par_1_8' title="bbox 268 1837 1328 2497">
     <span class='ocr_line' id='line_1_15' title="bbox 272 1837 1326 1920; baseline -0.002 -21"><span class='ocrx_word' id='word_1_102' title='bbox 272 1837 370 1899; x_wconf 90' lang='lat' dir='ltr'><strong><em>Attia</em></strong></span> <span class='ocrx_word' id='word_1_103' title='bbox 395 1837 530 1902; x_wconf 88' lang='lat' dir='ltr'><strong><em>Viriola</em></strong></span> <span class='ocrx_word' id='word_1_104' title='bbox 550 1840 630 1920; x_wconf 89' lang='lat' dir='ltr'><strong><em>plus</em></strong></span> <span class='ocrx_word' id='word_1_105' title='bbox 651 1839 785 1920; x_wconf 90' lang='lat' dir='ltr'><strong><em>gloriae</em></strong></span> <span class='ocrx_word' id='word_1_106' title='bbox 813 1839 854 1899; x_wconf 87' lang='lat' dir='ltr'><strong><em>de</em></strong></span> <span class='ocrx_word' id='word_1_107' title='bbox 883 1837 1121 1900; x_wconf 86' lang='lat' dir='ltr'><strong><em>centumvirali</em></strong></span> <span class='ocrx_word' id='word_1_108' title='bbox 1153 1849 1326 1920; x_wconf 89' lang='lat' dir='ltr'><strong><em>suggestu</em></strong></span> 
     </span>
     <span class='ocr_line' id='line_1_16' title="bbox 272 1937 1328 2023; baseline 0.001 -25"><span class='ocrx_word' id='word_1_109' title='bbox 272 1937 412 2000; x_wconf 90' lang='lat' dir='ltr'><strong><em>domum</em></strong></span> <span class='ocrx_word' id='word_1_110' title='bbox 436 1939 564 2015; x_wconf 90' lang='lat' dir='ltr'><strong><em>retulit,</em></strong></span> <span class='ocrx_word' id='word_1_111' title='bbox 601 1961 704 2023; x_wconf 81' lang='lat' dir='ltr'><strong><em>quam</em></strong></span> <span class='ocrx_word' id='word_1_112' title='bbox 727 1963 804 2002; x_wconf 91' lang='lat' dir='ltr'><strong><em>cum</em></strong></span> <span class='ocrx_word' id='word_1_113' title='bbox 828 1945 883 2004; x_wconf 87' lang='lat' dir='ltr'><strong><em>M.</em></strong></span> <span class='ocrx_word' id='word_1_114' title='bbox 908 1941 1029 2022; x_wconf 88' lang='lat' dir='ltr'><strong><em>Ulpio,</em></strong></span> <span class='ocrx_word' id='word_1_115' title='bbox 1063 1939 1328 2022; x_wconf 86' lang='lat' dir='ltr'><strong><em>incomparabili</em></strong></span> 
     </span>
     <span class='ocr_line' id='line_1_17' title="bbox 268 2040 1120 2130; baseline 0.005 -30"><span class='ocrx_word' id='word_1_116' title='bbox 268 2040 430 2123; x_wconf 75' lang='lat' dir='ltr'><strong><em>principi,</em></strong></span> <span class='ocrx_word' id='word_1_117' title='bbox 455 2041 719 2124; x_wconf 85' lang='lat' dir='ltr'><strong><em>comparabilem</em></strong></span> <span class='ocrx_word' id='word_1_118' title='bbox 741 2043 994 2130; x_wconf 87' lang='lat' dir='ltr'><strong><em>panegyricum</em></strong></span> <span class='ocrx_word' id='word_1_119' title='bbox 1015 2043 1120 2104; x_wconf 76' lang='lat' dir='ltr'><strong><em>discit.</em></strong></span> 
     </span>
     <span class='ocr_line' id='line_1_18' title="bbox 605 2181 989 2254; baseline -0.003 -17"><span class='ocrx_word' id='word_1_120' title='bbox 605 2181 652 2237; x_wconf 79' lang='lat' dir='ltr'><strong><em>lb.</em></strong></span> <span class='ocrx_word' id='word_1_121' title='bbox 691 2181 790 2238; x_wconf 82' lang='lat' dir='ltr'><strong><em>Oratio</em></strong></span> <span class='ocrx_word' id='word_1_122' title='bbox 810 2199 862 2254; x_wconf 89' lang='lat' dir='ltr'><strong><em>pro</em></strong></span> <span class='ocrx_word' id='word_1_123' title='bbox 882 2182 989 2239; x_wconf 82' lang='lat' dir='ltr'><strong><em>Clario.</em></strong></span> 
     </span>
     <span class='ocr_line' id='line_1_19' title="bbox 333 2310 1320 2394; baseline -0.004 -19"><span class='ocrx_word' id='word_1_124' title='bbox 333 2310 421 2375; x_wconf 89' lang='lat' dir='ltr'><strong><em>Plin.</em></strong></span> <span class='ocrx_word' id='word_1_125' title='bbox 446 2310 556 2392; x_wconf 84' lang='lat' dir='ltr'><strong><em>Epist.</em></strong></span> <span class='ocrx_word' id='word_1_126' title='bbox 580 2313 602 2374; x_wconf 93' lang='lat' dir='ltr'><strong><em>l.</em></strong></span> <span class='ocrx_word' id='word_1_127' title='bbox 627 2313 659 2387; x_wconf 88' lang='lat'><strong><em>9,</em></strong></span> <span class='ocrx_word' id='word_1_128' title='bbox 684 2313 738 2375; x_wconf 74' lang='lat'><strong><em>28.</em></strong></span> <span class='ocrx_word' id='word_1_129' title='bbox 785 2313 907 2379; x_wconf 82' lang='lat' dir='ltr'><strong><em>Tertia</em></strong></span> <span class='ocrx_word' id='word_1_130' title='bbox 935 2314 1082 2394; x_wconf 89' lang='lat' dir='ltr'><strong><em>epistola</em></strong></span> <span class='ocrx_word' id='word_1_131' title='bbox 1110 2312 1320 2386; x_wconf 83' lang='lat' dir='ltr'><strong><em>continebat,</em></strong></span> 
     </span>
     <span class='ocr_line' id='line_1_20' title="bbox 269 2413 1324 2497; baseline -0.002 -21"><span class='ocrx_word' id='word_1_132' title='bbox 269 2437 343 2476; x_wconf 86' lang='lat' dir='ltr'><strong><em>esse</em></strong></span> <span class='ocrx_word' id='word_1_133' title='bbox 365 2415 429 2478; x_wconf 89' lang='lat' dir='ltr'><strong><em>tibi</em></strong></span> <span class='ocrx_word' id='word_1_134' title='bbox 450 2415 622 2478; x_wconf 85' lang='lat' dir='ltr'><strong><em>redditam</em></strong></span> <span class='ocrx_word' id='word_1_135' title='bbox 644 2416 837 2477; x_wconf 84' lang='lat' dir='ltr'><strong><em>orationem</em></strong></span> <span class='ocrx_word' id='word_1_136' title='bbox 856 2436 924 2497; x_wconf 92' lang='lat' dir='ltr'><strong><em>pro</em></strong></span> <span class='ocrx_word' id='word_1_137' title='bbox 945 2413 1078 2488; x_wconf 83' lang='lat' dir='ltr'><strong><em>Clario,</em></strong></span> <span class='ocrx_word' id='word_1_138' title='bbox 1102 2433 1243 2497; x_wconf 79' lang='lat' dir='ltr'><strong><em>eamque</em></strong></span> <span class='ocrx_word' id='word_1_139' title='bbox 1273 2415 1324 2474; x_wconf 88' lang='lat' dir='ltr'><strong><em>vi-</em></strong></span> 
     </span>
    </p>
   </div>
   <div class='ocr_carea' id='block_1_9' title="bbox 269 2514 1321 2702">
    <p class='ocr_par' dir='ltr' id='par_1_9' title="bbox 269 2514 1321 2702">
     <span class='ocr_line' id='line_1_21' title="bbox 269 2514 1321 2604; baseline -0.002 -27"><span class='ocrx_word' id='word_1_140' title='bbox 269 2538 345 2579; x_wconf 87' lang='lat' dir='ltr'><strong><em>sam</em></strong></span> <span class='ocrx_word' id='word_1_141' title='bbox 367 2517 561 2580; x_wconf 86' lang='lat' dir='ltr'><strong><em>uberiorem</em></strong></span> <span class='ocrx_word' id='word_1_142' title='bbox 583 2539 685 2601; x_wconf 76' lang='lat' dir='ltr'><strong><em>quam</em></strong></span> <span class='ocrx_word' id='word_1_143' title='bbox 708 2518 840 2582; x_wconf 87' lang='lat' dir='ltr'><strong><em>dicente</em></strong></span> <span class='ocrx_word' id='word_1_144' title='bbox 863 2539 926 2592; x_wconf 90' lang='lat' dir='ltr'><strong><em>me,</em></strong></span> <span class='ocrx_word' id='word_1_145' title='bbox 950 2517 1111 2579; x_wconf 86' lang='lat' dir='ltr'><strong><em>audiente</em></strong></span> <span class='ocrx_word' id='word_1_146' title='bbox 1140 2514 1321 2604; x_wconf 90' lang='lat' dir='ltr'><strong><em>tefuerit.</em></strong></span> 
     </span>
     <span class='ocr_line' id='line_1_22' title="bbox 270 2618 1064 2702; baseline -0.001 -18"><span class='ocrx_word' id='word_1_147' title='bbox 270 2621 335 2684; x_wconf 80' lang='lat' dir='ltr'><strong><em>Est</em></strong></span> <span class='ocrx_word' id='word_1_148' title='bbox 357 2618 516 2682; x_wconf 86' lang='lat' dir='ltr'><strong><em>uberior:</em></strong></span> <span class='ocrx_word' id='word_1_149' title='bbox 539 2622 648 2681; x_wconf 81' lang='lat' dir='ltr'><strong><em>multa</em></strong></span> <span class='ocrx_word' id='word_1_150' title='bbox 668 2621 758 2684; x_wconf 90' lang='lat' dir='ltr'><strong><em>enim</em></strong></span> <span class='ocrx_word' id='word_1_151' title='bbox 779 2632 903 2702; x_wconf 86' lang='lat' dir='ltr'><strong><em>postea</em></strong></span> <span class='ocrx_word' id='word_1_152' title='bbox 924 2619 1064 2683; x_wconf 87' lang='lat' dir='ltr'><strong><em>inserui.</em></strong></span> 
     </span>
    </p>
   </div>
   <div class='ocr_carea' id='block_1_10' title="bbox 271 2755 1320 2830">
    <p class='ocr_par' dir='ltr' id='par_1_10' title="bbox 271 2730 1320 2830">
     <span class='ocr_line' id='line_1_23' title="bbox 271 2755 1320 2830; baseline -0.003 -15"><span class='ocrx_word' id='word_1_153' title='bbox 271 2757 317 2815; x_wconf 82' lang='lat'><strong><em>15.</em></strong></span> <span class='ocrx_word' id='word_1_154' title='bbox 358 2755 458 2814; x_wconf 81' lang='lat' dir='ltr'><strong><em>Oratio</em></strong></span> <span class='ocrx_word' id='word_1_155' title='bbox 478 2759 555 2830; x_wconf 87' lang='lat' dir='ltr'><strong><em>apud</em></strong></span> <span class='ocrx_word' id='word_1_156' title='bbox 575 2758 821 2830; x_wconf 86' lang='lat' dir='ltr'><strong><em>Novocomenses,</em></strong></span> <span class='ocrx_word' id='word_1_157' title='bbox 843 2776 907 2816; x_wconf 88' lang='lat' dir='ltr'><strong><em>cnm</em></strong></span> <span class='ocrx_word' id='word_1_158' title='bbox 928 2760 1134 2817; x_wconf 86' lang='lat' dir='ltr'><strong><em>bibliothecam</em></strong></span> <span class='ocrx_word' id='word_1_159' title='bbox 1152 2758 1320 2814; x_wconf 87' lang='lat' dir='ltr'><strong><em>dedicabat.</em></strong></span> 
     </span>
    </p>
   </div>
   <div class='ocr_carea' id='block_1_11' title="bbox 269 2888 1324 3160">
    <p class='ocr_par' dir='ltr' id='par_1_11' title="bbox 269 2888 1324 3160">
     <span class='ocr_line' id='line_1_24' title="bbox 334 2888 1324 2972; baseline 0 -20"><span class='ocrx_word' id='word_1_160' title='bbox 334 2888 423 2952; x_wconf 89' lang='lat' dir='ltr'><strong><em>Plin.</em></strong></span> <span class='ocrx_word' id='word_1_161' title='bbox 448 2889 555 2972; x_wconf 86' lang='lat' dir='ltr'><strong><em>Epist.</em></strong></span> <span class='ocrx_word' id='word_1_162' title='bbox 582 2893 610 2963; x_wconf 85' lang='lat' dir='ltr'><strong><em>l,</em></strong></span> <span class='ocrx_word' id='word_1_163' title='bbox 633 2890 666 2952; x_wconf 90' lang='lat'><strong><em>8.</em></strong></span> <span class='ocrx_word' id='word_1_164' title='bbox 704 2891 880 2958; x_wconf 73' lang='lat' dir='ltr'><strong><em>Petiturus</em></strong></span> <span class='ocrx_word' id='word_1_165' title='bbox 902 2913 988 2964; x_wconf 84' lang='lat' dir='ltr'><strong><em>sum,</em></strong></span> <span class='ocrx_word' id='word_1_166' title='bbox 1014 2903 1051 2952; x_wconf 91' lang='lat' dir='ltr'><strong><em>ut</em></strong></span> <span class='ocrx_word' id='word_1_167' title='bbox 1074 2911 1198 2952; x_wconf 83' lang='lat' dir='ltr'><strong><em>rursus</em></strong></span> <span class='ocrx_word' id='word_1_168' title='bbox 1220 2909 1324 2952; x_wconf 81' lang='lat' dir='ltr'><strong><em>vacce</em></strong></span> 
     </span>
     <span class='ocr_line' id='line_1_25' title="bbox 269 2990 1323 3077; baseline -0.002 -23"><span class='ocrx_word' id='word_1_169' title='bbox 269 2994 432 3064; x_wconf 87' lang='lat' dir='ltr'><strong><em>sermoni,</em></strong></span> <span class='ocrx_word' id='word_1_170' title='bbox 457 3015 557 3076; x_wconf 82' lang='lat' dir='ltr'><strong><em>quem</em></strong></span> <span class='ocrx_word' id='word_1_171' title='bbox 578 2994 674 3075; x_wconf 88' lang='lat' dir='ltr'><strong><em>apud</em></strong></span> <span class='ocrx_word' id='word_1_172' title='bbox 706 2995 894 3077; x_wconf 87' lang='lat' dir='ltr'><strong><em>municipes</em></strong></span> <span class='ocrx_word' id='word_1_173' title='bbox 925 3015 1018 3055; x_wconf 85' lang='lat' dir='ltr'><strong><em>meos</em></strong></span> <span class='ocrx_word' id='word_1_174' title='bbox 1051 2993 1172 3064; x_wconf 87' lang='lat' dir='ltr'><strong><em>habui,</em></strong></span> <span class='ocrx_word' id='word_1_175' title='bbox 1202 2990 1323 3056; x_wconf 88' lang='lat' dir='ltr'><strong><em>biblio-</em></strong></span> 
     </span>
     <span class='ocr_line' id='line_1_26' title="bbox 269 3095 699 3160; baseline 0.007 -4"><span class='ocrx_word' id='word_1_176' title='bbox 269 3097 402 3156; x_wconf 82' lang='lat' dir='ltr'><strong><em>thecam</em></strong></span> <span class='ocrx_word' id='word_1_177' title='bbox 424 3095 658 3157; x_wconf 84' lang='lat' dir='ltr'><strong><em>dedicaturus.</em></strong></span> <span class='ocrx_word' id='word_1_178' title='bbox 697 3155 699 3160; x_wconf 88' lang='grc'><em>,</em></span> 
     </span>
    </p>
   </div>
   <div class='ocr_carea' id='block_1_12' title="bbox 333 3235 1210 3430">
    <p class='ocr_par' dir='ltr' id='par_1_12' title="bbox 333 3235 1210 3430">
     <span class='ocr_line' id='line_1_27' title="bbox 444 3235 1108 3306; baseline 0 -16"><span class='ocrx_word' id='word_1_179' title='bbox 444 3297 446 3303; x_wconf 19' lang='lat' dir='ltr'>y</span> <span class='ocrx_word' id='word_1_180' title='bbox 549 3235 596 3290; x_wconf 88' lang='grc'><strong><em>16.</em></strong></span> <span class='ocrx_word' id='word_1_181' title='bbox 627 3235 766 3291; x_wconf 90' lang='lat' dir='ltr'><strong><em>Laudatio</em></strong></span> <span class='ocrx_word' id='word_1_182' title='bbox 786 3235 915 3291; x_wconf 75' lang='lat' dir='ltr'><strong><em>funebris</em></strong></span> <span class='ocrx_word' id='word_1_183' title='bbox 934 3235 1108 3306; x_wconf 85' lang='lat' dir='ltr'><strong><em>Spurinnae.</em></strong></span> 
     </span>
     <span class='ocr_line' id='line_1_28' title="bbox 333 3340 1210 3430; baseline 0.001 -25"><span class='ocrx_word' id='word_1_184' title='bbox 333 3340 412 3430; x_wconf 77' lang='lat' dir='ltr'><strong><em>Eius</em></strong></span> <span class='ocrx_word' id='word_1_185' title='bbox 435 3343 535 3406; x_wconf 87' lang='lat' dir='ltr'><strong><em>libelli</em></strong></span> <span class='ocrx_word' id='word_1_186' title='bbox 558 3345 680 3408; x_wconf 86' lang='lat' dir='ltr'><strong><em>Plinius</em></strong></span> <span class='ocrx_word' id='word_1_187' title='bbox 707 3347 848 3408; x_wconf 83' lang='lat' dir='ltr'><strong><em>meminit</em></strong></span> <span class='ocrx_word' id='word_1_188' title='bbox 871 3347 902 3410; x_wconf 92' lang='lat' dir='ltr'><strong><em>in</em></strong></span> <span class='ocrx_word' id='word_1_189' title='bbox 925 3346 1028 3428; x_wconf 86' lang='lat' dir='ltr'><strong><em>Epist.</em></strong></span> <span class='ocrx_word' id='word_1_190' title='bbox 1050 3347 1073 3408; x_wconf 91' lang='lat' dir='ltr'><strong><em>l.</em></strong></span> <span class='ocrx_word' id='word_1_191' title='bbox 1097 3348 1127 3421; x_wconf 81' lang='lat'><strong><em>3,</em></strong></span> <span class='ocrx_word' id='word_1_192' title='bbox 1156 3347 1210 3410; x_wconf 74' lang='lat' dir='ltr'><strong><em>l0.</em></strong></span> 
     </span>
    </p>
   </div>
   <div class='ocr_carea' id='block_1_13' title="bbox 267 3559 1319 3844">
    <p class='ocr_par' dir='ltr' id='par_1_13' title="bbox 267 3559 1319 3844">
     <span class='ocr_line' id='line_1_29' title="bbox 332 3559 1319 3645; baseline 0.002 -23"><span class='ocrx_word' id='word_1_193' title='bbox 332 3561 595 3624; x_wconf 83' lang='lat' dir='ltr'><strong><em>Wcstertnannus</em></strong></span> <span class='ocrx_word' id='word_1_194' title='bbox 617 3581 652 3640; x_wconf 89' lang='lat' dir='ltr'><strong><em>p.</em></strong></span> <span class='ocrx_word' id='word_1_195' title='bbox 677 3561 749 3624; x_wconf 80' lang='lat'><strong><em>290.</em></strong></span> <span class='ocrx_word' id='word_1_196' title='bbox 775 3581 845 3645; x_wconf 86' lang='lat' dir='ltr'><strong><em>seq.</em></strong></span> <span class='ocrx_word' id='word_1_197' title='bbox 890 3559 998 3626; x_wconf 83' lang='lat' dir='ltr'><strong><em>adiicit</em></strong></span> <span class='ocrx_word' id='word_1_198' title='bbox 1031 3561 1224 3623; x_wconf 88' lang='lat' dir='ltr'><strong><em>orationem</em></strong></span> <span class='ocrx_word' id='word_1_199' title='bbox 1252 3581 1319 3640; x_wconf 84' lang='lat' dir='ltr'><strong><em>pro</em></strong></span> 
     </span>
     <span class='ocr_line' id='line_1_30' title="bbox 269 3662 1318 3746; baseline -0.002 -16"><span class='ocrx_word' id='word_1_200' title='bbox 269 3663 433 3730; x_wconf 86' lang='lat' dir='ltr'><strong><em>Suetonio</em></strong></span> <span class='ocrx_word' id='word_1_201' title='bbox 455 3663 660 3746; x_wconf 82' lang='lat' dir='ltr'><strong><em>Tranquillo</em></strong></span> <span class='ocrx_word' id='word_1_202' title='bbox 682 3685 724 3728; x_wconf 82' lang='lat' dir='ltr'><strong><em>ex</em></strong></span> <span class='ocrx_word' id='word_1_203' title='bbox 746 3663 851 3745; x_wconf 79' lang='lat' dir='ltr'><strong><em>Epist.</em></strong></span> <span class='ocrx_word' id='word_1_204' title='bbox 877 3668 907 3726; x_wconf 86' lang='lat'><strong><em>1.</em></strong></span> <span class='ocrx_word' id='word_1_205' title='bbox 943 3665 991 3726; x_wconf 79' lang='lat'><strong><em>18.</em></strong></span> <span class='ocrx_word' id='word_1_206' title='bbox 1028 3675 1058 3726; x_wconf 86' lang='lat' dir='ltr'><strong><em>et</em></strong></span> <span class='ocrx_word' id='word_1_207' title='bbox 1090 3685 1157 3744; x_wconf 85' lang='lat' dir='ltr'><strong><em>pro</em></strong></span> <span class='ocrx_word' id='word_1_208' title='bbox 1185 3662 1318 3728; x_wconf 76' lang='lat' dir='ltr'><strong><em>libertis</em></strong></span> 
     </span>
     <span class='ocr_line' id='line_1_31' title="bbox 267 3763 1301 3844; baseline 0.005 -20"><span class='ocrx_word' id='word_1_209' title='bbox 267 3783 308 3824; x_wconf 88' lang='lat' dir='ltr'><strong><em>ex</em></strong></span> <span class='ocrx_word' id='word_1_210' title='bbox 331 3763 424 3844; x_wconf 86' lang='lat' dir='ltr'><strong><em>epist.</em></strong></span> <span class='ocrx_word' id='word_1_211' title='bbox 451 3767 481 3839; x_wconf 82' lang='lat'><strong><em>7,</em></strong></span> <span class='ocrx_word' id='word_1_212' title='bbox 505 3765 534 3833; x_wconf 87' lang='lat'><strong><em>6.</em></strong></span> <span class='ocrx_word' id='word_1_213' title='bbox 557 3763 684 3844; x_wconf 88' lang='lat' dir='ltr'><strong><em>(dubito</em></strong></span> <span class='ocrx_word' id='word_1_214' title='bbox 707 3788 746 3828; x_wconf 91' lang='lat' dir='ltr'><strong><em>an</em></strong></span> <span class='ocrx_word' id='word_1_215' title='bbox 771 3769 869 3844; x_wconf 86' lang='lat' dir='ltr'><strong><em>vere).</em></strong></span> <span class='ocrx_word' id='word_1_216' title='bbox 1285 3781 1301 3788; x_wconf 84' lang='grc'><strong><em>’·</em></strong></span> 
     </span>
    </p>
   </div>
   <div class='ocr_carea' id='block_1_14' title="bbox 589 3903 988 3962">
    <p class='ocr_par' dir='ltr' id='par_1_14' title="bbox 589 3903 988 3962">
     <span class='ocr_line' id='line_1_32' title="bbox 589 3903 988 3962; baseline -0.003 -1"><span class='ocrx_word' id='word_1_217' title='bbox 589 3903 673 3962; x_wconf 86' lang='lat' dir='ltr'><strong><em>CXL.</em></strong></span> <span class='ocrx_word' id='word_1_218' title='bbox 706 3903 845 3960; x_wconf 82' lang='lat' dir='ltr'><strong><em>Cornelius</em></strong></span> <span class='ocrx_word' id='word_1_219' title='bbox 868 3905 988 3962; x_wconf 83' lang='lat' dir='ltr'><strong><em>Tacitus.</em></strong></span> 
     </span>
    </p>
   </div>
   <div class='ocr_carea' id='block_1_15' title="bbox 266 4014 1319 4405">
    <p class='ocr_par' dir='ltr' id='par_1_15' title="bbox 266 4014 1319 4405">
     <span class='ocr_line' id='line_1_33' title="bbox 331 4014 1315 4097; baseline -0.002 -21"><span class='ocrx_word' id='word_1_220' title='bbox 331 4018 431 4078; x_wconf 84' lang='lat' dir='ltr'><strong><em>Natus</em></strong></span> <span class='ocrx_word' id='word_1_221' title='bbox 455 4038 538 4079; x_wconf 90' lang='lat' dir='ltr'><strong><em>anno</em></strong></span> <span class='ocrx_word' id='word_1_222' title='bbox 564 4016 694 4078; x_wconf 86' lang='lat' dir='ltr'><strong><em>circiter</em></strong></span> <span class='ocrx_word' id='word_1_223' title='bbox 722 4015 783 4077; x_wconf 88' lang='grc'><strong><em>808</em></strong></span> <span class='ocrx_word' id='word_1_224' title='bbox 810 4019 890 4093; x_wconf 83' lang='grc'><strong>(55).</strong></span> <span class='ocrx_word' id='word_1_225' title='bbox 931 4015 1057 4079; x_wconf 88' lang='lat' dir='ltr'><strong><em>Plinius</em></strong></span> <span class='ocrx_word' id='word_1_226' title='bbox 1090 4015 1121 4077; x_wconf 89' lang='lat' dir='ltr'><strong><em>in</em></strong></span> <span class='ocrx_word' id='word_1_227' title='bbox 1150 4014 1257 4097; x_wconf 88' lang='lat' dir='ltr'><strong><em>Epist.</em></strong></span> <span class='ocrx_word' id='word_1_228' title='bbox 1287 4019 1315 4087; x_wconf 93' lang='lat' dir='ltr'><strong><em>&#39;l,</em></strong></span> 
     </span>
     <span class='ocr_line' id='line_1_34' title="bbox 268 4117 1317 4203; baseline -0.002 -25"><span class='ocrx_word' id='word_1_229' title='bbox 268 4117 308 4178; x_wconf 74' lang='grc'><strong><em>20</em></strong></span> <span class='ocrx_word' id='word_1_230' title='bbox 332 4117 466 4192; x_wconf 85' lang='lat' dir='ltr'><strong><em>scribit,</em></strong></span> <span class='ocrx_word' id='word_1_231' title='bbox 502 4142 534 4181; x_wconf 87' lang='lat' dir='ltr'><strong><em>se</em></strong></span> <span class='ocrx_word' id='word_1_232' title='bbox 559 4121 790 4200; x_wconf 81' lang='lat' dir='ltr'><strong><em>propemodum</em></strong></span> <span class='ocrx_word' id='word_1_233' title='bbox 816 4121 976 4203; x_wconf 85' lang='lat' dir='ltr'><strong><em>aequalem</em></strong></span> <span class='ocrx_word' id='word_1_234' title='bbox 1001 4118 1067 4180; x_wconf 86' lang='lat' dir='ltr'><strong><em>eins</em></strong></span> <span class='ocrx_word' id='word_1_235' title='bbox 1093 4140 1174 4180; x_wconf 86' lang='lat' dir='ltr'><strong><em>esse.</em></strong></span> <span class='ocrx_word' id='word_1_236' title='bbox 1216 4118 1317 4179; x_wconf 85' lang='lat' dir='ltr'><strong><em>Prae·</em></strong></span> 
     </span>
     <span class='ocr_line' id='line_1_35' title="bbox 266 4219 1319 4300; baseline 0.001 -23"><span class='ocrx_word' id='word_1_237' title='bbox 266 4230 318 4282; x_wconf 83' lang='lat' dir='ltr'><strong><em>tor</em></strong></span> <span class='ocrx_word' id='word_1_238' title='bbox 344 4240 373 4280; x_wconf 90' lang='lat' dir='ltr'><strong><em>a.</em></strong></span> <span class='ocrx_word' id='word_1_239' title='bbox 397 4221 455 4280; x_wconf 77' lang='grc'><strong><em>811</em></strong></span> <span class='ocrx_word' id='word_1_240' title='bbox 477 4222 558 4300; x_wconf 80' lang='lat'><strong><em>(88).</em></strong></span> <span class='ocrx_word' id='word_1_241' title='bbox 603 4219 708 4284; x_wconf 68' lang='lat' dir='ltr'><strong><em>Tacib</em></strong></span> <span class='ocrx_word' id='word_1_242' title='bbox 736 4222 852 4290; x_wconf 84' lang='lat' dir='ltr'><strong><em>Annal.</em></strong></span> <span class='ocrx_word' id='word_1_243' title='bbox 877 4221 954 4295; x_wconf 73' lang='lat' dir='ltr'><strong><em>xl,</em></strong></span> <span class='ocrx_word' id='word_1_244' title='bbox 980 4223 1031 4282; x_wconf 92' lang='grc'><strong><em>11.</em></strong></span> <span class='ocrx_word' id='word_1_245' title='bbox 1059 4219 1182 4284; x_wconf 87' lang='lat' dir='ltr'><strong><em>Consul</em></strong></span> <span class='ocrx_word' id='word_1_246' title='bbox 1206 4240 1234 4287; x_wconf 84' lang='lat' dir='ltr'><strong><em>a.</em></strong></span> <span class='ocrx_word' id='word_1_247' title='bbox 1255 4219 1319 4280; x_wconf 85' lang='lat'><strong><em>850</em></strong></span> 
     </span>
     <span class='ocr_line' id='line_1_36' title="bbox 267 4319 1319 4405; baseline 0 -23"><span class='ocrx_word' id='word_1_248' title='bbox 267 4321 346 4395; x_wconf 76' lang='lat'><strong><em>(97).</em></strong></span> <span class='ocrx_word' id='word_1_249' title='bbox 376 4321 461 4383; x_wconf 88' lang='lat' dir='ltr'><strong><em>Plin.</em></strong></span> <span class='ocrx_word' id='word_1_250' title='bbox 486 4321 593 4403; x_wconf 83' lang='lat' dir='ltr'><strong><em>Epist.</em></strong></span> <span class='ocrx_word' id='word_1_251' title='bbox 621 4323 650 4398; x_wconf 75' lang='lat'><strong><em>2,</em></strong></span> <span class='ocrx_word' id='word_1_252' title='bbox 680 4327 706 4387; x_wconf 86' lang='lat'><strong><em>1.</em></strong></span> <span class='ocrx_word' id='word_1_253' title='bbox 736 4323 862 4405; x_wconf 81' lang='lat' dir='ltr'><strong><em>Zumpt,</em></strong></span> <span class='ocrx_word' id='word_1_254' title='bbox 889 4323 1007 4386; x_wconf 87' lang='lat' dir='ltr'><strong><em>Annal.</em></strong></span> <span class='ocrx_word' id='word_1_255' title='bbox 1033 4321 1134 4386; x_wconf 86' lang='lat' dir='ltr'><strong><em>Conf.</em></strong></span> <span class='ocrx_word' id='word_1_256' title='bbox 1157 4323 1187 4386; x_wconf 89' lang='lat'><strong><em>1.</em></strong></span> <span class='ocrx_word' id='word_1_257' title='bbox 1212 4319 1319 4401; x_wconf 90' lang='lat' dir='ltr'><strong><em>Lipsii</em></strong></span> 
     </span>
    </p>
   </div>
   <div class='ocr_carea' id='block_1_16' title="bbox 0 0 1484 4840">
    <p class='ocr_par' dir='ltr' id='par_1_16' title="bbox 0 0 1484 4840">
     <span class='ocr_line' id='line_1_37' title="bbox 0 0 1484 4840; baseline 0 0"><span class='ocrx_word' id='word_1_258' title='bbox 0 0 1484 4840; x_wconf 95' lang='lat' dir='ltr'><strong><em> </em></strong></span> 
     </span>
    </p>
   </div>
  </div>
 </body>
</html>
