2958 4840
1154 341 1214 405 581

164 495 321 577 uulgaris
343 495 499 558 uideatur
523 505 556 556 et
575 494 739 576 protrita,
759 516 814 556 rea
828 506 930 578 atque
947 499 1132 562 sententiae
1149 511 1211 563 aut

165 609 203 658 ut
226 597 341 679 inepto
364 597 525 680 inanique
547 597 676 678 impetu
704 597 771 659 sint
798 609 859 659 aut
889 609 927 660 ut
955 599 1019 660 leui
1050 613 1083 663 et
1111 602 1213 684 quasi

164 699 276 762 dicaci
305 699 466 782 argutia;
494 699 644 761 eruditio
673 711 788 761 autem
811 703 993 762 uernacula
1022 713 1054 764 et
1079 704 1211 784 plebeia

164 802 313 884 nihilque
334 825 380 863 ex
402 815 554 863 veterum
577 802 714 884 scriptis
736 802 863 864 habens
877 823 984 885 neque
998 805 1135 884 gratiae
1152 825 1207 868 ne·

163 925 227 986 que
250 904 462 986 dignitatis·
491 905 563 968 Alii
586 927 664 968 uero
687 905 878 988 elegantiae
900 905 1037 988 quidem
1049 905 1084 966 in
1101 907 1208 971 uerbis
1228 943 1229 948 κ

160 1027 288 1088 parum
310 1029 403 1081 esse,
438 1029 506 1069 non
529 1007 663 1084 infitias
685 1020 782 1083 eunt,
819 1007 880 1070 secl
906 1019 939 1068 et
962 1003 1098 1083 rerum‘,
1123 1029 1210 1090 quas

160 1109 265 1182 dicat,
279 1110 457 1171 scientiam
470 1109 728 1193 doctrinamque
739 1111 770 1171 ei
782 1131 850 1172 non
860 1111 976 1171 deesse
984 1099 1111 1184 dicunt,
1125 1122 1158 1171 et
1173 1110 1208 1172 in

161 1212 253 1273 uitiis
261 1233 395 1272 morum
404 1213 627 1293 obiurgandis
639 1213 854 1274 seueritatem
861 1213 1133 1295 grauitatemque
1141 1233 1209 1274 non

161 1313 389 1374 invenustam.
415 1347 454 1360 -
477 1349 517 1360 -
540 1315 680 1396 Dignus
703 1335 785 1376 sane
808 1318 936 1378 Seneca
964 1314 1122 1376 uideatur
1143 1318 1208 1378 lec·

160 1415 253 1477 tione
275 1436 315 1476 ac
338 1416 455 1478 studio
476 1416 754 1478 adolescentium.
777 1451 819 1463 —
841 1417 909 1480 Sed
940 1415 1208 1482 adolescentium

161 1517 309 1581 indolem
322 1530 471 1580 nontam
486 1521 615 1594 iuuant,
630 1540 717 1602 quae
729 1518 809 1581 bene
831 1519 1026 1593 dictasunt,
1041 1541 1145 1603 quam
1156 1521 1208 1582 in·

154 1620 297 1696 ficiunt,
322 1642 409 1704 quae
429 1621 589 1702 pessime,
615 1623 788 1704 multoque
819 1633 918 1684 tanto
950 1623 1081 1704 magis,
1115 1624 1146 1685 si
1176 1635 1209 1686 et

158 1726 275 1804 plura,
300 1745 387 1806 quae
409 1723 584 1786 deteriora
606 1734 702 1796 sunt,
727 1736 760 1785 et
790 1723 959 1807 quaedam
991 1724 1027 1785 in
1055 1725 1111 1787 nis
1138 1745 1207 1789 non

156 1847 225 1907 pro
246 1827 499 1911 enthymemate
521 1825 638 1910 aliquo
659 1826 711 1888 rei
730 1847 860 1907 parvae
882 1848 922 1888 ac
944 1826 1123 1908 simplicis,
1146 1827 1208 1891 sed

158 1928 195 1990 in
217 1951 254 1990 re
276 1928 420 2009 ancipiti
438 1950 506 2010 pro
527 1929 671 1991 consilio
693 1929 868 1992 dicuntur.

224 2030 331 2092 'sacia
358 2031 444 2091 Ann.
470 2031 529 2102 13,
554 2032 608 2091 112.
663 2033 737 2095 Nec
770 2031 955 2094 Suillius
988 2044 1111 2115 questu
1146 2045 1208 2096 aut

158 2132 428 2214 exprobratione
449 2131 652 2206 abstinebat,
671 2143 811 2213 praeter
820 2130 1006 2220 ferociam
1021 2134 1130 2196 animi
1144 2157 1206 2197 ex·

157 2246 269 2297 trema
290 2245 426 2296 senecta
447 2233 548 2311 liber,
572 2246 605 2295 et
626 2238 788 2298 Senecam
817 2233 999 2315 increpans
1026 2233 1206 2323 infensum

147 2337 279 2399 'amicis
301 2335 455 2410 Claudii,
480 2336 543 2398 sub
565 2357 632 2419 quo
649 2335 881 2404 iustissimum
913 2337 1059 2400 exilium
1087 2349 1207 2421 pertu-

156 2440 266 2502 lisset.
290 2439 393 2500 simul
415 2439 577 2502 studiis
599 2439 814 2502 inertibus
843 2451 883 2501 et
906 2440 1107 2502 iuuenum
1137 2442 1205 2504 im·
1234 2427 1241 2434 ’Ἴ

154 2541 346 2625 peritiae
368 2553 536 2604 suetum
558 2543 692 2604 livere
714 2541 779 2617 iis,
796 2541 1129 2625 quiuiuiclamet
1145 2544 1204 2607 in·

155 2655 402 2726 corruptam
423 2644 719 2728 eloquentiam
741 2644 914 2707 tuendis
934 2645 1103 2710 ciuibus
1135 2669 1204 2715 etr·

156 2758 364 2810 eruerent

190 2911 310 2972 Suillius]
349 2912 407 2957 ibid.
426 2912 481 2956 eius
498 2911 659 2970 opprimendi
678 2914 765 2973 gralia
783 2915 914 2971 repetitum
932 2913 1082 2960 credebatur
1100 2920 1204 2960 unctus

225 3001 366 3044 consultum
383 3013 510 3059 poenaque
529 2997 630 3044 Cinciae
649 3001 716 3060 legis
732 2999 866 3046 adversum
883 3014 937 3056 eos,
957 3003 1000 3061 qui
1013 3002 1204 3060 prelioeauaat

223 3088 379 3132 oravissent.

219 3244 390 3308 Suetonius
414 3243 560 3329 Caligula
584 3267 614 3306 c.
639 3243 692 3308 53.
728 3244 887 3328 Caligula
908 3244 1018 3308 lenius
1040 3245 1203 3308 cointius·

153 3372 218 3434 que
240 3348 408 3412 scribendi
428 3368 538 3430 genus
559 3348 647 3412 adeo
668 3361 885 3411 contemnens
901 3345 1005 3436 fuit,
1038 3361 1076 3410 ut
1099 3352 1201 3412 Sene·

154 3463 325 3514 comtum
356 3458 507 3513 maxime
533 3453 725 3534 placentem
753 3450 1090 3513 commissiones
1127 3472 1201 3511 me-

154 3575 226 3616 ras
256 3574 458 3634 componere
488 3565 521 3615 et
546 3573 724 3614 arenam
752 3570 847 3613 esse
878 3551 968 3612 sine
996 3552 1112 3612 ealce
1140 3550 1202 3612 di·

153 3666 283 3821 cerdici
309 3754 437 3820 Cassius
460 3755 482 3816 l.
514 3755 566 3830 59,
600 3755 651 3818 19.
689 3751 802 3829 tradit,
833 3753 983 3816 Senecam
1017 3752 1200 3838 aliquando,

152 3882 225 3922 eum
249 3857 428 3923 orationem
453 3841 633 3932 habuisset,
670 3855 726 3918 vix
757 3868 891 3918 mortem
922 3852 1090 3938 effugisse,
1130 3876 1201 3917 cum

153 3962 222 4026 eius
244 3960 388 4024 laudibus
411 3958 568 4022 invideret
578 3957 727 4044 Caligula
749 3957 940 4042 imperator:
966 3953 985 4022 ὁ
1008 3959 1042 4022 δὲ
1052 3957 1201 4036 Σενέκας

145 4060 281 4140 ’Ἄννιος
304 4059 467 4141 Λούκιος,
492 4057 510 4128 ὁ
533 4057 660 4139 πάντας
680 4069 740 4148 μὲν
762 4045 844 4137 τοὺς
865 4054 946 4124 καθ’
976 4054 1094 4124 ἑαυτὸν
1115 4053 1201 4124 ‘Pu-

150 4167 282 4254 μαίους,
304 4162 446 4242 πολλοὺς
468 4167 503 4230 δὲ
534 4171 590 4231 καὶ
613 4161 734 4240 ἄλλους
767 4163 873 4254 σοφία
907 4155 1085 4248 ὑπεράρας,
1107 4163 1200 4252 διεφ-

154 4264 251 4356 θάρη
272 4265 346 4357 παρ’
372 4264 492 4354 ὀλίγοις
512 4262 584 4354 μήτ’
609 4261 771 4346 ἀδικήσας
787 4290 818 4332 τι
831 4260 912 4350 μήτε
924 4258 1032 4362 δόξας,
1049 4255 1100 4330 ὅτι
1109 4265 1200 4344 δίκην
