2976 4844
276 365 337 431 iii

273 525 404 610 putetis
432 547 480 588 ex
512 524 689 588 arbore?“
746 527 832 589 Cum
871 523 963 586 inter
998 543 1119 588 omnes
1159 538 1328 589 recentem

276 651 351 692 esse
373 639 565 702 constaret,
595 628 718 712 „atqui
740 628 895 700 tertium,
909 627 925 656 “
941 627 1072 711 inquit,
1106 639 1213 708 „ante
1236 628 1328 691 diem

276 732 624 813 scitotadecerptam
654 730 891 814 Carthagine:
925 743 996 792 tam
1025 751 1135 812 prope
1168 751 1204 794 a,
1217 731 1328 795 muris

278 835 441 898 habemus
463 837 635 898 hostem.“
678 834 870 917 Statimque
893 843 1048 896 secutum
1078 843 1131 896 est
1160 833 1328 898 Punicum

277 937 420 1000 tertium
442 938 584 1011 beilum,
609 959 678 1021 quo
699 939 876 1018 Carthago
898 936 1011 999 deleta
1030 947 1093 1011 est,
1117 957 1327 1020 quamquam

279 1043 409 1106 Catone
433 1061 527 1104 anno
552 1053 713 1126 sequente
734 1052 865 1122 erepto.

343 1143 468 1208 Gellius
495 1143 524 1219 9,
555 1145 607 1205 tlt.
652 1146 707 1206 M.
739 1145 826 1207 Cato
859 1143 896 1203 in
930 1141 1107 1218 oratione,
1149 1165 1243 1229 quam
1271 1147 1327 1208 De

277 1247 365 1310 hello
396 1246 680 1329 Carthaginiensi
717 1244 921 1326 composuit,
955 1243 999 1306 ita
1030 1244 1185 1328 scripsit:
1221 1249 1327 1312 Pueri

276 1360 379 1433 atque
405 1349 566 1412 mulieres
591 1348 869 1412 extrudebantur
884 1345 990 1438 fami
1013 1369 1134 1412 causa.

341 1452 465 1516 Gellius
483 1453 513 1528 3,
528 1453 580 1516 ii.
606 1453 661 1514 M.
672 1449 756 1515 Cato
777 1452 816 1513 de
834 1448 1156 1534 Carthaginiensibus
1169 1452 1212 1515 ita
1223 1451 1326 1536 scrip·

276 1555 338 1618 sita
358 1555 526 1620 Homines
548 1553 763 1644 defoderunt
784 1554 820 1616 in
842 1565 973 1618 terram
984 1553 1328 1640 dimidiatosignem-

277 1680 341 1742 que
368 1659 703 1741 circumposuerunt.

312 1819 343 1866 de
365 1816 631 1882 Carthaginiensibus]
668 1822 795 1876 incertum,
818 1803 847 1866 ei
868 1825 979 1867 oratione
998 1824 1026 1868 de
1047 1822 1112 1868 bello
1132 1823 1327 1884 Carthaginiensi

349 1910 407 1954 haee
428 1911 477 1954 sint
497 1915 583 1972 sumta,
597 1897 635 1954 ¹au
660 1923 694 1954 ex·
711 1924 738 1955 es
757 1915 824 1966 parte
845 1907 992 1972 Originum,
1012 1925 1072 1969 qnae
1093 1911 1232 1956 Poenorum
1251 1912 1326 1957 histo·

347 1999 409 2042 riam
435 1999 591 2060 continebat,
624 1999 738 2056 cuiusque
761 2000 853 2057 aliquot
873 2005 1002 2055 supersunt
1023 1999 1158 2059 fragmenta
1179 2001 1241 2062 apud
1262 2001 1326 2046 Fes-

348 2091 397 2132 tum
424 2101 446 2133 v.
471 2083 624 2132 Meritcsere
645 2091 668 2132 at
694 2088 805 2132 Servium
826 2089 854 2132 sd
880 2089 952 2147 Virg.
978 2088 1040 2134 Aen.
1062 2089 1106 2151 iv,
1132 2086 1191 2145 ⁶82,
1215 2090 1272 2133 item
1296 2091 1325 2133 ai

349 2174 391 2224 tib.
413 2176 433 2236 i,
456 2171 505 2220 3t3
529 2180 553 2220 et
572 2172 631 2224 738.
679 2175 752 2222 Coui.
769 2177 866 2226 Kranae
888 2177 959 2222 Vitae
981 2182 1005 2222 at
1025 2178 1170 2238 Fragments
1191 2177 1327 2222 Historieo·

347 2277 581 2310 rum-romanorum
601 2278 625 2320 p.
649 2259 690 2310 97.

343 2401 494 2466 Ceterum
516 2411 649 2489 uterque
678 2402 778 2466 Gellii
800 2403 890 2467 locus
917 2402 1068 2478 orationi,
1097 2425 1192 2488 quam
1215 2401 1327 2465 habuit

280 2509 366 2570 Cato
391 2506 606 2572 Numantiae
631 2507 727 2589 apud
751 2509 902 2592 equites,
930 2505 963 2570 in
989 2503 1128 2570 editione
1151 2505 1264 2570 Lionis
1289 2527 1324 2589 p.

278 2609 317 2673 79
343 2629 457 2672 errore
484 2608 662 2690 adscriptus
685 2621 745 2673 est.

342 2711 469 2775 Nonius
496 2735 531 2794 p.
556 2712 607 2776 89.
642 2713 872 2778 Caiiiscerunt
890 2732 952 2793 pro
974 2713 1205 2776 occalluerunt.
1240 2716 1326 2778 Cato

278 2815 320 2876 de
354 2815 441 2878 heito
482 2815 785 2900 Carthaginiensi:
832 2817 947 2880 Aures
983 2815 1080 2878 nobis
1108 2816 1326 2879 calliscerunt

278 2917 325 2980 ad
349 2917 510 2981 iniurias.

312 3063 487 3124 cailiscerant]
524 3080 569 3124 qus
597 3067 656 3112 haec
677 3067 776 3122 perfecti
800 3065 918 3120 temporis
936 3065 1015 3109 forma
1036 3065 1130 3108 ratione
1152 3065 1183 3108 sit
1204 3065 1323 3118 inamata,

347 3154 438 3201 nescio.
488 3153 628 3216 Legendutn
652 3159 709 3210 puto
735 3153 871 3198 culliscunt
896 3156 914 3198 i.
938 3168 961 3197 e.
989 3153 1163 3198 obcalluerunt.
1212 3153 1325 3196 Duebner

347 3244 477 3298 adscripsit
501 3257 568 3287 meae
591 3243 758 3288 annotationi:
790 3239 883 3303 „Quod
910 3255 996 3286 uerum
1020 3241 1135 3296 uidetur,
1160 3239 1325 3286 uerisimilius

346 3337 413 3376 certe
435 3335 474 3376 esi
494 3343 569 3390 quarn
590 3329 830 3386 calliscerent,
862 3329 927 3390 quod
942 3330 1077 3389 proposuit
1098 3328 1187 3375 Str-use
1212 3326 1251 3374 Da
1270 3326 1325 3374 De·

345 3421 408 3465 elin.
424 3424 449 3464 et
470 3415 577 3480 Coniug.
607 3419 637 3464 t..
663 3416 688 3467 i.
712 3434 737 3476 p.
757 3416 819 3465 tat.

315 3547 350 3593 ud
369 3545 492 3608 iniurias]
527 3549 572 3594 int.
594 3547 740 3593 Poenorum.

342 3683 471 3750 Solinus
496 3709 526 3749 c.
546 3686 587 3748 30
602 3687 682 3764 (40).
716 3683 842 3748 Urbem
864 3671 1124 3766 Carthaginem,
1152 3690 1196 3740 ut
1220 3681 1326 3744 Cato

278 3790 321 3853 in
342 3790 546 3854 oratione
567 3787 795 3852 senatoria
820 3795 1038 3857 autumat,
1062 3803 1142 3844 cum
1164 3785 1324 3850 rexiur·

277 3894 339 3958 bas
360 3914 477 3958 rerum
506 3892 543 3954 in
569 3891 685 3977 Libya
705 3889 892 3973 potiretur,
915 3884 1015 3950 Elisa
1039 3884 1164 3948 mulier
1183 3897 1324 3950 exstru-

276 3995 345 4069 xit,
365 3997 468 4060 domo
489 3993 660 4066 Phoenix,
681 4003 714 4054 et
735 3987 959 4056 Karthadam
980 3987 1085 4067 dixit,
1105 3989 1199 4076 qued
1217 3991 1325 4054 Phoe-

280 4099 396 4162 nicum
420 4120 482 4164 ore
504 4093 672 4179 exprimit
692 4091 866 4156 civitatem
891 4113 1027 4158 novam.

312 4245 340 4288 in
360 4249 426 4288 oret.
446 4238 589 4298 senatoria]
625 4239 654 4284 ds
676 4238 741 4284 heito
761 4237 967 4300 Carthaginiensi.

311 4363 484 4425 Karthadam]
528 4379 611 4411 rerum
645 4379 698 4411 csse
731 4365 833 4411 truditur
867 4363 988 4414 Karthati
1002 4361 1157 4418 -hadthu,
1183 4362 1322 4408 'Naustsih
