2984 4842
275 359 335 422 376

212 523 248 580 τ’
276 521 332 580 Μ.
349 518 446 590 Cato,
465 520 611 580 Faustus
628 520 735 580 Sulla.
785 519 897 582 Verba
918 541 1031 602 pauca
1054 523 1095 601 Q.
1115 521 1326 583 Hortensius

278 619 391 682 dixit:
412 619 555 682 Liberos
576 641 648 680 esse
672 641 741 692 eos,
763 621 822 703 qui
841 643 908 703 pro
923 622 1029 684 seruis
1045 625 1326 705 postularentur:

278 741 358 783 nam
386 733 466 802 post
499 733 667 782 recentem
699 723 835 783 ‹eaedem
870 726 1119 786 manumiserat
1150 746 1206 787 eos
1235 726 1327 788 Milo

277 823 340 886 sub
366 825 429 884 hoc
460 823 579 895 titulo,
604 825 696 906 quod
722 837 824 905 caput
847 847 949 888 sicum
974 828 1037 889 ulti
1062 839 1187 890 essent.
1232 831 1328 890 Haec
1360 907 1365 916 1

277 926 472 1008 agebantur
494 947 607 988 mense
632 927 845 989 intercalari.
999 931 1001 936 '

314 1087 343 1146 0.
362 1087 515 1134 Hortensius
534 1089 613 1148 dixit]
652 1092 708 1135 hece
729 1106 774 1134 non
801 1094 823 1136 iu
847 1095 950 1146 iudicio,
979 1095 1019 1137 ced
1037 1095 1061 1138 in
1081 1100 1164 1138 senatu
1185 1095 1328 1138 Hortensius

349 1179 457 1236 dixerut,
484 1193 536 1222 cum
558 1181 585 1222 tle
605 1179 683 1222 Clodii
712 1193 768 1222 nece
797 1185 821 1223 et
845 1183 873 1224 de
893 1183 1011 1235 putriendo
1031 1183 1122 1226 Milone
1138 1181 1327 1232 deliberabatur,

350 1280 425 1322 eaque
454 1267 606 1310 relerernlum
634 1269 742 1319 videtur,
772 1270 833 1324 quod
861 1270 883 1310 iu
912 1270 1013 1312 scholiis
1041 1269 1200 1313 Bobieusihus
1229 1283 1251 1324 p.
1278 1265 1329 1311 282

351 1356 465 1410 legimus:
487 1353 537 1397 Pro
554 1351 650 1399 Milone
669 1361 750 1398 autem
771 1355 863 1399 obnixe
886 1356 1018 1400 laborasse
1038 1355 1068 1416 Q
1090 1357 1243 1400 Hortensius
1261 1354 1330 1400 uide·

353 1441 441 1493 batur,
463 1455 547 1496 nempe
567 1443 590 1485 in
610 1447 704 1486 senatu.
743 1443 767 1486 ln
789 1445 876 1488 iudicio
902 1451 981 1489 eutem
1000 1445 1099 1488 Milonis
1120 1445 1262 1488 Hortensius
1282 1457 1330 1487 non

352 1531 445 1581 ederet,
465 1533 489 1572 el
507 1529 594 1573 Cicero
614 1533 680 1573 solus
705 1531 756 1573 sius
775 1545 870 1574 causum
891 1531 1011 1583 defendit,
1038 1537 1097 1574 teste
1119 1533 1202 1576 eodem
1222 1531 1329 1574 Asconio

351 1631 373 1670 p.
391 1614 432 1658 tt.
461 1614 597 1671 Respondit
611 1613 652 1660 hie
672 1630 735 1660 unus
755 1613 790 1660 tlt.
807 1615 903 1660 Cicero,
931 1619 1002 1660 Cant.
1022 1618 1144 1661 Drumenn
1162 1624 1178 1660 t.
1193 1614 1216 1662 3.
1231 1631 1254 1672 p.
1270 1613 1331 1660 tht.

498 1808 545 1863 25.
588 1807 687 1862 Oratio
707 1824 758 1877 pro
779 1809 817 1863 tt.
842 1809 957 1863 Valerio
976 1809 1112 1865 Messala.

349 1957 431 2020 Aeta
460 1969 505 2018 cst
536 1978 627 2018 causa
656 1978 681 2018 a.
719 1957 778 2016 700
809 1958 888 2033 (tt).
937 1959 988 2019 Μ.
1014 1956 1164 2018 Valerius
1189 1958 1331 2020 Messala

287 2083 356 2122 curn
372 2057 403 2120 in
423 2061 560 2139 petendo
584 2058 746 2120 consulatu
769 2079 795 2118 a.
821 2060 881 2118 700
901 2060 970 2137 (bl)
990 2058 1143 2145 suffragia
1158 2058 1345 2141 largitione

270 2162 429 2234 'cittisset,
455 2159 588 2222 ainhitus
615 2160 792 2240 postulatus
828 2171 874 2222 est
909 2183 936 2227 a.
974 2162 1033 2222 ’703
1064 2165 1150 2238 (bl),
1183 2183 1241 2223 nec
1268 2161 1328 2222 nisi

286 2263 375 2326 malis
398 2262 569 2324 amicorum
595 2261 716 2325 artibus
738 2284 871 2345 poenam
897 2263 1022 2346 cffugit.
1056 2263 1129 2326 Cic.
1158 2266 1205 2328 ad.
1228 2263 1330 2324 Attio.

287 2366 323 2438 5,
350 2364 397 2430 12.
422 2367 460 2425 ad
483 2363 599 2427 Famil.
626 2365 663 2439 8,
689 2366 717 2433 2.

351 2482 423 2548 Cic.
458 2487 549 2547 Brut.
589 2486 641 2548 96.
699 2488 923 2550 Hortensium
959 2508 1124 2571 magnum
1157 2499 1333 2550 oratorem

286 2609 420 2670 semper
441 2589 562 2670 putavi
592 2589 808 2672 maximeque
840 2591 982 2670 probaui
1005 2613 1072 2672 pro
1093 2592 1251 2654 Messala
1280 2588 1333 2650 di·
1372 2621 1388 2642 ι

288 2701 429 2751 centem.
476 2691 531 2754 Sic
541 2689 688 2781 ferunt,
715 2692 867 2774 inquam,
895 2693 996 2776 idque
1024 2693 1177 2755 declarat
1191 2691 1334 2754 totidem

291 2803 373 2874 quot
397 2793 506 2866 dixit,
531 2805 569 2854 ut
594 2793 709 2866 aiunt,
739 2795 869 2875 scripta
895 2795 1003 2857 verbis
1027 2794 1154 2857 oratio.

356 2913 506 2976 Valerius
535 2916 630 2976 Max.
663 2916 700 2990 b,
733 2915 770 2990 9,
800 2917 830 2977 2.
884 2919 927 2997 Q.
958 2914 1154 2986 Hortensii,
1180 2911 1334 2996 quisuis

263 3011 265 3015 ¹
294 3017 506 3092 temporibus
535 3029 775 3080 ornamentum
813 3038 977 3080 romanoe
1009 3015 1221 3100 eloquentiae
1235 3011 1333 3104 fuit,

293 3119 510 3182 admirabilis
539 3119 574 3180 in
591 3119 678 3196 filio
707 3120 876 3200 patientia
902 3120 1031 3182 extitit.
1076 3122 1163 3184 Cum
1180 3118 1270 3180 enim
1296 3137 1336 3178 co
1388 3123 1393 3128 '

296 3241 403 3302 usque
417 3219 628 3301 impietatem
641 3221 715 3282 eius
734 3234 929 3303 suspectam
944 3232 976 3283 et
991 3221 1178 3304 nequitiam
1194 3219 1337 3282 inuisam

294 3324 444 3396 haberet,
469 3335 507 3384 ut
532 3326 737 3396 Messalam,
762 3345 845 3386 suae
868 3323 1001 3385 sororis
1043 3322 1153 3396 elium,
1179 3320 1337 3381 heredem

293 3425 484 3498 habiturus,
506 3425 655 3488 ambitus
673 3448 769 3488 ream
793 3423 983 3511 defendens
1006 3421 1175 3483 iudicibus
1196 3421 1334 3494 diceret,

292 3529 320 3589 si
339 3527 436 3590 illum
452 3528 688 3604 damnassent,
714 3527 800 3588 nihil
822 3527 886 3588 sibi
906 3534 1046 3606 practer
1058 3525 1212 3586 osculum
1233 3544 1337 3604 nepo·

293 3643 386 3704 tum,
415 3631 450 3690 in
489 3631 612 3714 quibus
646 3630 890 3713 acquiesceret,
925 3623 1205 3712 superfuturum.
1262 3627 1337 3690 Hac

295 3733 423 3795 scilicet
438 3733 621 3808 sententio,
638 3754 741 3814 quam
761 3731 865 3792 etiam
882 3729 994 3792 editae
1009 3727 1162 3792 orationi
1178 3725 1335 3799 inseruit,

289 3836 412 3913 silium
424 3837 543 3918 potius
562 3836 597 3895 in
617 3845 789 3896 tormento
810 3833 919 3894 animi
934 3853 1038 3915 quom
1053 3831 1087 3892 in
1109 3829 1338 3912 voluptatibus

298 3958 484 4020 reponens,
516 3949 628 4001 tamen
658 3957 699 3997 ne
730 3947 876 3997 naturae
909 3934 1067 3998 ordinem
1099 3929 1338 4022 confunderet,

296 4060 365 4102 non
391 4051 547 4120 nepotes,
573 4039 633 4100 sed
647 4036 770 4113 silium
795 4037 952 4099 heredem
979 4035 1127 4118 reliquit.
1199 4103 1202 4108 ¹

331 4203 444 4245 osculum
464 4199 590 4259 nepotum]
628 4216 656 4245 ex
677 4201 720 4244 hoc
739 4202 791 4256 ipso
810 4202 944 4259 fragmenla
964 4201 1054 4251 elucet,
1076 4201 1169 4242 dulcem
1188 4203 1211 4241 et
1230 4197 1338 4240 floridum

366 4293 388 4329 et
407 4289 549 4342 exquisitam
568 4290 642 4333 tulsse
663 4289 821 4345 eloquentium
842 4290 871 4344 Q.
891 4287 1023 4332 Hortensii.
