2966 4842
1175 382 1235 445 539

249 547 394 630 Scripsit,
418 557 451 607 ut
473 565 513 608 ex
532 545 651 608 Seneca
676 541 874 623 accepimus,
891 541 1134 604 declamationes
1158 562 1234 603 con·

188 665 238 715 tra
261 649 431 715 Ciceronis
454 645 630 710 orationes.

291 791 317 846 1.
359 787 459 844 Oratio
479 790 579 843 eontra
600 783 747 860 Ciceronis
766 781 925 838 orationem
945 797 997 851 pro
1016 779 1133 838 Milone.

255 919 390 1000 Quintil.
416 923 468 994 10,
492 920 523 993 5,
549 920 602 980 90.
650 920 740 979 Tum
762 934 887 976 causas
902 916 953 976 vel
975 913 1123 986 easdem,
1150 936 1236 998 quae

186 1025 248 1106 agi
268 1023 432 1096 audierit,
457 1021 537 1086 stilo
559 1031 592 1082 et
617 1018 689 1101 ipse
713 1028 908 1099 componat,
933 1015 1110 1079 ueletiam
1131 1016 1233 1091 alias,

183 1147 282 1188 veras
298 1124 424 1198 modo,
446 1134 479 1185 et
495 1123 654 1205 utrinque
671 1132 807 1194 tractet,
832 1130 865 1182 et
879 1119 972 1202 quod
982 1117 1018 1180 in
1029 1118 1235 1200 gladiatori-

190 1229 254 1290 bus
270 1226 359 1303 fieri
382 1225 551 1298 videmus,
575 1222 775 1286 decretoriis
798 1233 1021 1295 exerceatur,
1047 1233 1085 1284 ut
1097 1218 1236 1311 fecisse

190 1333 339 1392 Brutum
361 1328 515 1391 diximus
535 1346 602 1409 pro
625 1324 770 1388 Milone.
815 1323 946 1386 Melius
971 1325 1035 1386 hoc
1055 1345 1160 1407 quam
1185 1345 1237 1386 re-

187 1430 337 1492 scribere
360 1428 529 1490 veteribus
550 1426 777 1498 orationibus,
795 1436 833 1486 ut
842 1421 942 1507 feeit
956 1426 1124 1488 Cestius
1145 1447 1236 1490 con·

185 1544 255 1595 tra
274 1529 506 1595 Ciceronis
528 1527 743 1590 actionem
764 1526 955 1590 habitam
972 1547 1055 1608 pro
1076 1528 1233 1602 eodem,

185 1655 261 1696 cum
282 1636 430 1696 alteram
454 1643 590 1713 partem
617 1631 704 1694 satis
725 1650 825 1696 nosse
853 1650 922 1693 non
935 1641 1063 1710 ‘posset
1087 1633 1230 1694 excola

187 1734 404 1826 defensione.

500 1875 602 1933 CXVI.
643 1874 684 1934 Μ.
706 1875 820 1932 Porcius
838 1875 935 1932 Latro.

254 1990 333 2052 Eius
356 1988 484 2052 nomina
507 2009 523 2050 a
548 1987 701 2051 Suetonio
731 1987 764 2049 in
784 1987 903 2053 Indice
939 1991 1118 2052 rhetorum
1145 1989 1238 2070 plene
1267 2005 1272 2014 ’

186 2093 362 2155 traduntur.
393 2091 474 2151 Erat
496 2090 549 2151 M.
573 2093 712 2153 Senecae
735 2088 887 2174 aequalis,
908 2088 953 2150 ita
975 2102 1008 2151 ut
1030 2111 1060 2152 a.
1083 2089 1153 2153 fere
1175 2091 1237 2155 699

186 2193 253 2270 (51)
270 2202 359 2253 natus
371 2189 524 2264 videatur,
541 2202 635 2276 atque
646 2189 813 2253 familiaris
827 2193 974 2274 (uterque
984 2191 1065 2253 enim
1076 2191 1239 2275 Hispanus

186 2293 350 2372 natione):
370 2293 453 2356 idem
475 2303 669 2375 praeceptor
690 2291 804 2356 Ovidii
826 2292 977 2356 Nasonis.
1004 2293 1132 2357 Floruit
1154 2313 1237 2358 anno

189 2395 322 2458 circiter
345 2396 404 2457 737
428 2397 518 2476 (17):
542 2407 606 2456 tum
629 2394 712 2458 enim
744 2393 939 2456 declamabat
962 2394 1100 2459 Caesare
1125 2399 1237 2482 Augu-

186 2509 236 2560 sto
263 2495 407 2559 audiente
431 2509 462 2560 et
485 2499 538 2561 M.
562 2496 726 2582 Agrippa.
772 2498 893 2559 Seneca
916 2495 1078 2561 Controv.
1101 2501 1124 2562 l.
1150 2501 1179 2566 2.
1204 2521 1238 2582 p.

193 2601 267 2664 195.
313 2597 444 2663 Cliuton
466 2601 562 2662 adh.
587 2621 616 2663 a.
636 2601 791 2663 Mortuus
813 2609 860 2661 est
882 2621 912 2662 a.
938 2600 999 2662 750
1020 2600 1084 2684 (lm
1109 2614 1144 2663 ut
1158 2601 1239 2666 Hie-

191 2721 342 2782 ronymus
384 2701 481 2764 tradit
516 2701 549 2766 in
585 2701 720 2765 Eusebii
761 2700 884 2765 Chron.
923 2702 1056 2784 Olymp.
1094 2704 1167 2768 194.
1207 2711 1237 2768 1.

189 2804 330 2888 Augusti
360 2806 410 2867 40.
435 2829 476 2862 =
503 2806 564 2869 750
595 2806 656 2884 (lt).
707 2808 763 2870 M.
789 2805 933 2869 Porcius
956 2809 1082 2882 Latro,
1110 2807 1241 2871 latinus

188 2908 416 2982 declamator,
452 2909 568 2972 taedio
598 2907 745 2990 duplicis
770 2919 962 2992 quartanae
993 2923 1100 2973 semet
1136 2910 1241 2973 inter·

185 3009 277 3084 fecit.

253 3111 372 3175 Seneca
396 3110 560 3176 Controv.
599 3113 658 3176 lib.
693 3117 723 3176 1.
770 3113 880 3177 Praei.
912 3137 945 3197 p.
976 3116 1029 3180 69.
1075 3119 1238 3182 Latronis

191 3215 324 3289 Porcii,
357 3215 529 3278 carissimi
561 3216 644 3280 mihi
672 3216 825 3290 sodalis,
863 3219 1065 3282 memoriam
1100 3221 1239 3305 saepius

190 3337 303 3400 cogar
328 3329 521 3382 retractare
543 3330 576 3381 et
597 3340 620 3381 a
640 3319 758 3403 prima
781 3319 934 3401 pueritia
958 3342 1065 3404 usque
1092 3323 1140 3384 ad
1160 3325 1240 3387 ulti-

186 3439 280 3481 mum
302 3419 376 3483 eius
391 3420 481 3483 diem
498 3423 703 3503 perductam
714 3420 942 3510 familiarem
957 3424 1145 3487 amicitiam
1160 3447 1239 3488 cum

186 3525 361 3603 voluptate
384 3523 542 3585 maxima
565 3535 728 3606 repetam.
774 3526 874 3588 Nihil
894 3525 954 3587 illo
982 3526 1057 3588 viro
1078 3529 1233 3608 grauius,

186 3623 271 3685 nihil
291 3624 454 3698 suavius,
487 3623 573 3684 nihil
603 3624 796 3708 eloquentia
821 3645 887 3685 sua
915 3625 1068 3704 dignius.
1122 3629 1236 3693 Nemo

182 3724 263 3802 plus
287 3723 427 3805 ingenio
451 3745 515 3786 suo
538 3723 730 3804 imperavit,
759 3741 858 3786 nemo
881 3726 962 3804 plus
987 3723 1142 3789 indulsit.
1192 3732 1233 3794 In

186 3833 331 3904 utraque
349 3835 451 3905 parte
475 3825 660 3888 vehementi
681 3824 756 3889 viro
783 3826 906 3889 modus
928 3824 1064 3900 deerat,
1094 3844 1153 3890 nec
1182 3830 1236 3892 in-

186 3923 375 3986 termittere
393 3925 510 3989 studia
536 3927 663 3991 sciebat
688 3947 748 3991 nec
771 3939 934 4012 repetere.
961 3927 1144 3992 Nesciebat
1166 3931 1236 3994 dis·

185 4043 335 4108 pensare
356 4025 445 4088 uires
469 4045 562 4100 suas,
589 4029 651 4090 sed
674 4030 894 4095 immoderati
915 4030 1097 4094 aduersum
1119 4051 1154 4094 se
1171 4031 1235 4095 im·

182 4126 274 4211 perii
297 4124 401 4217 ficit,
438 4127 582 4210 ideoque
601 4129 754 4193 studium
784 4132 858 4195 eius
881 4133 1059 4215 prohiberi
1081 4134 1230 4210 debebat,

185 4229 268 4314 quia
293 4229 460 4316 reginen
480 4239 632 4313 poterat.
665 4233 706 4296 In
731 4233 791 4295 illo
813 4253 882 4295 non
903 4246 1037 4298 tantum
1060 4239 1232 4303 naturalis

186 4333 371 4398 memoriae
375 4333 540 4426 felicitas
562 4345 649 4410 erat,
668 4334 730 4397 sed
750 4353 810 4396 ars
825 4353 961 4396 summa
985 4348 1018 4400 et
1039 4341 1087 4401 ad
1107 4361 1231 4423 appre-
