2992 4844
1170 372 1229 437 301

138 585 141 590 Α
251 521 326 586 Cic.
354 524 393 586 de
417 521 519 587 otae.
544 525 571 599 1,
594 524 647 587 30.
692 528 781 589 Erat
807 525 841 587 in
865 529 1005 602 Crasso,
1029 530 1063 590 in
1087 533 1128 593 L.
1152 531 1230 594 Pst-

187 625 281 708 lippo
294 628 423 688 multus
437 625 545 707 lepos,
564 627 676 690 maior
690 627 794 691 etiam
810 629 987 714 magisque
1003 633 1044 694 de
1059 632 1232 697 industria

188 729 223 790 in
247 731 285 794 C.
309 730 457 793 Caesare
480 732 521 792 L.
534 727 579 818 f.

252 847 325 912 Cic.
355 851 393 910 de
421 850 515 913 Orat.
544 850 579 922 2,
611 851 660 912 ts.
711 854 840 916 Caesar
871 851 1075 918 inusitatum
1104 857 1232 921 nostris

189 951 326 1034 quidem
357 951 558 1016 oratoribus
587 954 737 1035 leporem
776 956 946 1037 quendam
980 969 1013 1019 et
1043 962 1150 1022 salem
1182 971 1233 1022 est

187 1064 402 1117 consecutus.

253 1172 328 1237 Cic.
358 1176 396 1235 de
424 1174 517 1237 Orat.
544 1175 578 1249 3,
613 1175 645 1238 8.
701 1176 819 1259 Quid?
850 1191 965 1242 noster
1008 1181 1061 1243 hic
1104 1183 1233 1246 Caesar

189 1297 300 1342 nonne
321 1297 445 1340 novam
474 1277 646 1361 quandam
674 1279 843 1342 rationem
871 1281 988 1345 attulit
1010 1283 1177 1348 orationis
1200 1297 1232 1348 et

190 1379 324 1443 dicendi
337 1398 448 1464 genus
463 1379 606 1442 induxit
617 1402 726 1463 prope
749 1382 953 1464 singulare?
968 1385 1054 1467 Quis
1069 1407 1233 1469 umquam

190 1503 245 1545 res
256 1494 399 1564 praeter
413 1485 501 1545 bunc
517 1483 672 1566 tragicas
684 1504 771 1565 pene
786 1485 924 1559 comice,
942 1487 1061 1550 tristes
1077 1489 1231 1566 remisse,

189 1606 325 1648 seueras
339 1585 459 1659 lsiiare,
466 1584 641 1675 forenses
662 1585 794 1648 scenica
813 1609 923 1669 prope
945 1601 1121 1652 venustate
1141 1601 1233 1652 trac·

189 1687 273 1750 tavit
294 1699 397 1772 atque
424 1688 495 1763 ita,
527 1699 566 1750 ut
594 1707 701 1772 neque
732 1688 826 1751 iocus
856 1691 1093 1774 magnitudine
1116 1711 1233 1755 rerum

188 1791 445 1860 excluderetur,
469 1811 529 1853 nec
551 1791 708 1872 gravitas
726 1789 872 1875 facetiis
894 1793 1132 1858 minueretur-2

254 1910 328 1976 Cic.
354 1912 524 1980 Tusculsn.
546 1913 575 1987 5,
603 1911 653 1974 19.
698 1915 739 1978 In
759 1915 797 1978 C.
824 1915 972 1978 Caesare
996 1915 1080 1978 mibi
1101 1916 1235 1980 uidetur

188 2014 356 2097 specimen
359 2011 486 2104 fuisse
504 2015 741 2091 humanitatis,
765 2016 861 2092 salis,
879 2015 1073 2094 suavitatis,
1092 2019 1232 2101 leporis.

254 2133 399 2198 Velleius
423 2135 452 2210 2,
481 2135 512 2198 9.
557 2135 689 2198 Eodem
710 2147 825 2200 tractu
846 2150 1039 2220 temporum
1054 2137 1233 2202 nituerunt

189 2249 347 2302 oratores
371 2236 487 2318 Scipio
510 2237 726 2300 Aemilianus
748 2239 976 2323 Laeliusque,
1011 2243 1087 2304 Ser.
1110 2242 1232 2316 Galba,

192 2341 260 2402 duo
275 2339 431 2413 Gracchi,
460 2342 497 2405 C.
522 2339 682 2414 Fannius,
708 2340 819 2403 Carbo
841 2341 1013 2423 Papirius.
1037 2343 1111 2406 Nec
1130 2364 1234 2426 prae·

191 2442 376 2504 tereundus
398 2443 561 2505 Metellus
585 2441 793 2506 Numidicus
822 2454 856 2504 et
888 2446 1058 2516 Scaurus,
1090 2455 1123 2506 et
1155 2455 1235 2506 ante
1339 2525 1340 2528 Ἴ

192 2564 309 2607 omnes
332 2548 373 2608 L.
399 2548 547 2610 Crassus
576 2557 609 2609 et
635 2549 691 2609 M.
715 2543 900 2607 Antonius.
945 2548 1102 2627 Quorum
1127 2546 1234 2608 aetati

191 2645 405 2730 ingeniisque
420 2669 612 2710 successere
628 2650 667 2711 C.
685 2649 814 2711 Caesar
836 2647 973 2722 Strabo,
992 2649 1031 2710 P.
1049 2647 1234 2736 Sulpicius.

254 2768 416 2832 Asconius
449 2766 480 2831 iu
513 2766 716 2832 Scaurianam
742 2790 777 2850 p.
806 2767 855 2834 21.
906 2770 944 2831 C.
969 2767 1081 2832 Iulius
1107 2770 1236 2832 Caesar

190 2871 280 2936 inter
298 2872 433 2954 primos
455 2871 621 2953 temporis
644 2871 700 2934 sui
722 2882 881 2934 oratores
905 2881 939 2932 et
963 2870 1120 2953 tragicus
1132 2881 1237 2953 poeta

189 2975 376 3039 admodum
399 2975 508 3038 bonus
527 2974 663 3038 babitus
685 2985 748 3036 est.

341 3151 368 3206 1.
410 3149 511 3207 Oratio
534 3167 587 3221 pro
609 3150 708 3206 Sardis
733 3151 834 3205 contra
855 3149 888 3206 T.
919 3138 1085 3209 Albucium.

256 3283 304 3342 Ea
326 3291 373 3344 est
395 3279 502 3343 habita
533 3303 563 3344 a.
591 3279 650 3342 051
675 3279 776 3358 (103).
802 3267 889 3344 Vide
912 3293 1005 3344 orat.
1032 3285 1075 3344 Τ.
1101 3281 1237 3344 Albucii

191 3406 225 3465 p.
251 3384 325 3446 270.
349 3381 469 3446 Caesar
486 3383 603 3446 Strabo
630 3385 672 3444 Τ.
703 3381 894 3459 Albucium,
921 3382 977 3466 qui
1004 3406 1030 3448 a.
1064 3383 1124 3448 619
1146 3384 1236 3462 (105)

193 3484 370 3547 Sardiniam
387 3487 466 3546 male
489 3505 648 3569 avareque
666 3485 955 3561 administraverat,
981 3485 1089 3548 Sardis
1117 3506 1237 3567 rogau-

191 3584 274 3649 tibus
308 3589 553 3668 repetundarum
591 3587 784 3668 postulavit,
821 3608 920 3672 eaque
961 3608 1055 3650 causa
1090 3603 1235 3670 magnam

193 3689 376 3752 adolescens
396 3689 514 3754 samam
536 3700 695 3754 assecutus
718 3699 777 3752 est.

257 3788 330 3855 Cic.
358 3793 396 3854 de
428 3792 532 3858 offic.
565 3793 687 3868 2,-11.
739 3791 857 3857 Etiam
886 3793 1063 3858 accusatio
1088 3792 1238 3876 probata

190 3912 356 3975 persaepe
377 3907 440 3960 est.
466 3894 556 3960 Diui
574 3897 681 3977 paulo
703 3907 782 3956 ante
804 3895 845 3957 cle
871 3898 1017 3970 Crasso,
1039 3895 1129 3957 idem
1138 3889 1237 3980 fecit

190 3994 388 4060 adolescens
412 3998 469 4062 M.
498 3995 680 4060 Antonius.
711 3997 828 4060 Etiam
849 3999 889 4060 P.
914 3994 1057 4077 Sulpicii
1079 3997 1236 4074 eloquen-

191 4097 276 4162 tiam
298 4098 475 4164 accusatio
505 4097 703 4163 illustravit.
737 4099 805 4162 Sed
832 4100 896 4160 boc
926 4096 1064 4179 quidem
1091 4106 1235 4156 nonest

191 4221 293 4282 caepe
306 4199 549 4292 faciendum,
567 4219 634 4260 nec
661 4217 824 4280 umquam
852 4198 920 4262 nisi
946 4207 1008 4260 aut
1030 4194 1235 4278 reipublicae

189 4323 316 4378 causa,
349 4300 453 4376 atii,
484 4321 570 4384 quos
597 4311 677 4362 ante
705 4299 794 4377 diui,
819 4311 880 4364 aut
902 4297 1087 4362 ulciscendi
1108 4311 1147 4368 ut
1167 4297 1237 4364 duo
