2984 4842
1146 415 1206 479 tot

156 557 247 624 enim
278 557 443 642 ignorat,
485 560 650 626 diremtos
684 562 853 648 gradibus
884 566 1009 630 aetatis
1027 567 1206 659 floruisse

155 667 219 726 hoc
234 674 388 746 tempore
403 664 601 728 Ciceronem
616 667 842 730 Hortensium
861 688 1009 752 saneque
1026 673 1203 746 Crassum,
1302 708 1306 717 ·

157 769 334 841 Catonem,
358 766 559 848 Sulpiciam,
575 790 725 852 moxque
746 773 904 846 Brutum,
926 770 1109 846 Calidium,
1121 775 1204 836 Coe·

156 869 252 944 lium,
267 871 455 933 Calvumet
473 872 718 952 proximum
737 871 938 937 Ciceroni
960 875 1202 951 Caesarem,

156 991 343 1054 eorumque
380 973 470 1034 velut
516 975 672 1036 alumnos
717 973 902 1038 Coruinum
940 995 981 1034 ac
1018 974 1205 1038 Pollionem

158 1073 332 1136 Asinium.

222 1190 357 1271 Quintil.
392 1195 449 1269 10,
484 1196 518 1269 1,
554 1196 625 1257 tlt.
679 1197 717 1260 C.
747 1197 875 1261 Caesar
901 1193 1044 1285 sisara
1069 1207 1205 1261 tanturn

158 1306 328 1368 vacasset,
367 1315 435 1357 non
464 1296 553 1361 alius
596 1319 644 1359 ex
678 1298 809 1362 nostris
844 1309 967 1361 contra
1007 1297 1205 1364 Ciceronem

157 1396 410 1460 nominaretur.
457 1401 572 1461 Tanta
605 1399 640 1461 in
667 1421 708 1463 eo
738 1400 789 1464 cis
817 1412 885 1475 est,
914 1400 951 1462 id
972 1421 1138 1476 acumen,
1163 1422 1206 1464 ea

156 1499 354 1574 concitatio,
372 1510 410 1562 ut
436 1499 534 1562 illam
559 1501 678 1564 eodem
703 1502 822 1565 animo
844 1501 988 1578 dixisse,
1011 1524 1081 1586 qua
1102 1503 1206 1566 bella·

157 1601 221 1676 uit,
248 1612 427 1684 appareat.
492 1605 656 1666 Exornat
692 1614 805 1666 tamen
843 1605 927 1665 haec
963 1604 1080 1667 omnia
1116 1604 1206 1667 mira

156 1703 343 1780 sermonis,
370 1703 470 1766 cuius
494 1706 638 1788 proprie
663 1705 840 1769 studiosae
851 1702 949 1793 fuit,
977 1705 1162 1788 elegantia.

222 1822 305 1891 lbid.
328 1825 387 1900 12,
420 1825 475 1900 10,
507 1827 558 1887 11.
611 1829 652 1890 ln
685 1825 844 1888 oratione
869 1825 902 1888 si
926 1824 1055 1907 species
1078 1824 1207 1890 intueri

157 1927 260 2001 uelis,
286 1926 429 1989 totidem
458 1950 545 2011 pene
577 1927 731 2011 reperias
761 1927 982 2010 ingeniorum
1016 1938 1099 2010 quot
1129 1949 1206 1992 car·

155 2050 284 2112 porum
301 2027 466 2118 formas.
517 2030 584 2094 Sed
591 2028 708 2119 fuere
730 2029 899 2113 quaedam
921 2049 1050 2111 genera
1072 2028 1207 2092 dicendi

157 2131 353 2194 conditione
369 2143 564 2213 temporum
578 2131 799 2204 horridiora,
815 2131 946 2214 alioqui
962 2151 1125 2214 magnam
1137 2130 1206 2192 iam

160 2232 292 2316 ingenii
307 2232 374 2298 aim
394 2254 481 2315 prae
507 2255 543 2296 se
559 2231 737 2320 ferentia.
761 2232 839 2295 hinc
862 2233 931 2294 sint
955 2232 1077 2306 Laelii,
1102 2229 1206 2321 Afri·

156 2335 246 2410 cani,
268 2337 417 2398 Catones
441 2335 546 2398 etiam
572 2334 797 2418 Gracchique.
833 2333 990 2398 Mediam
1010 2334 1105 2396 illam
1114 2330 1206 2421 for·

159 2457 251 2499 mam
267 2448 403 2500 teneant
418 2440 461 2501 L.
483 2440 651 2512 Crassus,
668 2439 712 2519 Q.
728 2435 950 2500 Hortensius.
978 2438 1069 2498 Tam
1085 2433 1206 2497 deinde

157 2537 370 2631 efflorescat
389 2559 457 2602 non
482 2540 627 2603 multum
652 2537 742 2600 inter
768 2559 804 2600 se
830 2536 1031 2600 distantium
1054 2547 1207 2617 tempore

157 2652 342 2705 oratorum
373 2641 496 2724 ingens
526 2651 726 2723 proventus.
778 2639 844 2704 Hic
869 2638 951 2702 vim
976 2636 1203 2711 Caesaris,

158 2744 309 2806 indolem
327 2743 445 2818 Caelii,
475 2743 696 2806 subtilitatem
721 2740 862 2816 Calidii,
886 2739 1103 2822 diligentiam
1128 2740 1206 2804 Pol·

158 2847 273 2920 lionis,
290 2845 497 2928 dignitatem
511 2847 697 2918 Messalae,
721 2843 939 2907 sanctitatem
961 2840 1072 2915 Calai,
1086 2838 1205 2924 graui-

158 2958 265 3010 tatem
296 2948 412 3023 Bruti,
455 2968 598 3010 acumen
632 2945 797 3028 Sulpicii,
835 2943 1056 3006 acerbitatem
1093 2940 1206 3006 Cassii

159 3049 390 3132 reperiemus:
417 3062 454 3112 at
485 3053 541 3115 M.
567 3048 722 3113 Tullium
742 3067 810 3110 non
835 3046 997 3109 habemus
1020 3043 1114 3106 circa
1128 3044 1207 3125 plu·

159 3151 251 3214 rium
281 3152 411 3214 artium
437 3152 566 3234 species
597 3159 852 3233 praestantem,
883 3147 944 3209 sed
971 3145 1007 3209 in
1037 3144 1206 3220 omnibus,

159 3276 247 3338 quae
270 3252 307 3317 in
333 3277 465 3338 qaoque
489 3254 699 3327 laudantur,
727 3248 1047 3315 eminentissimum.

194 3400 245 3442 aim
263 3395 395 3458 Caesaris]
431 3400 495 3444 conl.
517 3401 598 3459 Quint.
622 3394 667 3454 10,
688 3397 718 3458 2,
739 3393 783 3442 25.
805 3396 833 3450 1,
856 3394 884 3450 l,
907 3392 950 3442 31.

224 3517 343 3580 Salust.
369 3515 467 3581 Catil.
492 3520 544 3581 tt.
590 3522 628 3583 C.
653 3516 837 3582 Caesari
864 3526 897 3577 et
922 3517 978 3578 M.
1003 3514 1126 3578 Catani
1147 3533 1208 3595 ge·

159 3641 243 3694 aas,
273 3632 391 3696 aetas,
415 3621 673 3704 eloquentia
695 3640 805 3701 prope
829 3615 989 3699 aequalia
997 3612 1126 3703 suere.

226 3721 332 3786 Tacit.
356 3721 408 3786 De
431 3721 627 3787 Oratoribus
654 3741 682 3788 c.
710 3720 764 3781 01.
809 3718 1043 3783 Concedamus
1064 3736 1147 3778 sane
1167 3718 1206 3779 C.

160 3823 325 3899 Caesari,
358 3835 396 3887 at
422 3836 568 3909 propter
599 3821 873 3905 magnitudinem
899 3817 1150 3900 cogitationum
1175 3827 1209 3876 et

160 3926 404 4008 occupationes
429 3948 546 3990 rerum
573 3925 687 3986 minus
712 3923 748 3985 in
769 3921 963 4004 eloquentia
986 3913 1208 4008 effecerit

160 4050 265 4114 quam
280 4029 434 4092 diuinam
448 4029 522 4092 eius
546 4025 725 4107 ingenium
745 4005 961 4105 postalcibat,
986 4032 1058 4081 tam
1073 4014 1208 4076 hercule

160 4152 265 4215 qaam
292 4134 441 4195 Brutam
462 4127 702 4212 philosophiae
731 4147 814 4189 suae
844 4123 1097 4203 relinquamus:
1129 4135 1210 4176 nam

161 4233 198 4296 in
227 4233 445 4297 orationibus
484 4228 651 4292 minorem
681 4250 754 4292 esse
775 4226 889 4315 fama
922 4241 985 4282 saa
1013 4218 1117 4281 etiam
1147 4217 1209 4278 ad·

162 4335 349 4399 miratores
368 4319 448 4396 eius
479 4326 674 4418 fatentur,
710 4329 777 4392 nisi
798 4325 906 4416 forte
942 4322 1125 4406 qaisquam
1149 4331 1210 4382 aut
