2992 4844
253 335 314 400 28⁸

252 496 326 560 197.
371 494 538 560 Drunrann
561 505 586 558 t.
610 495 641 557 4.
673 514 707 576 p.
735 491 789 554 50.
836 485 936 550 Coos.
963 487 1070 551 Orant.
1094 487 1133 550 P.
1157 484 1305 570 Sulpicii

251 597 352 676 Rufi.

316 701 548 783 Argumentum
565 696 723 762 orationis
747 715 821 758 strae
844 690 1005 756 Antonius
1023 689 1158 772 exponit
1175 689 1207 752 in
1224 690 1298 756 cic.

250 801 309 864 lib.
354 807 392 865 de
440 803 535 867 Orat.
576 803 611 877 2,
645 802 701 874 48,
743 797 815 862 199.
885 794 1048 860 Omnium
1093 793 1304 855 seditionum

251 926 399 986 genera,
421 905 523 980 vitia,
551 904 709 986 pericula
730 898 853 982 collegi
874 918 1016 980 eamque
1036 895 1233 959 orationem
1256 918 1303 956 ex

250 1007 346 1069 omni
366 1007 450 1089 reip.
471 1022 611 1070 nostrae
635 1017 830 1086 temporum
857 1001 1023 1062 varietate
1048 998 1201 1080 repetivi,
1221 1019 1303 1059 con-

251 1109 403 1192 clusique
427 1110 487 1182 ita,
513 1120 551 1170 ut
580 1108 739 1180 dicerem,
766 1104 830 1166 etsi
847 1124 965 1164 omnes
988 1103 1151 1163 molestae
1169 1122 1303 1182 semper

252 1211 441 1274 seditiones
447 1209 630 1299 fuissent,
656 1210 767 1270 iustus
791 1219 905 1268 tamen
921 1202 1046 1294 fuisse
1063 1205 1246 1264 ncrnnnllas
1269 1213 1303 1264 et
1367 1276 1370 1282 1

248 1334 359 1395 prope
385 1312 610 1374 necessarias.
664 1313 754 1372 Tum
791 1310 870 1383 illa,
905 1329 992 1390 quae
1018 1306 1120 1367 modo
1154 1308 1303 1368 Crassus

252 1415 558 1487 commemorabat,
596 1413 675 1495 egi,
708 1434 815 1496 neque
848 1432 949 1492 reges
983 1431 1030 1470 ex
1068 1410 1131 1470 leuc
1165 1407 1303 1471 civitate

252 1517 351 1598 exigi
374 1538 480 1599 neque
503 1517 658 1578 tribunos
682 1517 731 1595 pl.
758 1513 890 1586 creari,
914 1533 1020 1594 neque
1044 1509 1229 1591 plebiscitis
1251 1521 1303 1570 lo-

250 1619 316 1680 lies
330 1621 552 1705 consularem
567 1628 770 1698 potestatem
787 1614 906 1687 rninui,
934 1635 994 1674 nec
1008 1612 1299 1694 provocationem,

253 1733 445 1803 patronam
471 1721 566 1782 illam
600 1719 748 1780 civitatis
773 1738 813 1777 ac
838 1717 1003 1780 vindicem
1026 1715 1210 1788 libertatis,
1237 1737 1302 1796 po·

248 1825 336 1905 pulo
352 1843 498 1884 romano
521 1820 600 1882 dori
621 1821 694 1881 sine
717 1821 881 1882 nobilium
904 1819 1115 1880 dissensione
1130 1817 1300 1899 potuisse,

253 1945 295 1986 ac
327 1923 358 1986 si
391 1924 470 1984 illae
501 1923 687 1985 seditiones
724 1922 829 1984 saluti
863 1922 941 1984 lucie
971 1921 1102 1984 civitati
1121 1917 1298 2005 fuissent,

252 2045 321 2088 non
348 2027 528 2098 continuo,
558 2025 589 2086 si
618 2026 676 2108 qui
695 2037 808 2088 molus
835 2023 957 2106 populi
972 2022 1104 2113 sactus
1136 2034 1240 2096 esset,
1264 2022 1301 2084 id

254 2131 292 2193 G·
315 2129 483 2193 Norbano
507 2128 543 2188 in
571 2126 715 2216 nefario
741 2127 883 2188 crimine
908 2138 1011 2209 atque
1038 2126 1072 2187 in
1084 2123 1226 2212 fraude
1244 2145 1301 2186 ca·
1393 2160 1395 2167 ν

252 2231 356 2313 pituli
384 2252 458 2292 esse
481 2232 689 2311 ponendum.
736 2229 838 2312 Quod
859 2229 890 2290 si
910 2249 1071 2312 umquam
1089 2231 1220 2310 populo
1244 2249 1302 2290 ro·

254 2353 357 2394 mano
386 2354 584 2394 concessum
605 2345 712 2408 esset,
742 2345 780 2394 ut
800 2332 876 2393 iure
905 2332 1093 2394 concitatus
1115 2330 1299 2404 videretur,

251 2434 289 2496 id
309 2435 400 2517 quod
428 2435 590 2497 docebam
612 2455 714 2516 saepe
744 2456 818 2496 esse
840 2454 1057 2505 concessum,
1086 2435 1216 2494 nnllam
1241 2432 1301 2493 illa

251 2557 393 2598 causam
428 2536 608 2605 iustiorem
633 2535 762 2619 fuisse.
824 2539 915 2598 Tum
945 2557 1080 2596 omnem
1108 2534 1301 2596 orationem

251 2639 399 2700 traduxi
414 2651 446 2700 ec
461 2639 614 2700 converti
633 2640 667 2700 in
692 2638 937 2720 increpandam
957 2638 1138 2718 Caepionis
1142 2636 1297 2724 fingam,

252 2739 288 2802 in
321 2741 570 2822 deplorandum
599 2741 777 2804 interitum
808 2741 1004 2810 exercitum
1035 2739 1084 2800 sie·
1116 2751 1147 2800 el
1180 2759 1300 2802 eorum

253 2840 423 2916 dolorem,
450 2844 509 2926 qui
535 2843 697 2925 lugebant
725 2865 824 2918 suos,
855 2841 1011 2905 oratione
1034 2839 1247 2929 refricabam
1267 2853 1301 2904 el

251 2945 384 3008 animos
407 2947 559 3027 equilum
583 2967 820 3018 romanorum,
847 2945 942 3026 aliud
964 2965 1049 3028 quos
1075 2956 1149 3004 tum
1170 2942 1300 3006 iudices

251 3067 357 3108 causa
372 3048 551 3130 agebatur,
577 3048 624 3109 ud
648 3053 689 3132 Q.
718 3047 900 3130 Caepionis
922 3047 1051 3121 odium,
1073 3067 1095 3106 a
1115 3068 1182 3130 quo
1199 3057 1300 3106 erant

252 3147 320 3229 ipsi
353 3162 499 3230 propter
535 3151 665 3212 iudicia
696 3149 898 3222 abalienati,
934 3149 1152 3211 renovabam.
1188 3169 1218 3209 c.
1244 3147 1297 3210 49.

252 3250 355 3331 Quod
382 3251 439 3312 ubi
462 3252 554 3314 sensi
576 3275 628 3313 me
654 3253 689 3313 in
714 3252 934 3334 possessione
966 3251 1087 3313 iudicii
1115 3271 1155 3310 ac
1176 3248 1300 3338 defen-

252 3351 361 3415 sionis
378 3374 472 3414 meae
494 3355 700 3428 constitisse,
726 3354 818 3436 quod
840 3367 873 3415 et
892 3355 1014 3435 popcli
1035 3353 1301 3414 benevolenciam

253 3455 336 3516 milri
377 3456 617 3531 conciliarum,
654 3456 752 3518 cuius
784 3456 839 3517 ius
875 3457 979 3518 etiam
1014 3477 1090 3516 cum
1121 3453 1300 3516 seditionis

182 3627 190 3638 .
251 3557 490 3619 coniunctione
520 3556 765 3646 defenderam,
803 3571 835 3620 et
863 3559 1016 3620 iudicum
1045 3557 1180 3618 animos
1208 3567 1301 3618 totos

251 3663 303 3721 vel
322 3660 518 3721 calamitate
541 3661 687 3722 civitatis
711 3663 761 3722 vel
783 3663 876 3724 luctu
898 3683 939 3722 ac
962 3660 1134 3722 desiderio
1155 3657 1300 3740 propin·

251 3783 398 3845 quorum
428 3763 479 3823 vel
510 3762 590 3823 odio
615 3763 762 3844 proprio
795 3763 830 3824 in
864 3763 1069 3843 Caepionem
1091 3763 1136 3822 ad
1158 3781 1301 3821 causam

251 3875 406 3924 nostram
436 3877 689 3925 converteram:
725 3877 806 3926 lunc
842 3866 1029 3926 admiscere
1065 3863 1144 3924 huic
1180 3859 1300 3942 generi

251 3965 422 4027 orationis
439 3966 626 4027 vehementi
648 3977 749 4048 atque
771 3968 883 4028 atroci
904 3989 1015 4048 genus
1037 3966 1123 4028 illud
1136 3968 1296 4038 alterum,

251 4065 293 4126 de
326 4087 393 4149 quo
433 4077 513 4127 ante
549 4067 739 4148 disputavi,
775 4071 926 4130 lenitatis
959 4081 992 4130 et
1026 4065 1300 4130 mansuetudinis

251 4168 347 4248 coepi
353 4190 365 4240 ,-
388 4189 440 4229 me
460 4189 528 4249 pro
552 4191 627 4231 meo
649 4170 780 4244 sodali,
812 4172 871 4254 qui
894 4171 987 4233 milri·
1000 4171 1035 4232 in
1058 4171 1202 4232 liberum
1225 4171 1302 4230 loco

252 4289 348 4330 more
371 4268 543 4331 maiorum
565 4292 639 4333 esse
661 4272 815 4346 deberet,
839 4286 960 4356 cipro
983 4294 1059 4335 mea
1080 4271 1175 4336 omni
1184 4267 1299 4360 fama
