2958 4840
1201 352 1260 414 555

203 541 269 582 non
280 518 399 611 flexit
422 520 565 586 sortitum,¹
587 512 836 594 experiendum
863 532 900 574 se
930 513 1022 576 dedit
1045 514 1170 582 Seiano
1202 514 1249 580 ad

202 625 294 683 latus
314 619 433 692 stanti,
457 639 560 702 quam
581 615 752 696 patienter
773 623 890 693 posset
912 633 995 677 suos
1016 615 1174 694 perdere.

242 763 343 823 Seiano]
381 766 451 821 vutgo
469 764 584 808 creditum
605 765 651 813 est,
677 773 690 802 a
710 757 797 802 Seisno
817 771 909 801 veneno
928 763 1036 804 necatum
1050 759 1152 802 Drusum
1171 759 1256 816 filium,

272 853 311 909 qui
330 855 433 907 pessima
453 863 509 895 usus
528 839 671 906 cratianus,
690 847 757 890 sust.
774 845 831 889 Tib.
853 842 896 890 62.
918 845 997 892 'facit
1013 847 1098 890 asaal.
1120 843 1145 900 4,
1160 844 1187 892 8·
1211 849 1256 896 Dia

271 941 343 984 Cass.
364 941 381 983 l.
404 935 446 991 57,
468 935 509 992 13,
530 936 572 982 22.

267 1039 375 1101 Tacit.
401 1037 519 1099 Annei,
544 1039 574 1110 lt,
601 1036 652 1099 tt.
698 1032 878 1096 Laudante
894 1029 1018 1107 filium
1039 1053 1105 1111 pro
1128 1036 1254 1098 rostris

205 1141 357 1212 Tiberio,
382 1148 522 1201 senatus
542 1139 758 1218 populusque
780 1133 933 1196 habitum
954 1155 995 1198 ac
1018 1154 1113 1196 uoces
1136 1135 1252 1196 dolen·

206 1255 281 1302 tum
303 1239 523 1302 simulatione
546 1238 659 1319 magis
675 1257 779 1319 quam
791 1236 897 1300 tibens
914 1236 1086 1308 induebat,
1100 1237 1256 1300 domum·

205 1363 270 1424 quc
291 1340 490 1404 Germanici
512 1339 717 1400 revirescere
739 1337 863 1399 occulti
884 1339 1114 1400 laetabantur.
1185 1378 1190 1388 ·

402 1479 431 1534 6.
471 1477 624 1533 Orationes
644 1476 680 1530 do
700 1474 822 1530 comitiis
842 1477 1052 1532 consularibus.

273 1607 423 1676 Tiberius
446 1629 509 1670 non
533 1607 602 1688 ipse
625 1625 682 1666 suo
706 1601 840 1665 arbitrio
865 1605 1011 1666 consules
1034 1628 1145 1670 creare
1168 1588 1253 1672 sole.

209 1717 276 1788 bat,
301 1714 354 1773 sed
378 1709 578 1773 orationibus
601 1707 634 1769 in
650 1717 758 1768 senatu
775 1704 890 1766 habitis
906 1707 1098 1783 candidatos,
1118 1731 1254 1793 quorum

212 1813 366 1878 rationem
391 1811 501 1876 haberi
526 1809 639 1885 voluit,
663 1811 914 1872 commendabat.
939 1811 1003 1875 Dio
1028 1812 1117 1878 Cass.
1135 1815 1185 1890 58,
1203 1817 1254 1878 20.

274 1915 381 1977 'sacia
407 1913 633 1988 Annal.1,81.
660 1913 712 1974 De
734 1911 881 1974 comitiis
903 1917 1151 1996 consularibus,
1172 1939 1259 2004 quae

210 2030 284 2080 tum
311 2016 463 2098 primum
495 2018 554 2077 illo
580 2012 739 2096 principe
774 2033 815 2072 ae
843 2013 1000 2096 deinceps
1022 2016 1160 2102 fuere,
1199 2020 1259 2080 vix

211 2119 395 2201 quidquam
418 2114 570 2193 serma're
599 2114 732 2176 ausim:
768 2114 855 2175 adeo
884 2114 1019 2176 diversa
1056 2139 1124 2177 non
1158 2120 1259 2181 modo

211 2219 305 2300 apud
326 2231 505 2290 auctores,
530 2216 653 2279 sedin
682 2215 825 2296 ipsius
854 2218 1133 2282 orationibus
1164 2242 1258 2300 repe·

209 2322 360 2390 riuntur.
406 2319 509 2380 modo
548 2318 733 2381 subtractis
766 2317 1032 2380 candidatorum
1065 2321 1260 2385 nominibus

212 2423 383 2503 originem
405 2421 569 2502 cuiusque
591 2433 624 2481 et
647 2419 804 2481 vitamet
827 2419 1000 2499 stipendia
1017 2421 1206 2501 descripsit,
1223 2436 1260 2486 ut

212 2524 270 2607 qui
280 2521 412 2611 forent
434 2522 686 2604 intelligeretur
693 2543 705 2592 ,·
725 2521 911 2602 aliquando
933 2542 974 2582 ea
996 2543 1128 2604 quoque
1150 2524 1258 2606 signi·
1332 2558 1333 2562 ,

205 2624 377 2702 ficatione
412 2624 590 2685 subtracta
624 2623 826 2686 candidatos
863 2625 1022 2688 hortatus
1054 2645 1097 2686 ne
1128 2626 1259 2692 ambitu

209 2725 352 2789 comitia
374 2726 566 2798 turbarent,
591 2746 693 2787 suam
714 2726 817 2786 adid
839 2747 960 2788 curam
990 2729 1164 2809 pollicitus
1192 2742 1257 2795 est.

208 2831 409 2910 plerumque
431 2848 489 2889 eos
511 2839 647 2890 tantum
678 2829 773 2910 apud
804 2850 840 2890 se
865 2828 1050 2917 professos
1078 2825 1255 2906 disseruit,

209 2951 357 3014 quorum
378 2928 520 2992 nomina
539 2931 736 2993 oonsulibus
757 2930 931 2993 edidisset.
968 2953 1071 3012 posse
1103 2944 1137 2997 et
1169 2934 1258 2998 alios

208 3031 384 3113 profiteri,
409 3031 440 3094 si
461 3032 598 3114 gratiae
619 3044 681 3093 aut
703 3032 835 3094 rneritt's
857 3033 1083 3110 confiderent.
1102 3035 1258 3116 speciosa

210 3134 332 3210 verbis,
350 3156 387 3196 re
410 3135 529 3195 inania
543 3148 606 3196 aut
627 3135 782 3208 subdola,
806 3147 999 3218 quantoque
1015 3136 1146 3198 maiore
1158 3138 1258 3200 liber·

209 3237 293 3297 tatis
315 3236 467 3319 imagine
488 3239 705 3321 tegebantur,
729 3248 826 3301 tanto
837 3250 1007 3319 eruptura
1020 3239 1067 3300 ad
1082 3237 1258 3330 infensius

210 3338 403 3400 servitiam.

249 3461 300 3498 tum
316 3453 439 3514 primum]
475 3471 497 3499 n.
520 3471 543 3500 n.
566 3454 615 3501 768
634 3452 701 3517 (15).

674 3575 798 3630 Incerta.

276 3683 409 3742 Sueton.
433 3680 548 3743 Tiber.
580 3683 632 3746 28.
680 3681 831 3742 Tiberius
858 3683 1013 3746 iactabat:
1046 3686 1082 3746 in
1117 3689 1253 3753 ciuitate

214 3781 323 3845 libera
348 3782 505 3860 linguam
532 3793 743 3864 mentemque
771 3781 896 3845 liberas
928 3806 1001 3848 esse
1034 3787 1167 3852 debere.
1213 3793 1257 3853 Et

212 3886 389 3967 quondam:
404 3883 485 3946 Non
507 3894 642 3946 tantum
664 3883 728 3946 otii
748 3884 920 3959 babemus,
939 3899 977 3948 ut
997 3888 1174 3969 implicare
1190 3911 1253 3954 nos

210 3983 363 4069 pluribus
385 3983 534 4065 negotiis
556 3985 750 4048 debeamus.
792 3986 829 4049 si
850 3989 935 4048 hanc
954 3987 1160 4076 fenestram
1182 4013 1261 4074 ape·

212 4085 366 4158 meritis,
391 4086 476 4148 nibil
496 4086 593 4149 aliud
618 4087 680 4170 agi
701 4088 840 4151 sinetis:
871 4090 1024 4151 omnium
1056 4090 1258 4159 inimicitiae

212 4192 276 4253 hoc
295 4200 481 4272 praetexto
503 4191 551 4252 ad
564 4211 627 4253 nos
642 4187 859 4280 afferentur.
887 4191 986 4252 Extat
1001 4203 1033 4253 et
1051 4214 1157 4260 sermo
1174 4195 1259 4261 eius:

213 4290 251 4355 si
271 4292 408 4377 quidem
430 4294 565 4358 locutus
588 4291 693 4357 aliter
704 4290 839 4381 fuerit,
863 4291 952 4355 dabo
973 4315 1126 4375 operam,
1150 4311 1189 4363 ut
1203 4321 1260 4363 ra-
