2976 4844
1170 371 1208 432 81

155 527 292 592 maxime
316 531 530 600 admiraretur,
559 528 648 610 qnod
672 522 935 605 pretiosissimum
965 538 1045 602 erat,
1072 525 1210 608 inspera-

154 643 267 708 tores,
291 633 460 695 redeuntes
491 651 531 690 ea
565 627 655 690 bellis
688 627 737 688 vel
771 649 810 690 ex
843 627 1022 709 provinciis
1047 630 1208 704 subactis,

155 731 276 796 nomini
299 754 358 796 suo
380 731 549 794 inanimum
573 750 611 792 eo
638 729 841 809 splendorem
863 729 999 824 adiicere
1030 731 1210 813 cupiebant,

156 847 277 900 utnon
303 834 406 898 solum
437 832 684 916 pulcherrimam
710 835 847 912 praedae
872 844 1007 914 partem,
1038 833 1124 896 velut
1145 846 1206 897 sta·

154 947 243 1010 tuas,
267 957 370 1012 -vasa,
398 947 525 1010 vestes,
552 935 584 998 in
611 934 738 1016 templis
760 947 791 998 et
818 935 902 1000 soris
928 935 1065 1017 publicis
1092 947 1208 1000 statue·

155 1051 237 1113 rent,
262 1042 318 1102 sed
342 1062 384 1104 ex
410 1039 562 1120 pecnnia,
587 1039 743 1121 quamde
769 1041 887 1118 praeda
911 1041 1128 1112 redemerant,
1156 1060 1207 1102 ar·

153 1139 296 1205 tificiosa
322 1161 432 1224 opera,
458 1153 575 1203 statuas
603 1159 725 1213 aureas,
750 1159 901 1216 coronas,
928 1140 1062 1222 clipeos,
1087 1141 1207 1204 facien·

155 1247 194 1306 da
217 1257 379 1306 curarent.
427 1241 511 1307 Cato
541 1240 641 1323 igitur
669 1239 742 1304 huic
765 1239 888 1304 libidini
915 1242 1125 1306 resistendum
1156 1265 1206 1306 ra·

153 1356 215 1419 tus,
244 1345 420 1427 praecepit,
448 1366 487 1407 ne
512 1343 571 1406 alia
597 1343 701 1426 spolia
727 1343 759 1405 in
786 1343 910 1425 templis
935 1345 1123 1427 figerentur,
1147 1345 1207 1406 nisi

157 1469 239 1531 quae
264 1449 302 1509 de
327 1449 419 1510 hoste
445 1459 537 1528 capta
562 1457 678 1508 essent.

219 1551 333 1612 Festus
352 1572 386 1631 p.
407 1550 481 1612 281.
507 1549 701 1632 Resignare
722 1547 844 1631 antiqui
863 1568 924 1629 pro
946 1549 1128 1613 rescribere
1146 1570 1206 1631 po·

155 1654 282 1726 nebant,
299 1663 333 1714 nt
345 1655 448 1716 adhuc
460 1651 649 1734 subsignare
670 1648 805 1712 dicimus
815 1670 877 1730 pro
898 1650 1116 1716 subscribere.
1141 1657 1206 1718 Ca·

154 1755 251 1818 tede
273 1755 408 1837 spoliis,
426 1754 694 1837 nefigerentur,
723 1752 792 1815 nisi
812 1774 899 1836 qaae
922 1754 964 1816 de
978 1755 1092 1835 ho(ste
1104 1766 1208 1836 capta

153 1869 288 1920 essent:
318 1857 378 1920 sed
403 1869 495 1930 tum,
525 1858 583 1920 ubi
615 1857 641 1919 ii
672 1854 808 1918 dimissi
836 1859 934 1936 sunt)
965 1859 1202 1936 rev(ertantur

154 1959 342 2042 resignatis
366 1960 621 2042 vectigalibus.)

189 2103 236 2148 sed
257 2111 309 2149 tam
328 2102 387 2162 eta]
431 2106 482 2150 llos
512 2106 673 2164 fragmentum
696 2119 725 2148 er
749 2105 834 2148 neruo
858 2107 993 2162 suppletum
1017 2113 1071 2160 est,
1104 2113 1129 2150 nt
1152 2118 1206 2150 inor

223 2195 357 2249 apparebit.

219 2330 349 2394 Servius
377 2335 416 2394 ad
440 2330 540 2414 Virg.
566 2331 652 2394 Aen.
682 2333 711 2407 lt,
741 2333 815 2394 tlt.
852 2333 998 2394 Tradunt
1022 2334 1206 2416 resignare

156 2446 277 2499 vetuste
300 2433 343 2496 ita
366 2434 498 2512 dietum,
524 2446 557 2496 ut
581 2455 640 2498 nos
663 2433 853 2516 adsignare
880 2433 1013 2496 dicimus
1033 2457 1096 2516 pro
1121 2439 1206 2498 dam·

155 2557 222 2611 no,
263 2547 296 2598 nt
325 2548 372 2598 est
399 2541 483 2619 apud
519 2541 685 2601 Catonem
714 2537 751 2598 in
782 2540 823 2598 L.
848 2537 991 2598 Furiam
1021 2538 1062 2598 (le
1092 2528 1206 2621 aqua:

154 2639 255 2722 Quod
277 2639 401 2702 attinet
425 2641 472 2701 ad
499 2640 706 2702 salinatores
733 2639 907 2711 aerarios,
937 2639 993 2700 cni
1019 2659 1107 2701 eura
1132 2662 1204 2702 vee-

154 2741 336 2823 tigalium,
365 2743 534 2826 resignat.
581 2755 612 2805 et
639 2742 728 2803 idem
757 2742 792 2802 in
817 2741 999 2816 oratione,
1026 2763 1066 2803 ne
1094 2743 1206 2824 spolia

148 2841 372 2924 figerentur,
398 2845 467 2908 nisi
492 2845 533 2907 de
559 2847 660 2908 hoste
686 2857 810 2919 capta:
838 2845 905 2908 Sed
926 2857 1000 2906 tum
1025 2844 1083 2907 nbi
1104 2845 1130 2907 ii
1153 2845 1204 2905 di-

157 2946 253 3008 missi
277 2959 370 3022 sunt,
399 2959 619 3010 revertantur
648 2947 838 3029 resignatis
864 2947 1099 3028 vectigalibus.

366 3217 414 3274 tn.
450 3217 570 3288 Oratio,
596 3221 635 3275 uti
660 3220 781 3276 basilica
807 3219 986 3274 aedificetur.

219 3367 335 3431 Livius
360 3368 418 3431 lib.
445 3369 495 3443 39,
525 3372 577 3431 tl.
621 3372 707 3433 Cato
728 3371 823 3431 atria
848 3369 936 3442 due,
966 3369 1147 3432 Maenium
1172 3383 1204 3431 et

156 3470 305 3544 litium,
336 3471 371 3532 in
397 3473 578 3535 lautumiis
604 3485 637 3535 et
665 3484 816 3555 prratuor
843 3472 1004 3533 tabernas
1031 3472 1065 3532 in
1090 3473 1197 3552 publi·

154 3594 230 3634 enm
253 3574 350 3650 emit,
372 3575 616 3660 basilicamque
639 3575 686 3636 ibi
701 3572 804 3662 feeit,
832 3595 919 3657 pirae
943 3573 1068 3636 Porcia
1088 3579 1202 3656 appel-

153 3677 224 3737 lata
245 3689 310 3739 est.
355 3677 406 3740 De
429 3677 557 3760 pretio,
586 3698 652 3762 quo
676 3676 806 3738 basilica
834 3697 850 3736 a
876 3673 1000 3738 Catone
1026 3678 1204 3746 locabatnr,

154 3776 327 3862 magnalis
352 3779 457 3842 luerat
482 3791 565 3856 orta,
594 3791 627 3842 ut
653 3779 847 3842 Plutarchus
872 3789 984 3840 auctor
1012 3791 1060 3841 est
1087 3802 1116 3840 c.
1141 3779 1201 3842 19:

153 3876 271 3946 Helia
293 3882 328 3946 δὲ
348 3887 403 3946 καὶ
422 3878 505 3967 πρὸς
521 3878 579 3963 τὴν
601 3881 661 3963 τῆς
677 3883 863 3968 lineriensis
882 3878 1088 3962 κατασκευὴν
1108 3876 1205 3959 rinen-

153 3977 346 4064 τιώθησαν,
372 3978 412 4063 ἣν
434 3984 554 4061 ἐκεῖνος
577 3984 610 4050 ἐκ
630 3979 806 4070 χρημάτων
830 3985 946 4052 κοινῶν
970 3978 1034 4048 ὑπὸ
1061 3980 1205 4062 resten-

152 4079 323 4171 λευτήριον
349 4087 387 4178 τῇ
415 4082 525 4174 ἀγορᾷ
552 4089 718 4175 παρέβαλε
749 4093 804 4152 καὶ
836 4087 987 4171 Πορκίαν
1019 4081 1205 4163 Bastitania

152 4183 402 4275 προςηγόρευσε.

215 4289 266 4352 De
297 4289 418 4352 Porcia
454 4291 585 4355 basilica
613 4291 685 4355 vide
715 4291 843 4354 Bunsen
874 4286 1117 4372 Beschreibung
1146 4291 1202 4351 der

199 4413 273 4454 Maiori
285 4415 341 4453 Orat.
350 4413 408 4453 Rem
418 4415 499 4466 Fragm.
516 4417 547 4454 ed.
557 4415 578 4456 2.
1002 4416 1021 4474 6
