2984 4842
263 353 326 416 tto

264 507 377 576 Clodii
395 510 595 572 uulneratus
616 525 712 580 sum,
737 515 771 566 et
794 502 987 566 hominibus
1014 501 1160 565 armatis
1177 502 1309 585 praesi-

265 611 333 675 diis
353 609 529 693 dispositis
558 629 581 670 a
615 607 790 690 republica
820 617 972 670 remotus
993 625 1091 677 sums
1122 607 1184 669 Cn.
1209 607 1308 667 Pom·

265 714 365 796 peius
398 714 553 775 obsessus
591 722 654 772 est.
708 712 795 773 Cum
827 711 1000 789 appeller,
1029 727 1096 769 non
1125 717 1207 768 utar
1235 707 1308 770 eius

267 816 445 896 exemplo,
469 834 569 899 quem
591 812 765 893 vitupero,
793 822 826 873 et
848 809 1014 873 iudicium
1039 810 1171 871 tollam.

300 973 334 1004 cu
352 956 433 1016 Actis]
470 959 528 1002 Acts
554 959 638 1002 diurna
665 955 818 1000 continebant
845 956 941 1008 omnic,
968 967 1028 1011 quse
1047 955 1070 1000 in
1090 953 1145 996 loro
1164 957 1204 997 snt
1223 958 1306 997 senatu

333 1048 438 1104 qnotidie
464 1045 610 1105 agebantur,
636 1058 678 1089 nec
703 1057 749 1087 non
778 1043 916 1101 orationes,
942 1055 1001 1097 qnae
1030 1045 1054 1084 et
1077 1041 1100 1083 in
1128 1039 1221 1084 indiciis
1240 1045 1263 1084 st
1281 1042 1304 1084 in

334 1139 417 1179 senatu
431 1133 588 1178 habebantur.
608 1131 795 1177 Conticuere
813 1128 867 1174 Du
885 1128 1016 1172 lournuux
1026 1127 1113 1184 parmi
1126 1128 1165 1172 les
1180 1125 1308 1172 Romulus.

334 1233 358 1276 p.
379 1217 439 1265 235.
460 1217 520 1266 2³9.
548 1220 739 1264 Liebeckiilmius
757 1223 836 1262 antem
855 1219 878 1260 in
906 1216 1041 1260 Commeat.
1066 1217 1095 1260 de
1118 1214 1221 1259 diurnis
1239 1214 1310 1260 Actis

336 1321 360 1364 p.
381 1305 422 1369 4.,
442 1310 481 1365 qni
499 1314 556 1352 acta
574 1307 667 1353 diurna
693 1307 722 1350 cb
745 1305 811 1349 actis
834 1303 981 1348 iudiciariis
999 1317 1041 1347 sen
1057 1299 1205 1360 forensibus
1225 1304 1309 1348 distin·

335 1397 428 1454 suenda
440 1409 493 1439 csse
506 1395 647 1448 arbitratur,
667 1407 697 1439 cx
715 1394 775 1438 sctis
794 1392 932 1436 forensibus
952 1391 996 1435 hoc
1017 1388 1175 1449 fragmentum
1189 1392 1310 1436 concionis

337 1488 474 1538 excerptum
493 1483 577 1527 scribit

302 1569 347 1615 boc
366 1567 522 1628 apparitore]
559 1569 684 1613 Damione.

301 1659 355 1702 eius
373 1655 498 1715 exemplo]
535 1657 624 1701 Clodii.

493 1811 585 1870 XCII.
628 1811 659 1868 Τ.
681 1811 824 1870 Munatius
843 1811 961 1867 Plancus
981 1811 1083 1867 Bursa.

332 1923 496 1986 Tribunus
525 1924 629 2006 plebis
659 1945 689 1985 a.
719 1924 779 1984 702
801 1922 881 2001 (52).
918 1921 1017 1986 Coni.
1042 1921 1206 1984 Drnmann
1229 1932 1254 1984 t.
1278 1923 1310 1984 lt.
1382 1987 1384 1992 ,

266 2046 301 2106 p.
327 2026 398 2094 213.

643 2128 750 2185 Contio
771 2127 933 2184 tribunicia.

332 2239 496 2301 Munatius
509 2243 547 2302 de
564 2261 641 2302 nece
655 2238 766 2303 Clodii
781 2261 810 2302 a.
830 2240 889 2301 702
905 2239 973 2317 (52)
988 2237 1176 2301 concionem
1189 2237 1310 2312 habuit,

209 2339 212 2350 ⁴
269 2326 359 2403 cuins
383 2351 470 2403 extat
491 2341 705 2424 fragmentum
737 2345 820 2424 apud
843 2341 1018 2405 Ascanium
1046 2340 1077 2402 in
1102 2338 1311 2421 Milonianum

268 2465 303 2523 p.
328 2443 380 2508 38.
413 2447 519 2508 clnter
538 2445 671 2525 primos
693 2456 726 2506 et
749 2448 787 2509 C.
816 2444 988 2508 Salustius
1010 2447 1104 2525 etQ.
1129 2442 1312 2523 Pompeius

266 2557 300 2608 et
322 2549 367 2608 Τ.
391 2547 622 2610 Munatius
646 2550 831 2610 Plancus
854 2546 984 2608 tribuni
1011 2546 1120 2629 plebis
1146 2543 1311 2608 inimicis·

269 2647 377 2710 simas
393 2648 572 2710 conciones
590 2648 631 2711 de
650 2650 783 2712 Milone
805 2649 982 2721 habebant,
1004 2648 1193 2710 invidiosas
1208 2647 1312 2708 etiam

269 2749 311 2811 de
332 2750 506 2824 Cicerone,
531 2752 623 2835 quod
647 2753 816 2816 Milonem
838 2762 935 2814 tanto
958 2751 1073 2814 studio
1096 2747 1311 2840 defenderet.

268 2851 356 2914 idem
385 2873 419 2931 p.
451 2853 504 2913 tt.
558 2852 627 2916 Sed
654 2875 739 2936 ego,
770 2865 808 2916 ut
839 2853 1011 2916 curiosius
1040 2853 1147 2915 aetati
1180 2863 1314 2914 vestrae

268 2952 501 3043 satisfaciam,
528 2957 618 3018 Acta
640 2956 744 3018 etiam
770 2957 877 3018 totius
901 2954 993 3018 illius
1015 2954 1181 3036 temporis
1199 2974 1312 3035 persc-

268 3067 368 3118 cutus
390 3079 482 3130 sum,
508 3058 543 3120 in
570 3058 691 3140 quibus
715 3059 878 3141 cognovi,
905 3057 1019 3139 pridie
1040 3059 1123 3122 Kal.
1151 3067 1250 3118 mart.
1275 3058 1312 3119 S.

269 3156 562 3247 assuefactum,
580 3161 619 3221 P.
642 3160 754 3224 Clodii
778 3161 916 3221 caedem
939 3172 972 3221 et
987 3159 1181 3220 incendium
1197 3158 1314 3220 curiae

268 3271 302 3321 et
336 3260 628 3341 oppugnationem
661 3261 798 3322 aedium
829 3263 884 3323 M.
921 3259 1044 3339 Lepidi
1077 3270 1198 3321 contra
1225 3281 1314 3321 rem-

267 3360 437 3442 publicam
450 3357 619 3448 factam;
656 3363 748 3421 ultra
784 3364 931 3422 relatum
963 3360 997 3420 in
1033 3359 1130 3422 Actis
1165 3360 1224 3420 ilio
1259 3362 1315 3423 die

268 3459 370 3530 nihil:
386 3471 536 3540 postero
551 3459 625 3531 die,
654 3460 691 3521 id
714 3472 785 3530 est,
814 3463 896 3525 Kal.
925 3472 1030 3522 mart.
1055 3461 1257 3523 Munatium
1278 3461 1316 3524 in

268 3559 430 3623 concione
456 3560 658 3642 exposuisse
685 3564 833 3644 populo,
857 3563 944 3648 quae
968 3563 1081 3645 pridie
1109 3575 1189 3626 acta
1214 3575 1316 3646 erant

267 3664 304 3727 in
332 3675 474 3738 senatu,
499 3663 535 3725 in
567 3683 636 3746 qua
668 3664 830 3729 concione
855 3669 937 3728 haec
964 3665 1058 3728 discit
1087 3666 1135 3729 ad
1158 3668 1315 3730 uerbum:

269 3766 372 3850 Quod
385 3769 428 3848 Q.
445 3767 654 3829 Hortensius
670 3767 830 3842 dixisset,
856 3780 895 3830 ut
919 3780 1024 3831 extra
1040 3770 1195 3832 ordinem
1208 3789 1314 3852 ¹quae·

268 3881 404 3932 reretur
432 3868 527 3949 apud
560 3882 795 3952 quaestorem,
829 3871 1014 3935 aestimare
1038 3870 1231 3958 futurum,
1262 3882 1312 3945 ut,

268 3993 344 4034 cum
366 3971 531 4053 pusillum
557 3971 682 4034 edisset
708 3973 917 4050 dulcedinis,
942 3975 1089 4056 largiter
1117 3972 1315 4036 acerbitatis

271 4074 464 4136 devoraret.
515 4073 692 4137 Aduersus
722 4075 894 4138 hominem
928 4076 1145 4158 ingeniosum
1174 4075 1314 4158 ingenio

269 4176 325 4236 usi
358 4197 496 4249 sumum·
526 4175 716 4238 invenimus
750 4177 914 4256 liuditum,
939 4178 998 4263 qui
1023 4179 1150 4241 diceret
1175 4177 1313 4241 Diuide.

271 4277 433 4357 Reliquae
439 4278 535 4358 parti
544 4281 733 4343 sententiae
744 4301 812 4362 ego
823 4291 855 4343 et
867 4280 1038 4346 Salustisss
1047 4279 1313 4344 intercessimus.
