2992 4840
1184 365 1244 428 229

188 529 221 580 et
245 516 338 580 vobis
362 527 394 578 at
417 515 623 597 reipublicae
644 527 678 579 et
699 515 765 578 sibi
783 518 1011 582 communiter
1032 521 1236 605 prospiciat,

188 638 258 682 non
281 617 341 702 qui
358 639 428 700 pro
449 621 724 703 syllahumauem
745 619 906 682 trucidet.

222 777 272 821 pro
294 759 511 822 syllabumanrm]
548 769 696 819 corruptum.
714 777 763 822 pro
783 765 852 824 sylla
864 762 990 810 bominem
1008 769 1107 814 Putscb.
1127 783 1174 816 noo
1195 773 1241 814 mi-

259 865 304 896 nus
327 855 451 906 corrupte.

253 968 421 1035 Charisius
442 991 477 1051 p.
503 971 577 1034 119.
607 972 794 1037 Iniuriose.
822 976 865 1038 G.
883 976 1083 1050 Gracchus,
1109 979 1162 1040 uti
1182 981 1241 1041 lex

189 1073 332 1154 Papiria
368 1073 585 1155 accipiatur:
641 1077 696 1138 Ne
730 1097 903 1160 quaquam
941 1076 1107 1142 iniuriose
1142 1081 1238 1144 uobis

188 1177 432 1238 contumeliam
455 1175 587 1258 imponi
609 1177 746 1241 sinatis.

253 1287 382 1352 Charis.
412 1310 448 1369 p.
474 1289 547 1350 tut.
595 1291 855 1374 Usquequaque.
886 1295 927 1358 G.
952 1295 1151 1368 Gracchus,
1187 1295 1238 1357 uti

188 1393 247 1453 lex
266 1388 410 1471 Papiria
430 1390 644 1473 accipiatur:
678 1395 791 1476 Usque
817 1414 949 1477 quaque
971 1397 1117 1458 curauit.

388 1681 417 1738 3.
454 1678 554 1736 Oratio
574 1681 611 1736 de
632 1681 696 1750 lege
719 1680 810 1736 Penni
832 1685 861 1739 et
881 1685 1050 1754 peregrinis.

258 1830 312 1893 M.
333 1827 445 1892 lisoius
469 1830 596 1892 Pennus
619 1830 763 1893 tribunus
787 1831 832 1914 pl.
860 1854 888 1895 a.
908 1832 968 1894 628
992 1835 1083 1914 (tto)
1109 1835 1239 1898 vexavit

188 1932 231 1997 C.
262 1932 446 1995 Gracchum
477 1932 550 2016 lege
578 1932 802 2016 promulgata,
833 1945 867 1996 ut
895 1936 1061 2018 peregrini
1088 1959 1128 1999 ex
1157 1940 1237 2002 urbe

187 2037 294 2100 Roma
317 2036 570 2118 expellerentur,
594 2035 764 2118 quominus
785 2039 898 2099 turbae
921 2037 1049 2114 civiles,
1075 2061 1155 2124 quae
1171 2051 1237 2102 tum

186 2137 357 2222 quotannis
385 2137 455 2200 sere
481 2136 708 2218 rempublicam
739 2138 945 2215 lacerabant,
985 2140 1067 2204 oriri
1091 2154 1235 2222 possent.

189 2241 253 2302 Sed
275 2238 316 2304 C.
337 2242 521 2315 Gracchus,
546 2240 602 2326 qui
624 2251 689 2301 tum
713 2253 865 2327 quaestor
889 2254 971 2318 erat,
994 2243 1061 2325 legi
1077 2243 1181 2306 Penni
1203 2267 1235 2307 se

187 2342 355 2424 opposuit,
380 2365 451 2405 cum
475 2346 555 2405 bene
577 2343 790 2426 intelligeret,
822 2341 853 2404 in
880 2345 1061 2427 peregrinis
1086 2367 1233 2430 maguum

187 2445 249 2507 sibi
272 2467 338 2509 esse
362 2445 532 2520 auxilium,
557 2448 596 2508 ad
614 2445 842 2507 imminuendas
866 2445 1235 2540 viresvoptimatiumoe-

189 2545 309 2612 Cicero
334 2551 371 2610 de
391 2549 485 2612 offic.
511 2548 612 2621 3,11.
653 2545 780 2608 Walter
803 2569 836 2626 p.
855 2546 928 2608 245.
967 2548 1132 2610 Drumanu
1156 2559 1176 2612 t.
1202 2537 1252 2611 1.

185 2673 221 2734 p.
238 2653 269 2714 5.
306 2650 438 2714 Beierus
458 2654 497 2712 ad
521 2649 594 2713 Cic.
617 2653 655 2712 de
672 2647 767 2711 offic.
792 2649 821 2723 3,
847 2652 897 2725 11,
922 2651 974 2712 47.
995 2651 1140 2726 errabat,
1165 2673 1234 2714 cum

185 2753 429 2835 inscriptionem
456 2751 611 2816 orationis
629 2753 805 2814 mutandam
825 2763 856 2814 et
875 2752 916 2814 de
931 2754 1006 2836 lege
1027 2754 1136 2816 Fanni
1159 2775 1234 2816 eos-⁴

185 2854 350 2940 rigendam
379 2868 516 2938 putaret.

252 2998 366 3059 Festus
387 3018 422 3078 p.
444 2995 516 3057 286.
548 2995 770 3078 Respublicas
790 2995 955 3056 multarum
979 2992 1141 3057 civitatum
1163 2993 1235 3076 plu·
1269 3029 1297 3043 -

146 3115 154 3122 ’
187 3097 297 3161 taliter
321 3098 401 3161 dixit
427 3102 465 3162 0.
488 3100 665 3161 Gracchus
689 3098 725 3159 in
751 3119 810 3172 ea,
835 3119 938 3181 quam
964 3098 1169 3179 conscripsit
1193 3097 1234 3160 de

186 3204 261 3284 lege
286 3205 325 3267 P.
350 3201 443 3265 Enni
467 3213 500 3262 et
527 3201 742 3282 peregrinis,
778 3222 855 3262 cum
885 3201 959 3263 ait:
990 3222 1049 3264 eae
1078 3201 1234 3264 nationes

187 3325 264 3366 cum
292 3304 373 3366 aliis
402 3304 502 3366 rebus
528 3326 592 3385 per
622 3302 806 3365 auaritiam
834 3313 937 3388 atque
967 3303 1151 3366 stultitiam
1179 3323 1236 3364 res
1281 3333 1283 3340 v

183 3407 340 3488 publicas
363 3427 446 3468 suas
469 3407 672 3469 amiserunt.

222 3550 252 3596 ‹ts
265 3553 322 3612 Iege
330 3567 360 3610 p.
374 3549 452 3609 Errat]
491 3550 537 3610 „de
556 3552 612 3612 loge
631 3551 711 3596 Penni
732 3567 797 3596 corr.
821 3552 851 3594 Δ.
865 3551 959 3610 August
996 3551 1039 3595 llic
1058 3552 1154 3594 Pennus
1174 3550 1231 3593 trib.

256 3643 289 3694 pl.
309 3654 332 3684 a.
349 3634 397 3682 628
421 3645 481 3684 teste
501 3640 581 3683 Cicer.
600 3641 628 3683 de
648 3638 718 3684 offic.
739 3634 763 3691 3,
781 3637 821 3692 ll,
837 3634 868 3682 17
889 3639 1029 3696 peregrinos
1051 3637 1108 3680 urbe
1123 3639 1155 3680 uti
1178 3650 1232 3692 pro·

256 3728 353 3772 bibebat
378 3742 466 3784 eosque
492 3727 674 3771 exterminabat.
711 3723 790 3773 Beier.
813 3726 836 3768 in
859 3725 912 3768 Cic.
937 3727 954 3774 l,
980 3727 994 3767 l.
1017 3739 1039 3779 p.
1056 3721 1115 3768 262.
1151 3723 1235 3766 Fanni

257 3817 402 3861 substituere
426 3817 514 3869 voluit,
542 3821 624 3859 conara
645 3817 713 3858 codd.
737 3819 760 3859 et
780 3813 904 3857 Ciceronis
924 3818 948 3856 et
964 3813 1028 3856 Festi
1051 3812 1177 3855 manifesta
1197 3813 1232 3852 in·

256 3899 346 3949 dicia.“
366 3927 396 3938 -
420 3904 449 3947 C.
465 3903 496 3948 0.
512 3903 612 3946 Mttller.
650 3903 715 3946 idem
737 3904 805 3956 plane
824 3901 937 3944 iudicium
960 3901 982 3943 in
1008 3901 1066 3942 edit.
1089 3899 1170 3950 priore
1192 3897 1232 3939 de·

225 3988 227 3992 ’
256 3992 355 4040 clareii.
372 4015 402 4026 -
423 3990 453 4035 cte
470 3992 528 4050 lege
545 3988 627 4034 Penni
645 3988 674 4032 dc
691 3988 841 4048 peregrinis
864 3989 935 4035 conii.
957 3985 1069 4030 lieinricb
1088 3984 1117 4024 ad
1137 3981 1190 4024 Cic.
1205 3983 1234 4025 de

256 4081 317 4134 Rep.
339 4093 362 4136 p.
381 4075 439 4124 157.

222 4201 511 4262 eumaliisreduspsr]
538 4199 664 4259 legendum
685 4210 771 4242 censeo
791 4211 847 4242 curu
868 4195 929 4240 aliis
950 4191 1038 4246 rebus,
1061 4195 1112 4233 tam
1123 4196 1231 4248 pereto.
