2984 4842
268 337 330 400 lot

334 492 534 575 Anthnlogia
557 491 652 555 latina
677 492 794 574 Epigr.
820 493 893 556 tlt.
918 495 970 557 ed.
995 512 1100 555 meae:

312 598 365 660 En
387 596 510 657 adsum
532 598 681 660 Caesar!
703 595 779 678 queis
803 617 853 656 me
874 593 1111 678 praestantior
1133 593 1269 656 armis?

313 697 399 780 Quis
418 697 520 779 prior
543 696 703 779 eloquio?

424 890 451 948 1.
492 889 646 947 Orationes
665 892 695 947 ln
716 889 769 948 Cu.
793 889 958 948 Cornelium
978 891 1171 947 Dolabellam.

335 1024 418 1083 Acta
441 1033 488 1084 est
515 1041 608 1084 eausa
636 1043 666 1084 a.
700 1024 759 1085 677
790 1023 875 1101 (77),
909 1042 974 1106 qtto
1002 1004 1085 1084 anuo
1111 1018 1231 1084 Caesar
1252 1032 1320 1083 tres

271 1133 302 1185 et
331 1120 445 1206 viginti
475 1143 573 1186 anuos
603 1136 671 1186 erat
700 1134 808 1198 natus,
841 1143 905 1186 nou
934 1145 1026 1184 unum
1059 1132 1089 1184 et
1126 1121 1255 1204 viginti,
1286 1133 1319 1182 ut

273 1222 405 1286 Tacitus
428 1223 460 1286 in
476 1223 622 1306 Dialogo
646 1226 684 1288 de
707 1225 802 1290 Orat.
826 1224 867 1286 31
889 1224 1032 1287 tradidit.
1063 1222 1126 1287 Cn.
1145 1222 1320 1287 Cornelius

271 1322 460 1402 Dolabella,
484 1347 555 1387 cum
578 1325 611 1388 in
635 1325 831 1389 Macedonia
853 1325 1023 1406 provincia
1047 1343 1111 1388 non
1132 1324 1319 1388 innocenter

271 1447 304 1488 ae
329 1426 488 1507 gessisset,
514 1431 761 1508 repetundarum
785 1439 832 1490 est
855 1439 1031 1490 accusatus.
1068 1428 1130 1489 Sed
1152 1449 1222 1488 cum
1239 1437 1321 1488 esset

271 1527 470 1608 optimatium
501 1551 627 1614 proque
658 1531 744 1592 Sulla
772 1528 926 1600 stetisset,
957 1529 1079 1591 iudices
1108 1527 1228 1592 Sullani
1250 1549 1320 1590 curn

271 1629 498 1706 absolverunt,
529 1631 716 1712 pracsertim
748 1654 818 1692 curn
848 1641 878 1691 et
907 1628 949 1693 C.
982 1631 1132 1693 Aurelius
1161 1629 1259 1694 Cotta
1290 1640 1322 1691 ct

272 1732 466 1796 Hortensius
481 1731 601 1814 insigni
616 1732 801 1815 eloquentia
817 1752 885 1793 eum
911 1730 1135 1794 defendissent.
1159 1730 1222 1795 Sed
1238 1730 1322 1795 Cae·

271 1854 324 1896 sar
342 1855 404 1896 non
425 1833 581 1896 minorem
597 1831 724 1894 dicendi
747 1832 859 1893 lamam
879 1843 1059 1907 assecutus,
1079 1831 1216 1917 indeque
1233 1855 1321 1914 mag·

273 1956 331 1997 uus
353 1947 467 1999 orator
490 1934 616 1996 habitus
639 1943 699 1997 est.
730 1931 829 1999 Conl.
852 1932 945 1996 Orat.
969 1934 1150 1996 Hortensii
1171 1933 1215 2018 (p.
1246 1937 1324 2011 368)

273 2046 304 2100 et
332 2040 371 2102 C.
395 2036 529 2099 Aurelii
552 2038 671 2099 Cottae
699 2035 748 2114 (p.
772 2032 847 2111 341)
875 2044 906 2095 et
929 2035 1126 2096 Dolabellae
1155 2039 1205 2116 (p.
1230 2037 1322 2115 379).

337 2137 473 2218 Quintil.
499 2137 556 2212 tt,
589 2139 624 2210 l,
657 2136 689 2197 3.
735 2136 779 2198 Ut
804 2136 1062 2198 accusatoriam
1084 2136 1190 2199 vitam
1211 2138 1324 2199 viuere

273 2250 305 2302 et
343 2239 391 2300 ad
429 2233 640 2318 deferendm
675 2258 752 2299 reos
790 2237 950 2318 praemio
987 2237 1083 2312 duci,
1119 2237 1325 2319 proximum

273 2338 456 2403 latrocinio
477 2348 545 2412 est,
567 2337 618 2400 ita
641 2350 771 2422 pestem
797 2339 996 2402 intestinam
1015 2341 1222 2421 propulsare
1243 2359 1325 2400 oum

270 2439 594 2523 propugnatoribus
609 2442 747 2523 patriae
765 2441 1052 2524 comparandum,
1070 2442 1213 2525 ideoque
1225 2441 1324 2524 prin-

273 2542 364 2624 cipes
386 2542 422 2603 in
452 2543 626 2624 republica
655 2544 720 2604 uiri
744 2564 812 2605 non
837 2544 1072 2606 detrectarunt
1098 2547 1185 2606 ltanc
1203 2541 1325 2630 officii

272 2654 420 2728 partem,
449 2646 638 2728 creditique
664 2657 746 2707 sunt
767 2645 873 2708 etiam
899 2645 986 2707 olari
1011 2645 1149 2708 iuuenes
1173 2645 1326 2709 obsidem

275 2746 481 2829 reipublicae
498 2747 582 2808 dare
610 2748 782 2808 malorum
804 2747 929 2809 civium
953 2747 1224 2823 aestuationem,
1243 2748 1326 2831 quia

274 2871 334 2914 nec
365 2848 480 2913 odisse
510 2849 685 2929 improbos
718 2869 779 2910 nec
809 2849 1003 2912 simultates
1034 2864 1228 2931 provocare·
1257 2849 1326 2912 nisi

273 2973 320 3014 eas
340 2950 483 3029 fiducia
509 2950 616 3013 bonae
644 2950 766 3013 mentis
797 2951 1008 3017 uidebantur.
1051 2952 1158 3036 quue
1180 2975 1258 3015 cum
1282 2952 1327 3014 ab

274 3053 480 3126 Hortensio,
506 3051 678 3126 Lucullis,
702 3053 874 3136 Sulpicio,
906 3053 1089 3129 Cicerone,
1115 3058 1324 3128 Caesare,

273 3154 435 3237 plurimis
456 3153 554 3229 aliis,
579 3166 652 3216 tum
673 3155 717 3217 ab
739 3167 884 3238 utroque
906 3153 1196 3235 Catonefactum
1218 3169 1283 3219 est.

340 3255 469 3317 'sacitus
486 3255 572 3319 nial.
597 3259 635 3318 de
657 3253 854 3320 Oratoribus
879 3257 932 3320 31.
975 3257 1216 3322 Nonodecimo
1230 3269 1327 3320 aeta-

275 3357 321 3421 tis
335 3379 427 3420 anno
443 3362 485 3420 L.
502 3361 650 3423 Crassus
665 3361 703 3424 C.
721 3359 927 3432 Carbonem,
953 3379 1035 3420 uno
1057 3370 1096 3418 et
1119 3358 1328 3423 uicesimo

274 3463 438 3526 Caesar
468 3461 761 3534 Dolabellam,
793 3462 905 3521 altero
934 3471 968 3520 et
998 3459 1156 3523 vicesimo
1183 3460 1326 3526 Asinius

274 3562 384 3627 Pollio
392 3564 430 3625 C.
444 3563 620 3638 Catonem,
634 3583 702 3625 non
717 3563 859 3622 multum
872 3571 984 3622 aetate
993 3561 1196 3626 antecedens
1205 3565 1327 3628 Caluus

279 3662 459 3728 Vatinium
485 3663 530 3726 iis
553 3663 768 3726 orationibus
799 3662 944 3725 insecuti
972 3675 1072 3736 sunt,
1102 3687 1189 3748 quas
1211 3666 1328 3729 bodie·

275 3786 340 3848 que
361 3787 439 3827 cum
460 3763 696 3827 admiratione
719 3763 879 3846 legimus.

312 3903 551 3966 unoetvicesimo]
589 3908 615 3952 lo
644 3922 745 3952 narsaeus
771 3910 854 3953 vitium
880 3925 951 3966 esse,
978 3912 1115 3958 observavit
1143 3919 1240 3969 praeter
1268 3915 1329 3958 allos

347 3998 488 4054 Wessellng
513 3996 537 4039 ln
564 3995 703 4040 Observalt.
730 4009 754 4052 p.
782 3995 860 4055 222„
894 4000 995 4058 ideoque
1017 4000 1129 4046 Oceanus
1148 4015 1192 4056 pro
1211 4015 1259 4046 uno
1276 4000 1329 4045 1110

348 4087 383 4129 rel
403 4082 469 4128 11110
495 4083 665 4142 corrigendum
693 4085 799 4138 putebat.
842 4087 890 4132 Sed
918 4091 1064 4144 sculptor-ern
1092 4089 1171 4145 ipsura
1192 4089 1328 4147 corrigere,

347 4173 447 4216 vetitum
466 4177 512 4217 est.
532 4171 604 4216 Cous.
626 4171 748 4216 Drumenn
774 4179 792 4223 t.
816 4170 841 4219 ³.
865 4188 889 4230 p.
916 4171 975 4220 129.
1001 4176 1090 4231 Zumpt
1110 4177 1133 4222 in
1154 4177 1206 4224 cte.
1228 4177 1328 4222 Verria.

349 4255 373 4314 l,
393 4255 433 4306 lt.
453 4272 477 4314 p.
503 4256 561 4306 116.
583 4259 717 4306 Weicllert.
740 4261 811 4308 Poet-
834 4263 877 4308 lat.
900 4263 953 4308 ltet.
977 4276 1001 4318 p.
1028 4258 1086 4308 109.
