2992 4840
418 560 445 617 1.
475 558 574 617 Oratio
599 575 651 632 pro
670 561 735 632 iege
757 575 808 618 sua
828 561 865 618 cis
885 561 1035 618 sumtibus.

274 719 328 784 M.
346 717 501 781 Aemilius
517 717 656 782 Sinarus
676 718 708 782 in
731 719 894 783 consulatu
916 741 946 782 a.
970 720 1030 784 639
1047 720 1137 798 (115)
1151 721 1254 804 legem

208 821 279 886 tulit
305 821 526 897 sumtuariam,
550 823 597 900 (r.
619 821 739 885 Baitcri
764 822 867 885 Index
891 823 1035 904 Legum,
1061 823 1187 884 Walter
1209 825 1254 886 G.

208 929 241 988 d.
266 929 353 986 rom.
378 925 420 986 R.
443 944 521 1006 pag.
545 923 635 1004 252.)
658 945 790 1009 eamque
818 923 965 988 oratioue
992 922 1128 988 suasisse
1154 935 1252 1006 puto,

207 1047 301 1112 quam
326 1037 437 1108 postea
461 1025 611 1108 scriptam
631 1026 798 1112 reliquerit
821 1026 1004 1091 memoriae.

270 1153 422 1220 Aurelius
443 1153 564 1219 Victor
585 1158 623 1220 de
647 1155 724 1219 Vir.
744 1156 847 1220 lllust.
874 1157 926 1220 72.
963 1159 1116 1221 Scaurus
1135 1159 1256 1221 consul

208 1263 320 1344 legem
351 1258 393 1321 de
424 1258 593 1320 sumtibus
623 1270 655 1321 et
679 1259 919 1322 libertinorum
944 1257 1130 1347 suffiagiis
1161 1259 1252 1323 tulit.

272 1376 399 1442 Plinius
429 1376 518 1441 Hist.
551 1379 589 1454 8,
623 1381 680 1454 57,
710 1379 763 1442 82.
813 1379 927 1443 Glires
956 1379 1132 1444 censoriae
1160 1381 1254 1463 leges

205 1481 432 1566 princepsque
456 1483 511 1544 M.
536 1485 689 1545 Scaurus
709 1481 744 1543 in
768 1483 949 1544 consulatu
969 1503 1038 1546 non
1057 1482 1128 1545 alio
1151 1483 1253 1547 modo
1287 1532 1291 1540 ,

206 1584 323 1648 coenis
357 1583 515 1646 ademere
547 1605 651 1668 quam
682 1584 864 1670 conchylia
897 1596 958 1647 aut
991 1607 1037 1646 esc
1067 1583 1138 1648 alio
1172 1586 1253 1648 orbe

209 1698 387 1750 convectas
415 1708 507 1749 aues.

300 1945 330 2003 2.
371 1944 471 2002 Oratio
490 1961 543 2016 pro
563 1946 628 2016 lege
648 1959 700 2002 sua
720 1946 757 2002 de
776 1946 919 2017 suffragiis
939 1947 1148 2005 libertinorum.

272 2095 411 2158 Scaurus
434 2093 545 2158 consul
568 2116 636 2157 eam
657 2094 760 2176 legem
786 2095 1004 2182 promulgavit
1026 2119 1055 2160 a.
1073 2097 1134 2160 639
1150 2097 1253 2178 (115).

270 2213 423 2280 Aurelius
448 2214 568 2279 Victor
593 2217 633 2277 de
657 2213 734 2278 Vir.
762 2216 814 2278 lll.
847 2217 899 2279 72.
951 2221 1105 2280 Scaurus
1135 2220 1256 2282 consul

206 2319 317 2400 legem
346 2317 387 2379 de
419 2318 588 2380 sumtibus
617 2327 650 2378 et
676 2317 914 2380 libertinorum
943 2316 1130 2405 suffragiis
1160 2320 1252 2382 tulit.

210 2418 399 2494 Dolendum‚
414 2430 635 2501 argumentum
654 2417 737 2501 legis
760 2417 916 2481 Aemiliae
939 2419 1056 2495 latere,
1080 2419 1254 2502 quaeipsis

208 2521 272 2584 illis
296 2520 494 2603 temporibus
521 2519 702 2593 serebatur,
734 2518 848 2604 quibus
877 2523 915 2582 ds
941 2519 1087 2602 suffragii
1112 2519 1181 2582 iure
1208 2519 1278 2583 ci-'

206 2622 311 2701 vium,
335 2621 520 2699 sociorum,
545 2621 756 2697 Latinorum,
780 2619 1004 2684 libertinorum
1032 2641 1127 2703 saepe
1151 2633 1254 2684 certa·

206 2738 270 2788 tum
307 2737 366 2788 cst.
420 2724 547 2788 Walter
583 2747 617 2806 p.
650 2723 727 2798 123,
758 2722 813 2808 qui
847 2725 885 2786 de
915 2721 1100 2794 conditione,
1127 2722 1253 2788 liberti-

207 2848 322 2891 norum
347 2826 449 2910 ample
476 2825 642 2904 disseruit,
674 2837 797 2900 censet,
827 2823 900 2910 lege
922 2823 1060 2889 Aemilia
1085 2825 1253 2890 libertinos

208 2931 312 2996 denuo
339 2928 371 2993 iu
396 2941 535 3012 quatuor
555 2927 658 2992 tribus
683 2931 819 2992 urbanas
842 2941 972 2992 coactos
995 2949 1076 2992 esse.

348 3191 377 3249 3.
418 3189 518 3247 Oratio
537 3205 590 3261 pro
613 3205 646 3246 se
668 3192 767 3246 contra
789 3188 820 3245 P.
838 3188 975 3246 Rutilium
994 3189 1109 3246 linium.

270 3339 351 3406 Cum
377 3342 430 3404 M.
453 3339 609 3403 Aemilius
638 3343 775 3404 Scaurus
801 3361 830 3403 a.
848 3340 908 3402 tlt
931 3341 1019 3418 (107)
1042 3338 1156 3404 iterum
1173 3357 1253 3404 con·

206 3443 254 3504 sul
282 3454 466 3519 crearetur,
497 3441 690 3525 competitor
719 3441 808 3517 eius,
838 3440 895 3525 qui
923 3441 1082 3524 repulsam
1118 3441 1251 3520 tulerat,

206 3547 247 3608 Ρ.
274 3544 414 3610 Rutilius
441 3545 560 3620 Rufus,
585 3567 654 3608 eum
678 3566 766 3608 reum
791 3543 926 3606 acubitus
950 3542 1041 3606 fecit.

270 3674 389 3740 Cicero
417 3677 521 3738 Bruto
558 3676 612 3738 30.
662 3673 814 3740 itucitizu
847 3673 883 3734 in
914 3673 1063 3754 quodam
1092 3673 1190 3736 tristi
1221 3685 1255 3738 et

206 3797 323 3840 seuero
347 3799 473 3862 genere
495 3778 629 3842 dicendi
654 3785 810 3838 versatus
833 3785 896 3848 cst,
915 3785 951 3836 et
971 3786 1112 3858 uterque
1132 3776 1254 3855 (Scau-

206 3897 269 3942 rus
296 3891 330 3942 et
359 3880 528 3960 Rutilius)
561 3891 690 3942 natura
725 3879 900 3940 uehemens
932 3888 966 3938 et
997 3898 1103 3949 acer,
1138 3876 1254 3958 itaque

205 4002 284 4044 cum
303 4003 373 4044 una
393 3983 610 4045 consulatum
626 3979 846 4061 petivissent,
868 3998 937 4040 non
960 3978 1016 4040 ille
1037 3978 1171 4051 solum,
1194 3976 1255 4059 qui

205 4086 381 4166 repulsam
403 4086 541 4157 tulerat,
564 4079 736 4143 accusauit
755 4079 904 4142 ambitus
925 4078 1146 4160 designatum
1160 4097 1252 4140 com·

199 4185 407 4268 petitorem,
431 4183 490 4250 sed
516 4187 669 4250 Scaurus
691 4181 796 4244 etiam
820 4179 998 4243 absolutus
1022 4176 1192 4243 Rutilium
1216 4179 1253 4246 in

204 4287 373 4352 iudicium
400 4285 542 4350 vocavit.
