2992 4844
1178 377 1240 440 bib

190 533 235 612 ei,
260 535 321 620 qui
343 555 415 596 rem
436 532 609 615 publicum
630 531 895 608 administrabit,
921 544 959 594 ut
980 553 1082 596 suum
1096 534 1239 618 quisque

191 648 327 711 teneat,
346 657 453 720 neque
476 635 636 699 debonis
656 635 874 717 priuatorum
893 635 1027 719 publice
1050 637 1238 702 deminutio

183 743 272 820 fiat.
307 737 504 803 Perniciose
533 738 624 800 enim
654 738 830 821 Philippus
862 738 898 801 in
931 738 1129 809 tribunatu.
1159 763 1237 802 cum

192 847 302 925 legem
318 841 501 924 agrmrium
511 838 636 930 ferret
659 837 779 923 (quam
801 853 915 903 tamen
938 842 1117 927 antiquari
1129 840 1238 925 facile

189 965 316 1029 passus
339 955 390 1006 est
412 955 444 1005 et
466 942 502 1004 in
533 964 573 1005 eo
599 945 813 1005 vehementer
841 965 877 1006 se
901 944 1115 1007 moderatum
1134 966 1238 1027 prae·

191 1047 281 1126 buit)
310 1046 372 1108 sed
399 1067 477 1108 cum
509 1045 545 1106 in
580 1045 716 1128 agendo
754 1048 864 1106 multa
897 1046 1131 1127 populariter,
1162 1039 1237 1109 tum

190 1151 277 1212 illuri
300 1153 398 1222 male,
424 1168 491 1209 non
514 1169 587 1210 esse
610 1150 644 1208 in
666 1147 804 1210 ciuitate
826 1147 896 1210 duo
919 1147 1027 1210 millia
1045 1149 1233 1224 hominum,

190 1252 251 1337 qui
266 1272 339 1313 rem
353 1250 525 1314 baberent.
550 1250 717 1332 Capitalis
739 1249 854 1313 oratio
877 1261 910 1312 et
931 1251 1237 1334 coaequationem

190 1356 360 1417 bonorum
374 1352 561 1436 pertinens,
579 1372 648 1434 qua
666 1364 759 1434 peste
781 1373 868 1437 quae
881 1364 995 1434 potest
1010 1374 1083 1418 esse
1099 1354 1237 1417 maior?

226 1501 269 1559 qui
292 1515 343 1543 rem
363 1497 493 1557 baberent]
525 1467 624 1557 'utroq
644 1501 705 1555 quod
728 1497 853 1554 Zumptius
873 1499 896 1541 in
921 1499 1121 1542 commentatione
1140 1501 1236 1557 egregia

262 1585 339 1632 Ueber
358 1585 405 1631 cleu
424 1585 506 1631 stand
531 1585 576 1630 der
600 1583 775 1645 Beuiilirerung
803 1583 855 1630 und
876 1584 916 1630 die
937 1583 1184 1645 Vollssverrneitrung
1201 1583 1235 1630 im

259 1671 399 1720 Altertlrum
418 1675 478 1718 bunc
497 1674 665 1733 gravissimum
686 1675 773 1727 iocum,
794 1674 834 1730 qui
852 1675 954 1718 maxime
974 1675 1002 1716 ad
1022 1687 1074 1718 rem
1091 1674 1234 1733 pertinebat,

262 1767 285 1806 tn
305 1777 333 1808 ea
352 1764 470 1807 orationis
489 1767 571 1817 parte,
593 1761 633 1806 ubi
652 1763 680 1806 de
700 1761 781 1815 inopia
799 1761 875 1816 piebis
893 1775 1007 1806 romanae
1026 1761 1137 1816 disserit,
1156 1775 1181 1817 p.
1203 1758 1233 1808 76

260 1865 315 1908 sqq.
336 1851 506 1904 praetermisit.

619 2006 647 2064 9.
692 2007 809 2064 Conoio.

256 2139 298 2202 L.
325 2137 471 2202 Marcius
495 2137 665 2220 Phiiippus
686 2137 717 2200 in
742 2137 907 2201 consulatu
935 2160 963 2201 a.
986 2140 1046 2202 663
1066 2141 1135 2218 (91)
1149 2144 1236 2204 'con-

192 2244 314 2308 cionem
337 2241 467 2317 habuit,
493 2241 608 2324 inqua
640 2240 671 2302 in
702 2251 842 2303 senatum
866 2240 1069 2304 acerbissime
1091 2242 1236 2304 inventus

192 2357 259 2420 est,
285 2344 474 2426 plebemque
509 2355 621 2405 contra
645 2342 813 2423 optimates
842 2340 969 2405 irritare
1000 2343 1161 2424 cupiebat.
1194 2344 1235 2407 Ei

192 2446 224 2508 in
242 2458 348 2508 senatu
362 2445 528 2528 respondit
548 2442 696 2508 Crassus.
719 2443 805 2506 Vide
822 2454 914 2505 orat.
937 2445 1053 2507 Crassi
1071 2445 1234 2510 aduerunt

193 2548 388 2630 Philippum
410 2549 583 2611 consulem
614 2568 649 2628 p.
673 2545 748 2608 stt.

244 2667 328 2740 ,Ciu
364 2671 403 2732 de
432 2669 528 2732 Orat.
568 2667 606 2742 3,
642 2671 672 2728 1.
728 2670 875 2732 Crassus
912 2679 986 2730 erat
1025 2669 1237 2730 uehementer

190 2784 381 2837 commotus
397 2771 555 2835 oratione
575 2791 635 2845 eu,
660 2790 746 2854 quae
757 2767 951 2858 ferebatur
973 2770 1090 2832 habita
1111 2792 1184 2834 esse
1199 2771 1235 2833 in

188 2875 351 2938 concione
373 2895 396 2936 a
417 2873 596 2954 Philippo,
619 2893 719 2955 quem
742 2873 875 2935 dixisse
900 2873 1095 2948 constabat,
1121 2872 1234 2935 viden-

189 2977 273 3039 dum
302 2976 367 3038 sibi
396 2996 469 3038 esse
497 2974 595 3036 aliud
622 2975 822 3048 consilium,
855 2975 915 3038 illo
951 2986 1074 3036 senatu
1099 2997 1136 3038 se
1163 2996 1236 3037 rem

190 3080 361 3158 publicam
382 3099 504 3161 gerere
527 3096 595 3140 non
615 3098 731 3158 posse.

256 3199 328 3263 Cic.
360 3201 398 3260 de
426 3199 518 3265 Orat,
551 3201 586 3272 1,
614 3198 643 3266 i.
690 3196 930 3264 Vehementius
959 3197 1178 3262 invehebatur
1200 3200 1237 3262 in

189 3321 332 3363 causam
352 3301 549 3383 principum
581 3303 700 3363 consul
727 3301 905 3382 Philippus
927 3300 1104 3384 Drusique
1129 3303 1237 3366 tribu·

190 3413 304 3477 natus,
320 3423 388 3484 pro
403 3415 542 3466 senatus
556 3403 765 3467 auctoritate
780 3414 975 3484 susceptus,
993 3401 1148 3487 infringi
1165 3404 1237 3467 iam

191 3503 430 3589 debilitarique
452 3504 642 3567 uidebatur.

226 3649 253 3692 in
271 3663 377 3693 causam
391 3649 548 3708 principum]
585 3651 603 3694 i.
623 3664 642 3696 e.
663 3651 762 3695 infestus
786 3657 840 3694 erat
858 3650 1011 3706 optimatibus
1030 3656 1053 3694 et
1073 3651 1175 3696 senatui.

227 3733 309 3780 Drusi
326 3735 480 3795 tribunatus]
516 3736 577 3781 Corn
594 3737 687 3781 Drusus
706 3739 800 3794 plebem
825 3749 878 3782 cum
904 3743 987 3782 senatu
1005 3739 1164 3783 reconciliare
1186 3744 1234 3782 stu·

263 3823 329 3868 deret
354 3827 488 3883 tacitasque
514 3827 593 3884 leges,
621 3826 649 3868 ad
678 3827 700 3869 it
727 3830 874 3882 spectantes,
904 3827 1083 3884 promulgaret,
1111 3825 1237 3879 Phiiippus

264 3911 346 3954 consui
359 3913 514 3958 concionibus
532 3912 627 3968 plebem
646 3912 806 3964 abalienavit,
827 3917 851 3956 et
870 3914 996 3966 optimates
1015 3923 1108 3968 quoqne
1127 3907 1236 3952 consiliis

263 3998 339 4044 Drusi
357 4002 486 4053 restitere,
506 4001 538 4042 ita
558 4004 582 4042 nt
601 4012 657 4042 cura
676 4005 746 4056 atque
767 3997 838 4044 labor
856 4001 906 4042 eius
925 4001 1001 4042 inanis
1020 4001 1094 4044 esset.

257 4117 410 4182 Valerius
435 4097 531 4180 Max.
567 4115 602 4189 6,
629 4115 666 4190 2,
694 4115 725 4177 2.
770 4119 812 4180 L.
840 4116 1016 4198 Philippus
1034 4111 1155 4174 consul
1174 4111 1236 4173 ad·

189 4241 307 4282 uersus
341 4231 499 4282 senatum
532 4217 723 4279 libertatem
757 4238 919 4279 exercere
954 4233 1022 4275 non
1056 4209 1235 4275 datbitauit.

189 4323 283 4386 Num
296 4321 479 4402 segnitiem
491 4340 558 4398 pro
574 4317 696 4378 rostris
712 4320 928 4398 exprobrans
942 4317 1011 4377 aliu
1031 4314 1097 4378 sibi
1111 4327 1234 4378 senatu
