2976 4844
278 352 339 415 130

315 513 435 575 Dulciae]
473 516 507 560 sie
530 517 604 558 codex
626 525 696 555 mesu
720 509 838 567 emunit,
862 504 987 550 Pulchrae
1009 508 1087 562 prime
1110 521 1192 556 menn.

317 657 366 704 pua
387 641 488 686 tribuno
506 639 573 684 diem
593 635 673 696 diets]
709 637 798 687 cretio,
821 635 918 688 opinor,
944 645 1004 690 quse
1024 634 1139 688 inscripta
1162 639 1208 688 est,
1239 636 1334 691 cretio,

353 732 377 776 ei
394 744 423 774 ee
443 726 543 776 Caeliae
564 726 681 772 tribunus
698 723 784 782 plebis
806 723 972 780 appellasset.

499 961 547 1018 75.
578 957 700 1028 Oratio,
725 970 782 1028 qua
803 953 917 1010 tribuno
938 951 1014 1007 diem
1035 952 1118 1009 dixit.

349 1097 470 1158 Eadem
499 1113 568 1155 esse
594 1089 723 1153 videtur
753 1098 846 1169 atquc
876 1082 928 1147 illa
955 1084 1098 1158 Oratio,
1128 1083 1159 1146 si
1186 1081 1228 1147 se'
1249 1083 1334 1150 Co'e·

283 1199 352 1262 lius
377 1197 537 1259 tribunus
565 1192 674 1276 plebis
699 1191 919 1276 appellasset,
953 1208 1046 1270 quam
1074 1185 1160 1248 vide.

428 1447 475 1506 76.
511 1445 611 1502 Oratio
632 1446 733 1500 contre
758 1440 923 1497 Cornelium
945 1439 1021 1510 apud
1034 1440 1192 1510 populum.

350 1577 431 1641 Vid.
459 1577 585 1641 Oratio
608 1585 732 1638 eontra
755 1577 796 1636 L.
824 1570 1023 1636 Cornelium
1046 1571 1254 1654 Scipionem.

572 1828 621 1885 77.
651 1824 750 1881 Oratio
770 1823 801 1880 in
821 1823 854 1880 G.
876 1823 1045 1881 Caecilium.

349 1960 410 2024 Est
435 1981 475 2022 ue
501 1956 608 2022 oratio
632 1957 809 2022 censoria?

348 2063 385 2126 Iu
417 2062 492 2126 edit.
528 2061 639 2142 priore
673 2061 887 2146 fragmentum
922 2060 1014 2124 huius
1050 2059 1205 2133 orationis
1241 2059 1333 2122 alteri

284 2168 320 2232 in
346 2169 402 2232 M.
424 2165 598 2240 Coelium,
628 2163 659 2227 si
687 2186 724 2226 se
753 2167 959 2246 appellasset
989 2162 1137 2236 adiunxi,
1174 2165 1229 2224 sed
1261 2183 1332 2224 cum

285 2269 403 2334 nullam
431 2267 556 2331 videam
587 2289 732 2342 causam,
765 2289 823 2328 cur
851 2287 1046 2348 praenomen
1077 2269 1114 2330 C.
1144 2275 1331 2345 corruptum

283 2384 402 2454 putem,
429 2371 607 2454 fragmenta
633 2371 795 2432 ambarum
819 2373 993 2450 separanda
1017 2366 1135 2432 censui.
1182 2369 1252 2430 Nee
1276 2364 1334 2429 ali·

281 2487 332 2539 ter
358 2473 526 2556 praecepit
551 2471 594 2536 C.
619 2473 663 2536 0.
692 2471 826 2534 Miilier.

348 2579 463 2640 Festus
488 2597 523 2656 p.
549 2576 625 2636 242.
671 2573 873 2639 Prodidisse
904 2595 969 2637 non
999 2574 1103 2638 solum
1131 2573 1163 2636 in
1192 2571 1256 2636 illis
1286 2570 1333 2634 di-

283 2679 377 2753 citnr,
405 2677 461 2762 qni
482 2675 618 2758 patriam
642 2676 792 2740 hostibus
815 2675 1038 2759 prodiderunt,
1065 2674 1232 2739 sedetiam
1253 2685 1333 2738 tem-

279 2801 339 2862 pus
369 2779 499 2863 longius
522 2779 657 2855 fecisse,
688 2791 722 2840 ut
751 2783 858 2846 Cato:
894 2783 964 2854 Te,
993 2782 1032 2845 0.
1060 2778 1202 2852 Caecili,
1240 2777 1332 2840 diem

278 2882 440 2966 prodisse
464 2881 631 2945 militibus
650 2881 799 2964 legionis
815 2885 884 2957 111,
908 2902 987 2944 cnm
1002 2879 1238 2962 proditionem
1262 2899 1332 2942 non

280 2986 460 3048 haberent.

314 3128 393 3189 diem]
430 3131 578 3190 ambiguum,
600 3133 678 3174 utrum
702 3130 765 3173 diem
783 3129 883 3174 militiae
904 3129 1103 3188 (Veritngerung
1121 3129 1164 3172 der
1182 3125 1331 3184 Dienetzeit)

349 3231 382 3262 eu
407 3220 472 3263 diem
496 3219 629 3264 secationis
654 3216 704 3274 (die
730 3217 918 3276 Veriiingernng
937 3221 980 3260 der
1002 3218 1069 3262 E'riet
1092 3218 1134 3262 dee
1158 3213 1273 3269 Urieubs)
1296 3215 1332 3260 in-

354 3307 507 3364 terpreterie.

315 3428 446 3490 prodisse]
479 3430 629 3489 prodidisse
650 3431 753 3490 corrigit
768 3431 881 3475 Ursinus.
906 3431 991 3475 Recte.
1029 3430 1147 3487 Equidem
1169 3431 1329 3484 interpreter:

351 3520 407 3574 „Du
429 3520 513 3562 hubest
536 3519 580 3562 den
602 3519 714 3562 Soldeten
737 3521 778 3563 der
801 3521 888 3563 dritten
910 3517 1001 3576 Legton
1021 3520 1058 3562 die
1083 3520 1216 3564 Dienetzeit
1237 3519 1332 3562 vertitu-

351 3612 415 3666 gert,
437 3607 579 3665 ungeuchtet
598 3607 650 3650 eine
670 3607 947 3672 solcheVeriiingerung
966 3607 1128 3679 urrgeeetrlich
1147 3604 1227 3648 wer.“

309 3729 492 3791 proditionem]
528 3731 545 3780 i.
569 3746 591 3776 e.
619 3733 780 3786 protetioaem
800 3732 857 3785 diei,
881 3733 917 3776 ius
942 3733 1059 3786 prodendi
1080 3733 1142 3776 diem
1160 3731 1210 3778 site
1228 3730 1330 3776 miiitiae

349 3822 399 3864 sire
420 3819 563 3864 vacationis.

310 3941 441 4002 haberent]
477 3942 584 3987 liaberet
605 3944 731 4002 Scaliger3
769 3956 876 3996 „vereor
900 3957 932 3987 ne
956 3945 1041 3988 minus
1063 3949 1150 3998 recte;
1173 3958 1233 3988 num
1253 3945 1330 3988 etiam

347 4031 456 4086 milites,
480 4031 572 4090 quibus
593 4029 695 4089 longior·
716 4031 813 4074 secutio
832 4034 880 4084 (sie
900 4032 974 4090 igitur
996 4033 1117 4076 Milites-us
1142 4033 1254 4090 iutelligit
1269 4044 1331 4087 pro-

344 4118 482 4174 ditionem,
506 4133 552 4162 non
575 4119 733 4174 prolationem
755 4120 952 4174 stipendiorum.)
975 4131 1022 4164 non
1045 4132 1167 4166 concessa
1188 4125 1244 4173 eet,
1272 4117 1326 4162 dici

344 4212 452 4264 possunt
467 4205 639 4264 proditionem
659 4218 710 4250 non
733 4204 859 4270 ipherest‘
895 4208 994 4254 Mtiiler.
