2958 4840
286 397 346 458 ott

287 563 391 626 rente,
418 563 451 614 nt
470 549 502 613 in
529 545 712 612 memoriam
741 543 897 608 victoriae
911 539 1112 608 Britannicae
1131 541 1217 605 numi
1239 544 1344 604 cude-

289 666 411 727 rentur,
435 649 642 732 inscriptione
666 648 720 712 illa
746 647 898 728 insignes.

350 752 520 820 Eumenius
552 752 583 814 in
612 749 817 832 Panegyrico
847 745 1028 812 Constantii
1055 749 1159 811 osii.
1194 749 1337 816 Fronto,

287 877 450 921 romanae
475 857 687 938 eloquentiae
709 873 777 915 non
799 851 1005 924 necandum,
1029 851 1087 912 aeti
1107 853 1255 910 aiterum
1277 849 1339 910 de·

287 982 365 1032 cua,
397 979 475 1020 cnm
497 956 574 1018 belli
601 955 637 1016 in
660 952 857 1017 Brittannia
885 950 1038 1042 confecti
1065 951 1202 1014 [aculem
1225 955 1338 1014 Anto-

288 1061 370 1122 nino
391 1057 539 1140 principi
561 1057 677 1130 clar-ct,
702 1055 858 1138 quamuis
879 1055 935 1115 ille
957 1055 991 1116 in
1016 1055 1093 1136 ipro
1122 1053 1216 1114 urbia
1239 1055 1338 1133 pala·

288 1162 338 1224 tio
361 1161 513 1223 renidens
536 1157 679 1242 gerendi
700 1157 775 1218 eiua
797 1157 992 1220 mandasset
1014 1157 1220 1237 anapia-ium,
1234 1155 1340 1216 veluti

290 1268 414 1348 longae
438 1262 531 1324 nouit
554 1259 796 1342 gubernaculia
831 1259 1104 1338 prominentem,
1129 1259 1236 1320 totius
1256 1255 1339 1318 ueli-

285 1365 470 1444 ficationia
493 1374 526 1426 et
547 1384 669 1424 ciurana
691 1360 843 1444 gloriam
865 1359 1032 1420 mar-uiuae
1054 1371 1198 1422 testatus
1223 1370 1287 1420 eat.

357 1465 552 1529 Niebuhriue
575 1475 676 1525 antem
700 1484 734 1544 p.
750 1461 885 1526 XXIX.
905 1463 985 1522 hanc
1008 1459 1185 1524 orationem
1209 1464 1340 1521 eandem
1376 1473 1383 1488 ’

293 1590 362 1631 ecee
386 1579 483 1650 putat,
510 1587 615 1649 quam,
640 1587 710 1625 cnm
737 1563 934 1626 consolatum
959 1561 1064 1635 iniret,
1090 1561 1210 1625 habuit.

441 1703 470 1760 t.
502 1703 665 1760 Gratiarum
684 1703 770 1772 aetio,
793 1719 858 1758 cnm
877 1703 1058 1758 consulatum
1078 1701 1174 1756 iniret.

358 1806 649 1888 HicPanegyricne
667 1808 706 1868 ad
722 1803 915 1867 Antoninum
932 1803 1024 1867 Pium
1044 1804 1127 1886 lrnp.
1140 1803 1300 1876 dictuseat
1311 1825 1341 1866 a.

295 1909 354 1970 896
368 1907 470 1986 (143).
491 1909 615 1969 Fronto
639 1906 749 1968 consul
770 1908 808 1968 ad
828 1906 878 1970 M.
899 1905 1067 1970 Caesarem
1088 1905 1111 1966 l.
1129 1905 1161 1966 2.
1177 1911 1207 1967 i.
1245 1909 1345 1988 Quae

295 2012 363 2072 aint
380 2031 484 2070 aurea
506 2008 681 2070 bominum
703 2010 766 2070 boc
787 2018 952 2087 tempore,
976 2020 1106 2092 quanta
1127 2007 1162 2070 in
1185 2021 1342 2088 aperian-

296 2113 349 2177 dia
377 2111 592 2174 orationibua
626 2109 816 2192 elegantia,
849 2131 897 2170 eor
932 2108 1079 2186 Aufidio
1108 2122 1227 2174 nostro
1257 2110 1346 2170 acirc

295 2215 437 2298 poteria.
462 2225 609 2296 quantor
631 2213 666 2273 in
690 2212 846 2274 oratione
870 2233 945 2272 mea
967 2217 1134 2274 clamoren
1150 2212 1346 2281 concitauit,

296 2328 491 2400 quantoque
513 2326 678 2375 concentu
698 2313 915 2376 iaculantium
935 2313 980 2376 ait
1003 2314 1348 2395 exceptum-omni·

298 2421 372 2481 bur
400 2429 500 2478 tunc
530 2416 673 2498 imago
693 2415 903 2498 patriaiia
923 2416 1191 2499 pingebatur
1212 2416 1350 2496 insig-

299 2520 378 2582 nia.
417 2523 464 2583 At
487 2518 544 2579 ubi
565 2539 676 2600 genua
704 2518 815 2579 nobile
844 2517 988 2598 ignobili
1014 2539 1222 2598 comparans
1251 2517 1350 2578 ulixi:

299 2633 343 2683 ut
367 2621 403 2682 ai
431 2621 529 2704 quia
559 2619 697 2700 ignem
727 2619 775 2680 de
805 2641 913 2700 rogo
946 2631 986 2682 et
1013 2641 1092 2682 nra
1125 2641 1350 2682 accensum

300 2723 487 2784 aimilem
509 2733 645 2800 putet,
669 2721 872 2804 qnoniam
893 2743 1026 2805 aeque
1049 2724 1195 2784 luceat
1218 2757 1257 2768 -
1281 2721 1352 2782 aa·
1452 2725 1453 2814 i

301 2827 364 2887 hoc
385 2843 498 2902 pauca
518 2822 777 2884 admurmurati
798 2835 890 2884 aunt.

365 2927 489 2989 Fronto
512 2926 623 3010 Μητρὶ
650 2925 823 3011 Καίσαρος
845 2924 868 2987 Ι.
899 2925 929 2998 2,
961 2925 991 2986 2.
1031 2920 1130 3010 λόγον
1161 2921 1353 3006 συνήγαγόν

304 3051 376 3092 τινα
395 3032 468 3110 περὶ
491 3027 550 3090 τοῦ
571 3019 716 3110 μεγάλου
738 3027 910 3108 βασιλέως.

338 3139 439 3208 λόγον]
476 3147 610 3187 orationem
630 3127 800 3200 piniarium
818 3143 846 3187 ab
867 3144 1011 3188 Antoninum
1031 3145 1100 3188 Pium
1120 3145 1148 3189 ie
1164 3151 1290 3190 connatam
1309 3160 1355 3188 ano

373 3231 495 3288 anteitign.

370 3349 494 3410 Fronto
521 3353 559 3410 ad
585 3349 781 3412 Antoninum
802 3353 879 3433 imp.
908 3352 931 3413 Ι.
960 3352 990 3426 2,
1018 3352 1046 3414 2.
1088 3352 1166 3416 Nae
1187 3373 1254 3434 ego
1273 3365 1357 3431 pout

307 3452 459 3514 hominen
483 3463 584 3514 nator
605 3463 638 3513 et
660 3453 791 3514 locutos
814 3455 966 3516 omnium
983 3451 1271 3544 facundissimus
1294 3455 1356 3517 lra-

307 3558 401 3627 bear,
428 3576 505 3616 cum
527 3567 576 3628 tu,
602 3557 656 3617 M.
675 3555 805 3630 Aureli,
830 3577 906 3616 rnen
927 3557 1056 3637 acripta
1078 3555 1211 3616 lectitas
1226 3567 1258 3615 et
1272 3577 1356 3636 pro-
1451 3559 1452 3570 ¹

308 3661 380 3725 bac,
405 3669 437 3717 et
459 3657 628 3716 literatiua
651 3668 711 3717 tua
734 3657 768 3717 in
792 3657 897 3718 tantia
920 3657 1068 3739 negotiis
1090 3667 1247 3736 tempora
1271 3657 1358 3716 meis

305 3779 438 3842 quoque
460 3757 673 3820 orationibus
695 3757 848 3838 legendis
870 3780 1037 3840 occupare
1059 3779 1126 3820 non
1149 3757 1269 3820 inutile
1294 3759 1358 3819 tibi

304 3860 491 3921 arbitrari-r
512 3879 572 3918 nec
594 3855 868 3948 influctuoaum.
913 3861 1015 3942 Quod
1046 3881 1127 3922 uero
1163 3861 1275 3940 pratris
1305 3861 1360 3921 tui
1451 3891 1452 3898 2

307 3961 426 4022 lauder
447 3981 470 4020 a
493 3981 544 4022 mc
573 3960 609 4022 in
639 3969 761 4020 ecnatu
783 3959 964 4042 designato
994 3973 1026 4023 et
1056 3962 1143 4023 inito
1176 3964 1360 4022 consulatu
1451 4017 1452 4026 i

309 4083 383 4124 meo
405 4061 515 4122 dictae
536 4059 653 4142 legisti
673 4058 830 4135 libenter,
855 4063 993 4124 minime
1016 4065 1138 4125 miror.

397 4200 416 4256 5
444 4197 607 4254 Gratiarum
628 4199 703 4254 actio
722 4198 752 4253 in
773 4204 875 4255 senatu
896 4217 947 4272 pro
968 4155 1280 4272 Carthaginiensibus.¹
1309 4183 1312 4190 Δ

372 4302 421 4362 Ea
443 4300 547 4363 oratio
571 4321 600 4361 a.
623 4323 653 4361 n.
682 4299 742 4362 906
766 4299 856 4378 (153)
882 4301 990 4364 habita
1018 4301 1156 4365 videtur.
1203 4304 1235 4367 la
1259 4325 1361 4367 annus
