2966 4842
1159 379 1221 440 stt

171 536 320 618 priuatis
353 538 403 596 vel
431 535 477 596 aa
503 537 682 596 hortorum
713 555 813 596 usum
840 535 966 597 itinera
996 535 1218 614 suspendant.

176 642 225 702 Aa
259 639 299 699 cie
330 637 422 698 uitiis
451 637 524 698 eius
555 636 647 698 modi
678 657 737 698 nee
766 640 869 720 plura
898 657 956 698 nec
989 637 1132 700 meliora
1153 638 1220 699 dici

171 751 336 821 possunt,
361 759 463 820 quam
486 758 508 799 a
537 739 653 802 Coelio
675 737 775 828 Rufo
805 739 896 802 dieta
919 750 998 804 sunt
1022 739 1055 800 in
1079 761 1120 800 ea
1140 761 1219 802 can-

172 842 286 917 ciane,
312 841 368 902 cui
390 840 512 902 titulus
535 851 586 901 est
611 843 668 902 De
689 842 827 923 aquis.

237 941 370 1020 Coelius
401 945 440 1004 ad
470 940 663 1004 Ciceronem
698 942 719 1005 l.
753 943 786 1013 8,
818 943 854 1016 6,
885 946 915 1004 lt.
969 943 1036 1006 Sed
1062 944 1130 1008 dici
1152 964 1219 1004 non

168 1056 299 1127 potest,
332 1042 504 1127 quomodo
532 1043 586 1106 hic
616 1045 734 1107 omnia
761 1046 907 1107 iaceant.
955 1045 1035 1108 Nisi
1056 1067 1122 1128 ego
1143 1066 1220 1107 cum

171 1146 381 1209 tabernariis
403 1158 437 1208 et
459 1147 663 1229 aquariis
686 1168 944 1230 pugnarem,
970 1147 1220 1211 ueternuseioi-

171 1260 278 1311 tatem
300 1259 513 1330 occupasset.

269 1427 297 1482 t.
338 1423 439 1500 Oratio
460 1425 598 1481 adversus
619 1424 807 1496 Calpurnium
828 1426 953 1482 Bestiam
975 1426 1118 1484 veneficii.

237 1535 369 1601 Coelius
404 1535 615 1618 Calpurnium
647 1536 785 1600 Bestiam
819 1537 965 1600 veneficii
999 1537 1121 1618 (nescio
1154 1557 1219 1622 quo

173 1635 269 1720 anno)
283 1637 455 1714 accusavit,
476 1638 576 1723 utqui
592 1652 710 1703 uxores
724 1661 794 1702 suas
810 1639 938 1702 aconito
954 1650 1110 1702 necasset.
1129 1641 1220 1702 Haec

173 1762 266 1804 causa
298 1740 423 1803 diversa
454 1743 493 1802 ab
526 1741 640 1816 altera,
675 1764 737 1826 qua
766 1743 807 1804 L.
842 1740 1036 1822 Calpurnius
1059 1741 1165 1804 Bestia
1190 1763 1219 1804 a.

173 1843 235 1906 698
258 1844 327 1918 (66)
351 1840 487 1905 ambitus
519 1843 696 1924 postulatus
719 1855 778 1906 est.
811 1842 917 1906 Tacit.
951 1841 1039 1907 Dial.
1064 1845 1102 1906 de
1126 1844 1220 1908 Orat.

173 1945 227 2008 39.
252 1946 417 2009 Drumnnn
441 1946 483 2006 Τ.
509 1944 540 2006 2.
569 1967 601 2025 p.
627 1946 678 2009 97.

237 2045 361 2110 Plinius
384 2045 471 2108 Hist.
497 2047 556 2122 st,
589 2047 620 2108 2.
665 2050 808 2111 Constat
838 2046 992 2110 omnium
1015 2069 1222 2112 venenorum

173 2149 372 2212 ocissimum
392 2169 464 2211 esse
483 2150 668 2222 aconitum,
693 2148 847 2212 attactis
866 2171 998 2232 quoque
1016 2149 1222 2228 genitalibus

161 2249 337 2338 feminini
354 2273 460 2315 sexus
476 2251 679 2314 animalium
694 2251 812 2312 eodem
829 2250 884 2312 die
903 2249 1040 2339 inferre
1062 2241 1219 2315 martem.

173 2351 339 2438 Hacfuit
360 2374 535 2428 venenum,
560 2375 629 2436 quo
651 2353 852 2415 interemtae
874 2352 1082 2414 dormientes
1104 2373 1127 2413 a
1147 2356 1223 2418 Gal-

171 2455 307 2536 purnia·
320 2456 439 2518 Bestia
459 2477 591 2519 uxores
613 2457 669 2520 M.
693 2453 863 2520 Caecilius
884 2466 1066 2516 aecusator
1083 2455 1221 2518 obiecit.

173 2557 264 2621 Hinc
286 2557 346 2620 illa
366 2571 474 2621 atrox
496 2557 676 2640 peroratio
698 2557 774 2620 eius
796 2557 831 2618 in
854 2557 1015 2638 digitum.

171 2762 173 2768 ἲ
209 2697 245 2744 Μ.
272 2699 408 2760 Caecilius]
446 2701 482 2746 M.
509 2699 607 2748 Coelius
625 2704 733 2747 correxit
752 2703 906 2747 Ruhnkenlns
925 2705 952 2746 66
973 2701 1092 2746 Velleium
1120 2697 1148 2754 2,
1181 2697 1222 2744 68.

246 2789 391 2836 (6666166166
411 2793 439 2834 ad
459 2793 618 2835 Milonisnsun
638 2805 660 2844 p.
683 2785 731 2833 207
752 2793 778 2834 ed
799 2790 877 2834 Occll.
899 2790 985 2834 Coelio
1005 2791 1066 2832 enim
1087 2801 1218 2847 cognomen

246 2882 395 2924 accusatoris
414 2880 516 2924 maxime
535 2881 653 2924 convenit.

636 3033 756 3090 lneerta.

240 3144 373 3228 Quintil.
407 3151 441 3219 l,
474 3149 510 3221 6,
545 3147 594 3210 29.
640 3149 695 3210 M.
729 3147 864 3210 Coelius
893 3167 929 3208 se
957 3165 1031 3208 esse
1052 3144 1225 3207 hominem

164 3247 307 3339 frugi
334 3254 405 3314 vult
423 3251 591 3332 probare,
616 3270 685 3314 non
703 3248 786 3333 qtnia
806 3249 979 3312 abstinens
1001 3248 1047 3310 sit
1069 3248 1167 3328 (nam
1189 3247 1225 3310 id

175 3373 216 3414 ne
239 3353 377 3418 mentiri
409 3354 546 3438 quidem
573 3354 744 3436 poterat),
778 3353 837 3414 sed
864 3351 947 3436 quia
974 3351 1070 3414 utilis
1092 3349 1222 3420 multis,

175 3456 212 3516 iel
232 3454 611 3545 est‚fructuosus,
638 3455 726 3520 unde
757 3457 801 3520 sit
829 3451 1224 3543 ductafrugaiitas.

210 3598 246 3647 M.
268 3596 378 3658 Coelius]
415 3603 441 3645 in
466 3597 610 3658 defensione
637 3613 746 3657 causae,
773 3615 821 3659 qua
850 3613 910 3644 reus
935 3597 965 3643 ds
983 3599 1009 3642 vi
1020 3595 1086 3656 suit.
1115 3597 1228 3654 Spalding

247 3689 276 3728 sd
298 3686 400 3740 Quintil.
423 3687 468 3740 tt,
492 3686 522 3740 l,
544 3686 585 3732 51.

213 3772 282 3816 utilis
301 3771 398 3826 multis]
435 3777 565 3818 multorum
584 3776 646 3818 enim
666 3778 780 3828 patronus
801 3788 853 3818 csse
874 3774 976 3820 sotelsat.

242 3887 379 3971 Quintil.
406 3893 441 3965 1,
466 3893 503 3963 6,
529 3893 578 3956 42.
626 3894 747 3974 Neque
770 3890 1228 3955 tuburchinalmndum

176 3991 630 4056 etturchinalmndum
651 3994 721 4054 iam
748 3995 782 4056 in
806 3995 903 4066 nabis
918 3993 1099 4078 quisquam
1102 3987 1224 4078 ferat,

176 4094 254 4157 licet
277 4097 363 4158 Cato
384 4094 431 4158 sit
453 4105 595 4168 auctor,
629 4115 700 4158 nec
718 4097 780 4158 hos
811 4096 994 4169 lodices,
1019 4112 1228 4176 quamquam

176 4196 214 4258 id
246 4195 394 4272 Pollioni
420 4199 552 4280 placet,
588 4215 649 4258 nee
682 4198 909 4278 gladiola,
943 4194 1041 4279 atqui
1071 4195 1229 4257 Messala
1323 4257 1340 4275 ,

176 4298 285 4374 dixit,
324 4319 384 4362 nec
417 4296 767 4382 parricidatum‚
802 4299 895 4382 quod
925 4299 961 4361 in
991 4296 1139 4365 Coelio
1168 4296 1227 4359 uix
1279 4345 1322 4359 ...
