<?xml version="1.0" encoding="UTF-8"?>
<!DOCTYPE html PUBLIC "-//W3C//DTD XHTML 1.0 Transitional//EN"
    "http://www.w3.org/TR/xhtml1/DTD/xhtml1-transitional.dtd">
<html xmlns="http://www.w3.org/1999/xhtml" xml:lang="en" lang="en">
 <head>
  <title>
</title>
<meta http-equiv="Content-Type" content="text/html;charset=utf-8" />
  <meta name='ocr-system' content='tesseract 3.04.00' />
  <meta name='ocr-capabilities' content='ocr_page ocr_carea ocr_par ocr_line ocrx_word'/>
</head>
<body>
  <div class='ocr_page' id='page_1' title='image "./oratorumromanor02meyegoog_0263.png"; bbox 0 0 2992 4840; ppageno 0'>
   <div class='ocr_carea' id='block_1_1' title="bbox 1137 357 1198 422">
    <p class='ocr_par' dir='ltr' id='par_1_1' title="bbox 1137 357 1198 422">
     <span class='ocr_line' id='line_1_1' title="bbox 1137 357 1198 422; baseline 0.033 -2"><span class='ocrx_word' id='word_1_1' title='bbox 1137 357 1198 422; x_wconf 83' lang='grc'><em>313</em></span> 
     </span>
    </p>
   </div>
   <div class='ocr_carea' id='block_1_2' title="bbox 151 567 1196 733">
    <p class='ocr_par' dir='ltr' id='par_1_2' title="bbox 151 567 1196 733">
     <span class='ocr_line' id='line_1_2' title="bbox 151 567 1196 642; baseline 0 -12"><span class='ocrx_word' id='word_1_2' title='bbox 151 573 195 630; x_wconf 88' lang='grc'><em>11.</em></span> <span class='ocrx_word' id='word_1_3' title='bbox 237 571 337 627; x_wconf 79' lang='lat' dir='ltr'><em>Oratio</em></span> <span class='ocrx_word' id='word_1_4' title='bbox 357 584 409 642; x_wconf 87' lang='lat' dir='ltr'><em>pro</em></span> <span class='ocrx_word' id='word_1_5' title='bbox 431 572 494 640; x_wconf 76' lang='lat' dir='ltr'><em>tege</em></span> <span class='ocrx_word' id='word_1_6' title='bbox 513 585 563 624; x_wconf 89' lang='lat' dir='ltr'><em>sua</em></span> <span class='ocrx_word' id='word_1_7' title='bbox 586 567 771 625; x_wconf 76' lang='lat' dir='ltr'><em>frumentaria</em></span> <span class='ocrx_word' id='word_1_8' title='bbox 796 570 934 628; x_wconf 83' lang='lat' dir='ltr'><em>adversus</em></span> <span class='ocrx_word' id='word_1_9' title='bbox 953 569 985 628; x_wconf 90' lang='lat' dir='ltr'><em>L.</em></span> <span class='ocrx_word' id='word_1_10' title='bbox 1008 570 1196 642; x_wconf 81' lang='lat' dir='ltr'><em>Calpurnium</em></span> 
     </span>
     <span class='ocr_line' id='line_1_3' title="bbox 547 663 797 733; baseline 0.004 -14"><span class='ocrx_word' id='word_1_11' title='bbox 547 663 679 719; x_wconf 83' lang='lat' dir='ltr'><strong>Pisonem</strong></span> <span class='ocrx_word' id='word_1_12' title='bbox 702 665 797 733; x_wconf 82' lang='lat' dir='ltr'><strong>Frugi.</strong></span> 
     </span>
    </p>
   </div>
   <div class='ocr_carea' id='block_1_3' title="bbox 140 813 1199 1619">
    <p class='ocr_par' dir='ltr' id='par_1_3' title="bbox 153 813 1199 1102">
     <span class='ocr_line' id='line_1_4' title="bbox 216 813 1199 898; baseline 0.001 -20"><span class='ocrx_word' id='word_1_13' title='bbox 216 818 262 878; x_wconf 88' lang='lat' dir='ltr'><em>Ea</em></span> <span class='ocrx_word' id='word_1_14' title='bbox 285 813 369 876; x_wconf 79' lang='lat' dir='ltr'><em>dicta</em></span> <span class='ocrx_word' id='word_1_15' title='bbox 392 825 440 879; x_wconf 87' lang='lat' dir='ltr'><em>est</em></span> <span class='ocrx_word' id='word_1_16' title='bbox 463 835 493 875; x_wconf 88' lang='lat' dir='ltr'><em>a.</em></span> <span class='ocrx_word' id='word_1_17' title='bbox 516 813 574 874; x_wconf 81' lang='lat' dir='ltr'><em>ost</em></span> <span class='ocrx_word' id='word_1_18' title='bbox 601 813 703 891; x_wconf 89' lang='grc'><strong>(133).</strong></span> <span class='ocrx_word' id='word_1_19' title='bbox 742 813 900 876; x_wconf 85' lang='lat' dir='ltr'><em>Dissuasit</em></span> <span class='ocrx_word' id='word_1_20' title='bbox 921 813 1024 897; x_wconf 85' lang='lat' dir='ltr'><em>legem</em></span> <span class='ocrx_word' id='word_1_21' title='bbox 1047 815 1199 898; x_wconf 82' lang='lat' dir='ltr'><em>Sempro-</em></span> 
     </span>
     <span class='ocr_line' id='line_1_5' title="bbox 153 913 1198 982; baseline 0.002 -3"><span class='ocrx_word' id='word_1_22' title='bbox 153 917 233 980; x_wconf 83' lang='lat' dir='ltr'>niam</span> <span class='ocrx_word' id='word_1_23' title='bbox 265 913 503 979; x_wconf 82' lang='lat' dir='ltr'><em>frumentariam</em></span> <span class='ocrx_word' id='word_1_24' title='bbox 527 917 569 977; x_wconf 92' lang='lat' dir='ltr'><em>L.</em></span> <span class='ocrx_word' id='word_1_25' title='bbox 606 915 697 979; x_wconf 85' lang='lat' dir='ltr'><em>Piso.</em></span> <span class='ocrx_word' id='word_1_26' title='bbox 749 913 835 978; x_wconf 86' lang='lat' dir='ltr'>Vide</span> <span class='ocrx_word' id='word_1_27' title='bbox 863 915 1027 980; x_wconf 85' lang='lat' dir='ltr'><em>orationes</em></span> <span class='ocrx_word' id='word_1_28' title='bbox 1059 917 1198 982; x_wconf 88' lang='lat' dir='ltr'><em>Pisonis</em></span> 
     </span>
     <span class='ocr_line' id='line_1_6' title="bbox 154 1020 284 1102; baseline 0 -22"><span class='ocrx_word' id='word_1_29' title='bbox 154 1042 187 1102; x_wconf 91' lang='lat' dir='ltr'><em>p.</em></span> <span class='ocrx_word' id='word_1_30' title='bbox 207 1020 284 1082; x_wconf 85' lang='grc'><strong>319.</strong></span> 
     </span>
    </p>

    <p class='ocr_par' dir='ltr' id='par_1_4' title="bbox 140 1111 1199 1619">
     <span class='ocr_line' id='line_1_7' title="bbox 215 1111 1199 1201; baseline 0 -17"><span class='ocrx_word' id='word_1_31' title='bbox 215 1119 337 1185; x_wconf 89' lang='lat' dir='ltr'><em>Cicero</em></span> <span class='ocrx_word' id='word_1_32' title='bbox 361 1140 412 1182; x_wconf 87' lang='lat' dir='ltr'><em>or.</em></span> <span class='ocrx_word' id='word_1_33' title='bbox 441 1141 475 1201; x_wconf 90' lang='lat' dir='ltr'><em>p.</em></span> <span class='ocrx_word' id='word_1_34' title='bbox 502 1111 640 1182; x_wconf 75' lang='lat' dir='ltr'><em>Fonteio</em></span> <span class='ocrx_word' id='word_1_35' title='bbox 664 1141 693 1182; x_wconf 88' lang='lat' dir='ltr'><em>c.</em></span> <span class='ocrx_word' id='word_1_36' title='bbox 726 1119 778 1182; x_wconf 85' lang='lat'><em>13.</em></span> <span class='ocrx_word' id='word_1_37' title='bbox 815 1123 928 1184; x_wconf 72' lang='lat' dir='ltr'><em>Extat</em></span> <span class='ocrx_word' id='word_1_38' title='bbox 950 1121 1066 1186; x_wconf 89' lang='lat' dir='ltr'><em>oratio</em></span> <span class='ocrx_word' id='word_1_39' title='bbox 1089 1121 1199 1185; x_wconf 87' lang='lat' dir='ltr'><em>homi·</em></span> 
     </span>
     <span class='ocr_line' id='line_1_8' title="bbox 153 1219 1198 1308; baseline 0 -22"><span class='ocrx_word' id='word_1_40' title='bbox 153 1224 224 1298; x_wconf 91' lang='lat' dir='ltr'><em>nis,</em></span> <span class='ocrx_word' id='word_1_41' title='bbox 250 1234 288 1287; x_wconf 84' lang='lat' dir='ltr'><em>ut</em></span> <span class='ocrx_word' id='word_1_42' title='bbox 312 1242 388 1284; x_wconf 89' lang='lat' dir='ltr'><em>mea</em></span> <span class='ocrx_word' id='word_1_43' title='bbox 411 1222 529 1304; x_wconf 84' lang='lat' dir='ltr'><em>opinio</em></span> <span class='ocrx_word' id='word_1_44' title='bbox 539 1219 649 1308; x_wconf 84' lang='lat' dir='ltr'><em>fert,</em></span> <span class='ocrx_word' id='word_1_45' title='bbox 674 1233 875 1284; x_wconf 88' lang='lat' dir='ltr'><em>nostrorum</em></span> <span class='ocrx_word' id='word_1_46' title='bbox 897 1223 1074 1286; x_wconf 84' lang='lat' dir='ltr'><em>hominum</em></span> <span class='ocrx_word' id='word_1_47' title='bbox 1096 1226 1198 1306; x_wconf 84' lang='lat' dir='ltr'><em>longe</em></span> 
     </span>
     <span class='ocr_line' id='line_1_9' title="bbox 153 1323 1196 1408; baseline -0.002 -20"><span class='ocrx_word' id='word_1_48' title='bbox 153 1324 423 1408; x_wconf 73' lang='lat' dir='ltr'><em>ingeniosissimi</em></span> <span class='ocrx_word' id='word_1_49' title='bbox 460 1336 564 1407; x_wconf 84' lang='lat' dir='ltr'><em>atque</em></span> <span class='ocrx_word' id='word_1_50' title='bbox 598 1323 893 1406; x_wconf 74' lang='lat' dir='ltr'><em>eloquentissimi,</em></span> <span class='ocrx_word' id='word_1_51' title='bbox 932 1326 999 1388; x_wconf 85' lang='lat' dir='ltr'><em>Gai</em></span> <span class='ocrx_word' id='word_1_52' title='bbox 1031 1327 1196 1400; x_wconf 81' lang='lat' dir='ltr'><em>Gracchi,</em></span> 
     </span>
     <span class='ocr_line' id='line_1_10' title="bbox 152 1426 1198 1511; baseline 0.001 -22"><span class='ocrx_word' id='word_1_53' title='bbox 152 1449 220 1511; x_wconf 84' lang='lat' dir='ltr'><em>qua</em></span> <span class='ocrx_word' id='word_1_54' title='bbox 244 1427 279 1488; x_wconf 89' lang='lat' dir='ltr'><em>in</em></span> <span class='ocrx_word' id='word_1_55' title='bbox 308 1426 464 1489; x_wconf 90' lang='lat' dir='ltr'><em>oratione</em></span> <span class='ocrx_word' id='word_1_56' title='bbox 491 1428 666 1508; x_wconf 87' lang='lat' dir='ltr'><em>permulta</em></span> <span class='ocrx_word' id='word_1_57' title='bbox 695 1426 730 1487; x_wconf 88' lang='lat' dir='ltr'><em>ia</em></span> <span class='ocrx_word' id='word_1_58' title='bbox 756 1429 797 1487; x_wconf 89' lang='lat' dir='ltr'><em>L.</em></span> <span class='ocrx_word' id='word_1_59' title='bbox 823 1426 985 1490; x_wconf 84' lang='lat' dir='ltr'><em>Pisonem</em></span> <span class='ocrx_word' id='word_1_60' title='bbox 1010 1427 1129 1509; x_wconf 86' lang='lat' dir='ltr'><em>turpia</em></span> <span class='ocrx_word' id='word_1_61' title='bbox 1158 1449 1198 1490; x_wconf 85' lang='lat' dir='ltr'><em>aa</em></span> 
     </span>
     <span class='ocr_line' id='line_1_11' title="bbox 140 1528 538 1619; baseline -0.005 -27"><span class='ocrx_word' id='word_1_62' title='bbox 140 1529 338 1619; x_wconf 82' lang='lat' dir='ltr'><em>flagitiosa</em></span> <span class='ocrx_word' id='word_1_63' title='bbox 361 1528 538 1590; x_wconf 86' lang='lat' dir='ltr'><em>dicuntur.</em></span> 
     </span>
    </p>
   </div>
   <div class='ocr_carea' id='block_1_4' title="bbox 152 1647 1201 2142">
    <p class='ocr_par' dir='ltr' id='par_1_5' title="bbox 152 1647 1201 2142">
     <span class='ocr_line' id='line_1_12' title="bbox 217 1647 1198 1734; baseline 0.003 -24"><span class='ocrx_word' id='word_1_64' title='bbox 217 1648 348 1712; x_wconf 84' lang='lat' dir='ltr'><em>Scholia</em></span> <span class='ocrx_word' id='word_1_65' title='bbox 373 1647 547 1713; x_wconf 88' lang='lat' dir='ltr'><em>Bobiensia</em></span> <span class='ocrx_word' id='word_1_66' title='bbox 570 1649 601 1711; x_wconf 91' lang='lat' dir='ltr'><em>in</em></span> <span class='ocrx_word' id='word_1_67' title='bbox 619 1647 730 1712; x_wconf 80' lang='lat' dir='ltr'><em>Cicer.</em></span> <span class='ocrx_word' id='word_1_68' title='bbox 749 1651 810 1714; x_wconf 87' lang='lat' dir='ltr'><em>Or.</em></span> <span class='ocrx_word' id='word_1_69' title='bbox 834 1672 867 1731; x_wconf 92' lang='lat' dir='ltr'><em>p.</em></span> <span class='ocrx_word' id='word_1_70' title='bbox 891 1649 1010 1712; x_wconf 82' lang='lat' dir='ltr'><em>Flacco</em></span> <span class='ocrx_word' id='word_1_71' title='bbox 1030 1671 1106 1734; x_wconf 85' lang='lat' dir='ltr'><em>pag.</em></span> <span class='ocrx_word' id='word_1_72' title='bbox 1124 1649 1198 1713; x_wconf 89' lang='grc'><strong>333.</strong></span> 
     </span>
     <span class='ocr_line' id='line_1_13' title="bbox 154 1752 1201 1835; baseline 0 -21"><span class='ocrx_word' id='word_1_73' title='bbox 154 1755 204 1817; x_wconf 84' lang='lat' dir='ltr'><em>ed.</em></span> <span class='ocrx_word' id='word_1_74' title='bbox 228 1752 332 1817; x_wconf 78' lang='lat' dir='ltr'><em>orell.</em></span> <span class='ocrx_word' id='word_1_75' title='bbox 378 1755 420 1815; x_wconf 86' lang='lat' dir='ltr'><em>L.</em></span> <span class='ocrx_word' id='word_1_76' title='bbox 447 1753 548 1827; x_wconf 89' lang='lat' dir='ltr'><em>Piso,</em></span> <span class='ocrx_word' id='word_1_77' title='bbox 580 1753 639 1835; x_wconf 82' lang='lat' dir='ltr'><em>qui</em></span> <span class='ocrx_word' id='word_1_78' title='bbox 664 1755 774 1835; x_wconf 81' lang='lat' dir='ltr'><em>legem</em></span> <span class='ocrx_word' id='word_1_79' title='bbox 798 1753 840 1814; x_wconf 89' lang='lat' dir='ltr'><em>de</em></span> <span class='ocrx_word' id='word_1_80' title='bbox 858 1752 1015 1834; x_wconf 82' lang='lat' dir='ltr'><em>peortniis</em></span> <span class='ocrx_word' id='word_1_81' title='bbox 1041 1763 1201 1835; x_wconf 86' lang='lat' dir='ltr'><em>repetun-</em></span> 
     </span>
     <span class='ocr_line' id='line_1_14' title="bbox 154 1852 1199 1944; baseline 0 -28"><span class='ocrx_word' id='word_1_82' title='bbox 154 1854 207 1918; x_wconf 84' lang='lat' dir='ltr'><em>dis</em></span> <span class='ocrx_word' id='word_1_83' title='bbox 233 1854 330 1928; x_wconf 83' lang='lat' dir='ltr'><em>tulit,</em></span> <span class='ocrx_word' id='word_1_84' title='bbox 363 1865 397 1916; x_wconf 80' lang='lat' dir='ltr'><em>ct</em></span> <span class='ocrx_word' id='word_1_85' title='bbox 412 1852 497 1944; x_wconf 88' lang='lat' dir='ltr'><em>fuit</em></span> <span class='ocrx_word' id='word_1_86' title='bbox 521 1858 559 1920; x_wconf 82' lang='lat' dir='ltr'><em>C.</em></span> <span class='ocrx_word' id='word_1_87' title='bbox 584 1857 740 1918; x_wconf 80' lang='lat' dir='ltr'><em>Graccho</em></span> <span class='ocrx_word' id='word_1_88' title='bbox 765 1855 924 1936; x_wconf 78' lang='lat' dir='ltr'><em>capitalis</em></span> <span class='ocrx_word' id='word_1_89' title='bbox 950 1855 1130 1931; x_wconf 86' lang='lat' dir='ltr'><em>inimicus,</em></span> <span class='ocrx_word' id='word_1_90' title='bbox 1163 1855 1199 1917; x_wconf 90' lang='lat' dir='ltr'><em>in</em></span> 
     </span>
     <span class='ocr_line' id='line_1_15' title="bbox 152 1956 1201 2040; baseline 0.002 -22"><span class='ocrx_word' id='word_1_91' title='bbox 152 1979 251 2040; x_wconf 78' lang='lat' dir='ltr'><em>quem</em></span> <span class='ocrx_word' id='word_1_92' title='bbox 276 1956 388 2039; x_wconf 86' lang='lat' dir='ltr'><em>ipsius</em></span> <span class='ocrx_word' id='word_1_93' title='bbox 414 1960 453 2020; x_wconf 82' lang='lat'><em>0.</em></span> <span class='ocrx_word' id='word_1_94' title='bbox 478 1957 624 2020; x_wconf 83' lang='lat' dir='ltr'><em>Gracchi</em></span> <span class='ocrx_word' id='word_1_95' title='bbox 651 1969 752 2019; x_wconf 28' lang='lat' dir='ltr'><em>*extat</em></span> <span class='ocrx_word' id='word_1_96' title='bbox 789 1959 904 2021; x_wconf 87' lang='lat' dir='ltr'><em>oratio</em></span> <span class='ocrx_word' id='word_1_97' title='bbox 940 1958 1201 2022; x_wconf 85' lang='lat' dir='ltr'><em>maledictorum</em></span> 
     </span>
     <span class='ocr_line' id='line_1_16' title="bbox 154 2060 740 2142; baseline 0.003 -22"><span class='ocrx_word' id='word_1_98' title='bbox 154 2061 268 2142; x_wconf 76' lang='lat' dir='ltr'><em>inagis</em></span> <span class='ocrx_word' id='word_1_99' title='bbox 291 2063 396 2141; x_wconf 83' lang='lat' dir='ltr'><em>plena</em></span> <span class='ocrx_word' id='word_1_100' title='bbox 418 2081 521 2142; x_wconf 82' lang='lat' dir='ltr'><em>qrtam</em></span> <span class='ocrx_word' id='word_1_101' title='bbox 545 2060 740 2122; x_wconf 84' lang='lat' dir='ltr'><em>criminum.</em></span> 
     </span>
    </p>
   </div>
   <div class='ocr_carea' id='block_1_5' title="bbox 154 2188 1254 3584">
    <p class='ocr_par' dir='ltr' id='par_1_6' title="bbox 154 2188 1254 3584">
     <span class='ocr_line' id='line_1_17' title="bbox 218 2188 1202 2286; baseline 0.001 -33"><span class='ocrx_word' id='word_1_102' title='bbox 218 2188 497 2286; x_wconf 51' lang='lat' dir='ltr'><em>Cicer0·&#39;l&#39;irseul.</em></span> <span class='ocrx_word' id='word_1_103' title='bbox 522 2189 557 2264; x_wconf 85' lang='grc'><em>3,</em></span> <span class='ocrx_word' id='word_1_104' title='bbox 581 2191 638 2265; x_wconf 89' lang='grc'><em>30,</em></span> <span class='ocrx_word' id='word_1_105' title='bbox 665 2191 716 2252; x_wconf 82' lang='grc'><em>18.</em></span> <span class='ocrx_word' id='word_1_106' title='bbox 763 2194 800 2256; x_wconf 84' lang='lat' dir='ltr'><em>C·</em></span> <span class='ocrx_word' id='word_1_107' title='bbox 823 2193 999 2255; x_wconf 79' lang='lat' dir='ltr'><em>Gracchus</em></span> <span class='ocrx_word' id='word_1_108' title='bbox 1025 2212 1104 2254; x_wconf 89' lang='lat' dir='ltr'><em>cum</em></span> <span class='ocrx_word' id='word_1_109' title='bbox 1132 2195 1202 2254; x_wconf 89' lang='lat' dir='ltr'><em>lar-</em></span> 
     </span>
     <span class='ocr_line' id='line_1_18' title="bbox 154 2289 1201 2382; baseline 0.002 -28"><span class='ocrx_word' id='word_1_110' title='bbox 154 2293 304 2376; x_wconf 79' lang='lat' dir='ltr'><em>gitiones</em></span> <span class='ocrx_word' id='word_1_111' title='bbox 340 2293 516 2354; x_wconf 79' lang='lat' dir='ltr'><em>inaximas·</em></span> <span class='ocrx_word' id='word_1_112' title='bbox 538 2290 694 2382; x_wconf 81' lang='lat' dir='ltr'><em>fecisset</em></span> <span class='ocrx_word' id='word_1_113' title='bbox 727 2305 759 2354; x_wconf 90' lang='lat' dir='ltr'><em>et</em></span> <span class='ocrx_word' id='word_1_114' title='bbox 792 2289 975 2380; x_wconf 80' lang='lat' dir='ltr'><em>efficdisset</em></span> <span class='ocrx_word' id='word_1_115' title='bbox 1005 2294 1201 2368; x_wconf 89' lang='lat' dir='ltr'><em>aerarium,</em></span> 
     </span>
     <span class='ocr_line' id='line_1_19' title="bbox 154 2393 1204 2484; baseline 0 -28"><span class='ocrx_word' id='word_1_116' title='bbox 154 2397 265 2458; x_wconf 71' lang='lat' dir='ltr'><em>cerdis</em></span> <span class='ocrx_word' id='word_1_117' title='bbox 290 2405 403 2456; x_wconf 89' lang='lat' dir='ltr'><em>tamen</em></span> <span class='ocrx_word' id='word_1_118' title='bbox 431 2393 641 2484; x_wconf 86' lang='lat' dir='ltr'><em>defendebat</em></span> <span class='ocrx_word' id='word_1_119' title='bbox 664 2395 855 2457; x_wconf 87' lang='lat' dir='ltr'><em>aerarium.</em></span> <span class='ocrx_word' id='word_1_120' title='bbox 900 2397 993 2480; x_wconf 86' lang='lat' dir='ltr'><em>Quid</em></span> <span class='ocrx_word' id='word_1_121' title='bbox 1016 2397 1117 2457; x_wconf 76' lang='lat' dir='ltr'><em>oerlra</em></span> <span class='ocrx_word' id='word_1_122' title='bbox 1142 2417 1204 2456; x_wconf 88' lang='lat' dir='ltr'><em>au-</em></span> 
     </span>
     <span class='ocr_line' id='line_1_20' title="bbox 155 2493 1254 2587; baseline 0 -29"><span class='ocrx_word' id='word_1_123' title='bbox 155 2498 268 2569; x_wconf 85' lang='lat' dir='ltr'><em>diam,</em></span> <span class='ocrx_word' id='word_1_124' title='bbox 297 2521 374 2560; x_wconf 86' lang='lat' dir='ltr'><em>eum</em></span> <span class='ocrx_word' id='word_1_125' title='bbox 392 2496 505 2587; x_wconf 86' lang='lat' dir='ltr'><em>facta</em></span> <span class='ocrx_word' id='word_1_126' title='bbox 534 2497 694 2558; x_wconf 67' lang='lat' dir='ltr'><em>videam?</em></span> <span class='ocrx_word' id='word_1_127' title='bbox 737 2499 818 2560; x_wconf 87' lang='lat' dir='ltr'><em>Piso</em></span> <span class='ocrx_word' id='word_1_128' title='bbox 845 2497 901 2560; x_wconf 88' lang='lat' dir='ltr'><em>ille</em></span> <span class='ocrx_word' id='word_1_129' title='bbox 932 2499 1040 2582; x_wconf 81' lang='lat' dir='ltr'><em>Frugi</em></span> <span class='ocrx_word' id='word_1_130' title='bbox 1069 2517 1204 2579; x_wconf 83' lang='lat' dir='ltr'><em>semper</em></span> <span class='ocrx_word' id='word_1_131' title='bbox 1253 2493 1254 2498; x_wconf 33' lang='lat'>¹</span> 
     </span>
     <span class='ocr_line' id='line_1_21' title="bbox 154 2599 1205 2688; baseline -0.001 -27"><span class='ocrx_word' id='word_1_132' title='bbox 154 2611 277 2661; x_wconf 87' lang='lat' dir='ltr'><em>contra</em></span> <span class='ocrx_word' id='word_1_133' title='bbox 309 2604 418 2684; x_wconf 81' lang='lat' dir='ltr'><em>legem</em></span> <span class='ocrx_word' id='word_1_134' title='bbox 440 2599 727 2688; x_wconf 79' lang='lat' dir='ltr'><em>frumentariam</em></span> <span class='ocrx_word' id='word_1_135' title='bbox 761 2599 915 2661; x_wconf 79' lang='lat' dir='ltr'><em>dixerat.</em></span> <span class='ocrx_word' id='word_1_136' title='bbox 963 2603 1000 2664; x_wconf 87' lang='lat' dir='ltr'><em>Is</em></span> <span class='ocrx_word' id='word_1_137' title='bbox 1026 2603 1100 2681; x_wconf 81' lang='lat' dir='ltr'><em>lege</em></span> <span class='ocrx_word' id='word_1_138' title='bbox 1134 2602 1205 2661; x_wconf 89' lang='lat' dir='ltr'><em>lata</em></span> 
     </span>
     <span class='ocr_line' id='line_1_22' title="bbox 155 2701 1205 2790; baseline 0 -26"><span class='ocrx_word' id='word_1_139' title='bbox 155 2704 351 2765; x_wconf 87' lang='lat' dir='ltr'><em>consularis</em></span> <span class='ocrx_word' id='word_1_140' title='bbox 374 2704 420 2764; x_wconf 90' lang='lat' dir='ltr'><em>ad</em></span> <span class='ocrx_word' id='word_1_141' title='bbox 439 2701 662 2790; x_wconf 66' lang='lat' dir='ltr'><em>frumentum</em></span> <span class='ocrx_word' id='word_1_142' title='bbox 682 2702 920 2783; x_wconf 85' lang='lat' dir='ltr'><em>accipiendum</em></span> <span class='ocrx_word' id='word_1_143' title='bbox 944 2714 1094 2764; x_wconf 84' lang='lat' dir='ltr'><em>venerat.</em></span> <span class='ocrx_word' id='word_1_144' title='bbox 1118 2702 1205 2766; x_wconf 87' lang='lat' dir='ltr'><em>Ani·</em></span> 
     </span>
     <span class='ocr_line' id='line_1_23' title="bbox 156 2805 1203 2878; baseline -0.001 -11"><span class='ocrx_word' id='word_1_145' title='bbox 156 2807 338 2868; x_wconf 87' lang='lat' dir='ltr'><em>madvertit</em></span> <span class='ocrx_word' id='word_1_146' title='bbox 375 2808 551 2868; x_wconf 85' lang='lat' dir='ltr'><em>Gracchus</em></span> <span class='ocrx_word' id='word_1_147' title='bbox 589 2806 623 2866; x_wconf 91' lang='lat' dir='ltr'><em>in</em></span> <span class='ocrx_word' id='word_1_148' title='bbox 653 2805 810 2868; x_wconf 84' lang='lat' dir='ltr'><em>contione</em></span> <span class='ocrx_word' id='word_1_149' title='bbox 844 2807 1001 2868; x_wconf 85' lang='lat' dir='ltr'><em>Pisonem</em></span> <span class='ocrx_word' id='word_1_150' title='bbox 1037 2817 1203 2878; x_wconf 87' lang='lat' dir='ltr'><em>stantem,</em></span> 
     </span>
     <span class='ocr_line' id='line_1_24' title="bbox 156 2907 1205 2992; baseline 0 -24"><span class='ocrx_word' id='word_1_151' title='bbox 156 2909 292 2992; x_wconf 82' lang='lat' dir='ltr'><em>quaerit</em></span> <span class='ocrx_word' id='word_1_152' title='bbox 327 2909 487 2970; x_wconf 81' lang='lat' dir='ltr'><em>audiente</em></span> <span class='ocrx_word' id='word_1_153' title='bbox 511 2912 642 2989; x_wconf 80' lang='lat' dir='ltr'><em>populo</em></span> <span class='ocrx_word' id='word_1_154' title='bbox 673 2929 837 2982; x_wconf 87' lang='lat' dir='ltr'><em>romano,</em></span> <span class='ocrx_word' id='word_1_155' title='bbox 872 2907 932 2990; x_wconf 78' lang='lat' dir='ltr'><em>qui</em></span> <span class='ocrx_word' id='word_1_156' title='bbox 961 2907 1025 2970; x_wconf 88' lang='lat' dir='ltr'><em>sibi</em></span> <span class='ocrx_word' id='word_1_157' title='bbox 1054 2918 1205 2982; x_wconf 88' lang='lat' dir='ltr'><em>constet,</em></span> 
     </span>
     <span class='ocr_line' id='line_1_25' title="bbox 156 3009 1204 3100; baseline -0.002 -28"><span class='ocrx_word' id='word_1_158' title='bbox 156 3033 235 3072; x_wconf 85' lang='lat' dir='ltr'><em>cum</em></span> <span class='ocrx_word' id='word_1_159' title='bbox 267 3033 308 3074; x_wconf 87' lang='lat' dir='ltr'><em>ea</em></span> <span class='ocrx_word' id='word_1_160' title='bbox 338 3014 414 3093; x_wconf 83' lang='lat' dir='ltr'><em>lege</em></span> <span class='ocrx_word' id='word_1_161' title='bbox 434 3009 665 3100; x_wconf 81' lang='lat' dir='ltr'><em>frumentum</em></span> <span class='ocrx_word' id='word_1_162' title='bbox 695 3021 814 3091; x_wconf 86' lang='lat' dir='ltr'><em>petat,</em></span> <span class='ocrx_word' id='word_1_163' title='bbox 847 3031 952 3093; x_wconf 81' lang='lat' dir='ltr'><em>quam</em></span> <span class='ocrx_word' id='word_1_164' title='bbox 983 3011 1204 3072; x_wconf 80' lang='lat' dir='ltr'><em>dissuaserit.</em></span> 
     </span>
     <span class='ocr_line' id='line_1_26' title="bbox 155 3113 1208 3196; baseline -0.002 -18"><span class='ocrx_word' id='word_1_165' title='bbox 155 3114 296 3187; x_wconf 87' lang='lat' dir='ltr'><em>Nolim,</em></span> <span class='ocrx_word' id='word_1_166' title='bbox 322 3115 451 3196; x_wconf 80' lang='lat' dir='ltr'><em>inquit,</em></span> <span class='ocrx_word' id='word_1_167' title='bbox 483 3134 559 3174; x_wconf 79' lang='lat' dir='ltr'><em>inea</em></span> <span class='ocrx_word' id='word_1_168' title='bbox 581 3115 688 3187; x_wconf 84' lang='lat' dir='ltr'><em>bona,</em></span> <span class='ocrx_word' id='word_1_169' title='bbox 713 3115 885 3187; x_wconf 75' lang='lat' dir='ltr'><em>Gracc-he,</em></span> <span class='ocrx_word' id='word_1_170' title='bbox 910 3113 972 3175; x_wconf 88' lang='lat' dir='ltr'><em>tibi</em></span> <span class='ocrx_word' id='word_1_171' title='bbox 998 3113 1128 3176; x_wconf 86' lang='lat' dir='ltr'><em>viritim</em></span> <span class='ocrx_word' id='word_1_172' title='bbox 1154 3115 1208 3176; x_wconf 86' lang='lat' dir='ltr'><em>di·</em></span> 
     </span>
     <span class='ocr_line' id='line_1_27' title="bbox 156 3213 1207 3304; baseline 0.001 -27"><span class='ocrx_word' id='word_1_173' title='bbox 156 3215 272 3277; x_wconf 88' lang='lat' dir='ltr'><em>videre</em></span> <span class='ocrx_word' id='word_1_174' title='bbox 295 3217 415 3288; x_wconf 84' lang='lat' dir='ltr'><em>libeat,</em></span> <span class='ocrx_word' id='word_1_175' title='bbox 441 3217 517 3289; x_wconf 87' lang='lat' dir='ltr'><em>sed,</em></span> <span class='ocrx_word' id='word_1_176' title='bbox 543 3213 721 3304; x_wconf 74' lang='lat' dir='ltr'><em>sisariae,</em></span> <span class='ocrx_word' id='word_1_177' title='bbox 746 3227 881 3295; x_wconf 88' lang='lat' dir='ltr'><em>partem</em></span> <span class='ocrx_word' id='word_1_178' title='bbox 899 3228 1028 3297; x_wconf 83' lang='lat' dir='ltr'><em>petam.</em></span> <span class='ocrx_word' id='word_1_179' title='bbox 1061 3221 1207 3280; x_wconf 87' lang='lat' dir='ltr'><em>Parum-</em></span> 
     </span>
     <span class='ocr_line' id='line_1_28' title="bbox 156 3318 1207 3400; baseline 0.002 -22"><span class='ocrx_word' id='word_1_180' title='bbox 156 3339 199 3378; x_wconf 89' lang='lat' dir='ltr'><em>ne</em></span> <span class='ocrx_word' id='word_1_181' title='bbox 214 3318 399 3379; x_wconf 85' lang='lat' dir='ltr'><em>declaravit</em></span> <span class='ocrx_word' id='word_1_182' title='bbox 423 3319 473 3379; x_wconf 86' lang='lat' dir='ltr'><em>vir</em></span> <span class='ocrx_word' id='word_1_183' title='bbox 488 3319 624 3400; x_wconf 79' lang='lat' dir='ltr'><em>gravis,</em></span> <span class='ocrx_word' id='word_1_184' title='bbox 646 3321 721 3400; x_wconf 83' lang='lat' dir='ltr'><em>lege</em></span> <span class='ocrx_word' id='word_1_185' title='bbox 737 3319 942 3399; x_wconf 84' lang='lat' dir='ltr'><em>Sempronia</em></span> <span class='ocrx_word' id='word_1_186' title='bbox 954 3319 1207 3400; x_wconf 80' lang='lat' dir='ltr'><em>patrimonium</em></span> 
     </span>
     <span class='ocr_line' id='line_1_29' title="bbox 155 3419 1208 3502; baseline 0.004 -23"><span class='ocrx_word' id='word_1_187' title='bbox 155 3419 331 3501; x_wconf 85' lang='lat' dir='ltr'><em>publicum</em></span> <span class='ocrx_word' id='word_1_188' title='bbox 352 3420 546 3502; x_wconf 67' lang='lat' dir='ltr'><em>dissipari?</em></span> <span class='ocrx_word' id='word_1_189' title='bbox 583 3424 676 3502; x_wconf 84' lang='lat' dir='ltr'><em>Lege</em></span> <span class='ocrx_word' id='word_1_190' title='bbox 698 3421 874 3483; x_wconf 85' lang='lat' dir='ltr'><em>orationes</em></span> <span class='ocrx_word' id='word_1_191' title='bbox 898 3422 1063 3494; x_wconf 83' lang='lat' dir='ltr'><em>Gracchi,</em></span> <span class='ocrx_word' id='word_1_192' title='bbox 1088 3433 1208 3500; x_wconf 85' lang='lat' dir='ltr'><em>patro·</em></span> 
     </span>
     <span class='ocr_line' id='line_1_30' title="bbox 157 3521 624 3584; baseline 0.002 -3"><span class='ocrx_word' id='word_1_193' title='bbox 157 3541 242 3582; x_wconf 88' lang='lat' dir='ltr'><em>num</em></span> <span class='ocrx_word' id='word_1_194' title='bbox 267 3523 400 3584; x_wconf 89' lang='lat' dir='ltr'><em>aerarii</em></span> <span class='ocrx_word' id='word_1_195' title='bbox 424 3544 497 3584; x_wconf 87' lang='lat' dir='ltr'><em>esse</em></span> <span class='ocrx_word' id='word_1_196' title='bbox 521 3521 624 3584; x_wconf 90' lang='lat' dir='ltr'><em>dices.</em></span> 
     </span>
    </p>
   </div>
   <div class='ocr_carea' id='block_1_6' title="bbox 256 3754 1114 3824">
    <p class='ocr_par' dir='ltr' id='par_1_7' title="bbox 256 3754 1114 3824">
     <span class='ocr_line' id='line_1_31' title="bbox 256 3754 1114 3824; baseline -0.001 -14"><span class='ocrx_word' id='word_1_197' title='bbox 256 3755 302 3810; x_wconf 77' lang='lat'><em>12.</em></span> <span class='ocrx_word' id='word_1_198' title='bbox 343 3754 442 3811; x_wconf 82' lang='lat' dir='ltr'><em>Oratio</em></span> <span class='ocrx_word' id='word_1_199' title='bbox 464 3756 493 3811; x_wconf 89' lang='lat' dir='ltr'><em>in</em></span> <span class='ocrx_word' id='word_1_200' title='bbox 512 3755 716 3824; x_wconf 78' lang='lat' dir='ltr'><em>L,Caecilium</em></span> <span class='ocrx_word' id='word_1_201' title='bbox 733 3757 881 3813; x_wconf 85' lang='lat' dir='ltr'><em>Metellum</em></span> <span class='ocrx_word' id='word_1_202' title='bbox 904 3757 1114 3812; x_wconf 74' lang='lat' dir='ltr'><em>Diadematum.</em></span> 
     </span>
    </p>
   </div>
   <div class='ocr_carea' id='block_1_7' title="bbox 156 3901 1214 4394">
    <p class='ocr_par' dir='ltr' id='par_1_8' title="bbox 156 3901 1214 4394">
     <span class='ocr_line' id='line_1_32' title="bbox 224 3901 1213 3990; baseline -0.006 -24"><span class='ocrx_word' id='word_1_203' title='bbox 224 3904 273 3966; x_wconf 92' lang='lat' dir='ltr'><em>Ea</em></span> <span class='ocrx_word' id='word_1_204' title='bbox 302 3904 388 3966; x_wconf 85' lang='lat' dir='ltr'><em>dicta</em></span> <span class='ocrx_word' id='word_1_205' title='bbox 415 3905 542 3968; x_wconf 88' lang='lat' dir='ltr'><em>videtur</em></span> <span class='ocrx_word' id='word_1_206' title='bbox 569 3927 600 3967; x_wconf 90' lang='lat' dir='ltr'><em>a.</em></span> <span class='ocrx_word' id='word_1_207' title='bbox 625 3908 686 3968; x_wconf 74' lang='lat'><em>632</em></span> <span class='ocrx_word' id='word_1_208' title='bbox 718 3907 821 3990; x_wconf 82' lang='grc'><strong>(133).</strong></span> <span class='ocrx_word' id='word_1_209' title='bbox 868 3906 998 3968; x_wconf 87' lang='lat' dir='ltr'><em>Ellendt</em></span> <span class='ocrx_word' id='word_1_210' title='bbox 1029 3924 1061 3981; x_wconf 87' lang='lat' dir='ltr'><em>p.</em></span> <span class='ocrx_word' id='word_1_211' title='bbox 1092 3901 1213 3962; x_wconf 90' lang='lat' dir='ltr'>XLIV</span> 
     </span>
     <span class='ocr_line' id='line_1_33' title="bbox 161 4003 1214 4087; baseline -0.009 -19"><span class='ocrx_word' id='word_1_212' title='bbox 161 4004 295 4069; x_wconf 80' lang='lat' dir='ltr'><em>scribit:</em></span> <span class='ocrx_word' id='word_1_213' title='bbox 319 4010 502 4071; x_wconf 77' lang='lat' dir='ltr'><em>Metallum</em></span> <span class='ocrx_word' id='word_1_214' title='bbox 524 4007 771 4070; x_wconf 77' lang='lat' dir='ltr'><em>Diadematum</em></span> <span class='ocrx_word' id='word_1_215' title='bbox 795 4008 969 4087; x_wconf 81' lang='lat' dir='ltr'><em>intellige,</em></span> <span class='ocrx_word' id='word_1_216' title='bbox 995 4003 1168 4062; x_wconf 84' lang='lat' dir='ltr'><em>diuersum</em></span> <span class='ocrx_word' id='word_1_217' title='bbox 1191 4022 1214 4060; x_wconf 89' lang='lat' dir='ltr'><em>a</em></span> 
     </span>
     <span class='ocr_line' id='line_1_34' title="bbox 156 4105 1214 4194; baseline -0.009 -22"><span class='ocrx_word' id='word_1_218' title='bbox 156 4109 382 4172; x_wconf 86' lang='lat' dir='ltr'><em>Dalmatico:</em></span> <span class='ocrx_word' id='word_1_219' title='bbox 404 4129 498 4194; x_wconf 85' lang='lat' dir='ltr'><em>quem</em></span> <span class='ocrx_word' id='word_1_220' title='bbox 520 4129 550 4168; x_wconf 90' lang='lat' dir='ltr'><em>a.</em></span> <span class='ocrx_word' id='word_1_221' title='bbox 568 4108 628 4168; x_wconf 76' lang='lat'><em>632</em></span> <span class='ocrx_word' id='word_1_222' title='bbox 648 4109 739 4186; x_wconf 84' lang='grc'><strong>(133)</strong></span> <span class='ocrx_word' id='word_1_223' title='bbox 763 4119 944 4188; x_wconf 85' lang='lat' dir='ltr'><em>praeturam</em></span> <span class='ocrx_word' id='word_1_224' title='bbox 964 4105 1115 4163; x_wconf 85' lang='lat' dir='ltr'><em>urbanam</em></span> <span class='ocrx_word' id='word_1_225' title='bbox 1142 4124 1214 4186; x_wconf 82' lang='lat' dir='ltr'><em>ges-</em></span> 
     </span>
     <span class='ocr_line' id='line_1_35' title="bbox 158 4203 1214 4293; baseline -0.008 -21"><span class='ocrx_word' id='word_1_226' title='bbox 158 4209 241 4272; x_wconf 80' lang='lat' dir='ltr'><em>sisse</em></span> <span class='ocrx_word' id='word_1_227' title='bbox 269 4209 402 4274; x_wconf 80' lang='lat' dir='ltr'><em>tradidit</em></span> <span class='ocrx_word' id='word_1_228' title='bbox 429 4208 579 4289; x_wconf 81' lang='lat' dir='ltr'><em>Pighius.</em></span> <span class='ocrx_word' id='word_1_229' title='bbox 624 4207 767 4293; x_wconf 80' lang='lat' dir='ltr'><em>Eiusque</em></span> <span class='ocrx_word' id='word_1_230' title='bbox 797 4207 876 4270; x_wconf 82' lang='lat' dir='ltr'><em>lecit</em></span> <span class='ocrx_word' id='word_1_231' title='bbox 906 4203 1096 4266; x_wconf 69' lang='lat' dir='ltr'><em>uocationem</em></span> <span class='ocrx_word' id='word_1_232' title='bbox 1129 4203 1214 4266; x_wconf 87' lang='lat' dir='ltr'><em>Dru·</em></span> 
     </span>
     <span class='ocr_line' id='line_1_36' title="bbox 161 4311 521 4394; baseline -0.003 -21"><span class='ocrx_word' id='word_1_233' title='bbox 161 4333 294 4381; x_wconf 80' lang='lat' dir='ltr'><em>maanus</em></span> <span class='ocrx_word' id='word_1_234' title='bbox 316 4323 342 4375; x_wconf 86' lang='lat' dir='ltr'><em>t.</em></span> <span class='ocrx_word' id='word_1_235' title='bbox 361 4314 392 4376; x_wconf 86' lang='grc'><em>3.</em></span> <span class='ocrx_word' id='word_1_236' title='bbox 414 4335 450 4394; x_wconf 91' lang='lat' dir='ltr'><em>p.</em></span> <span class='ocrx_word' id='word_1_237' title='bbox 466 4311 521 4372; x_wconf 89' lang='grc'><em>31.</em></span> 
     </span>
    </p>
   </div>
   <div class='ocr_carea' id='block_1_8' title="bbox 0 0 1507 4840">
    <p class='ocr_par' dir='ltr' id='par_1_9' title="bbox 0 0 1507 4840">
     <span class='ocr_line' id='line_1_37' title="bbox 0 0 1507 4840; baseline 0 0"><span class='ocrx_word' id='word_1_238' title='bbox 0 0 1507 4840; x_wconf 95' lang='lat' dir='ltr'><em> </em></span> 
     </span>
    </p>
   </div>
  </div>
 </body>
</html>
