2970 4836
1168 350 1206 412 51

158 509 270 570 multa
295 501 511 593 suffragium
522 500 633 594 ferre
655 503 774 580 voluit,
798 516 832 567 et
854 504 1047 572 tribuniae
1066 509 1207 591 negotio

158 610 379 674 destiterunt.

223 713 276 775 M.
303 710 388 775 Cato
417 709 500 774 inter
532 721 627 773 testes
658 721 808 792 apparet,
842 710 917 795 quia
950 711 1074 796 legatus
1102 713 1207 778 fuerat

160 814 267 878 Manii
294 812 394 878 Acilii
424 811 611 875 Glabrionis
638 811 779 876 consulis
807 834 889 878 anno
916 815 978 877 563
1005 817 1112 894 (191),
1137 819 1206 892 vel,

159 917 187 980 si
219 917 289 980 aliis
322 915 432 998 potius
465 915 611 976 habenda
647 913 709 978 erit
739 916 841 992 fides,
877 915 1024 980 tribunus
1057 919 1205 984 militum.

159 1017 276 1099 (Cous.
297 1019 410 1082 Duker
428 1029 459 1080 et
483 1017 720 1080 Drakenborch
741 1021 781 1080 ad
807 1017 896 1081 Livii
918 1020 969 1096 36,
985 1024 1097 1101 17,1.)
1129 1023 1206 1086 Gla-

159 1121 234 1185 brio
256 1133 358 1184 autem
385 1123 429 1184 ob
455 1141 523 1182 eam
548 1140 615 1182 rem
642 1122 680 1182 de
703 1119 878 1183 intestabili
904 1121 1049 1203 periurio
1076 1137 1206 1209 questus

158 1235 220 1301 est,
244 1223 319 1308 quia
342 1223 481 1307 legatum
502 1234 614 1286 contra
637 1221 864 1304 imperatorem
884 1246 973 1286 suum
992 1224 1206 1291 testimonium

160 1326 268 1390 dicere
294 1323 427 1408 impium
451 1326 642 1388 habebatur.
790 1409 792 1414 Ι

225 1429 339 1492 Festus
375 1432 564 1493 Penatores
600 1448 633 1509 p.
663 1427 738 1491 237.
783 1429 983 1506 Penatores,
1017 1431 1072 1516 qui
1107 1455 1207 1516 penus

161 1543 299 1614 gestant.
354 1533 442 1596 Cato
475 1531 643 1594 adversus
676 1529 838 1595 Manium
868 1533 1019 1597 Acilium
1056 1549 1205 1619 quarta:

156 1646 344 1718 postquam
364 1632 529 1696 nativitas
553 1655 600 1696 ex
626 1634 769 1698 navibus
794 1635 923 1711 eduxi,
954 1657 1023 1703 non
1045 1661 1093 1701 ex
1116 1641 1205 1704 mili·

160 1737 252 1800 tibus
272 1749 375 1821 atque
398 1736 517 1799 nautis
537 1736 732 1819 piscatores
749 1749 936 1820 penatores
951 1739 1023 1817 saci
1043 1742 1207 1807 sedarum

159 1839 253 1904 dedi.

195 1981 330 2044 nativitas]
357 1983 457 2030 navitae
472 1985 529 2028 Ant.
544 1981 702 2044 Augustinus.
724 1985 770 2030 Sed
790 2001 819 2031 ns
832 1987 867 2031 sis
886 1987 981 2044 quidem
999 2002 1084 2034 seusus
1097 1997 1205 2045 apertus.

189 2109 240 2174 firi
261 2107 392 2169 sedarum]
431 2107 517 2172 ψεῖ,
546 2109 593 2156 sed
617 2124 708 2154 aarum
738 2113 897 2166 probabiliter
925 2113 1013 2158 Dseier
1034 2117 1051 2160 i.
1075 2129 1097 2160 e.
1119 2119 1209 2172 stipen-

231 2201 313 2254 dium,
342 2201 405 2256 quod
430 2200 547 2246 rsstsbst.
596 2199 710 2244 Fortasse
736 2204 791 2243 nots
817 2213 839 2244 v.
866 2207 999 2261 argentum
1024 2204 1047 2246 in
1071 2205 1207 2262 antiquiore

230 2290 284 2332 cod.
307 2290 396 2332 fuerat.
442 2287 489 2332 Sed
508 2289 575 2332 locus
595 2289 698 2332 nondum
718 2293 813 2332 sanstus
834 2290 937 2337 videtur.
975 2285 1144 2337 Fiscellarurn
1164 2308 1207 2338 vo·

231 2375 276 2420 luit
294 2375 403 2434 Poprns,
422 2376 513 2430 inepte.
554 2373 585 2420 A.
606 2375 669 2434 Aug.
693 2377 876 2430 suspicabatur,
897 2391 911 2420 s
933 2376 1023 2423 Catone
1045 2394 1091 2424 non
1110 2387 1208 2436 penato·

232 2477 282 2518 res,
309 2464 351 2508 sed
370 2468 498 2508 usnetarss
520 2464 635 2520 scriptum
657 2464 762 2508 tuisss.“
781 2464 881 2510 notter.

360 2717 408 2774 21.
436 2716 535 2774 Oratio
555 2717 586 2772 iu
609 2715 649 2772 M.
671 2714 800 2771 Fulvium
819 2711 1005 2771 Nobiliorem.

226 2870 318 2931 Haec
341 2867 448 2932 oratio
473 2866 602 2930 videtur
621 2863 731 2928 habita
755 2885 840 2929 anno
862 2865 924 2928 567
947 2863 1051 2945 (187).
1096 2867 1209 2953 anue
1243 2912 1245 2920 ‚

162 2970 319 3052 impedire
344 2969 448 3034 voluit
471 2968 569 3047 Cato,
594 2967 764 3053 quominus
785 2966 939 3048 triumphi
961 2969 1068 3032 bonor
1088 2970 1207 3034 Fulvio

164 3055 404 3136 decerneretur.
449 3071 582 3137 Obiecit
610 3068 764 3145 enimsi,
790 3072 879 3153 quod
901 3068 934 3132 in
961 3069 1091 3134 Aetolia
1117 3093 1210 3134 exer·

163 3177 259 3240 citum
287 3175 514 3257 largitionibus
542 3173 752 3256 corrupisset,
777 3193 793 3234 a
818 3183 927 3236 vetere
948 3174 1120 3238 severitate
1142 3176 1208 3238 dis·

165 3279 303 3362 ciplinae
326 3279 471 3342 militaris
498 3276 704 3351 decessisset,
731 3286 763 3338 et
787 3273 986 3355 provinciam
1010 3277 1091 3340 male
1112 3277 1209 3341 admi·

165 3382 341 3446 nistrasset.
386 3381 621 3464 Argumentum
652 3378 833 3461 suppeditat
863 3375 979 3440 Livius
1007 3379 1064 3442 lib.
1093 3381 1152 3456 39,
1176 3382 1208 3445 lt.

166 3486 373 3569 Priusquam
403 3486 561 3548 consules
598 3481 751 3545 redirent
786 3485 954 3555 Romam,
986 3485 1042 3545 M.
1072 3485 1210 3548 Fuluius

163 3590 351 3670 proconsul
374 3609 421 3649 ear
443 3585 583 3650 Aetolia
605 3584 709 3646 rediit
716 3606 727 3656 ;
749 3583 846 3666 isque
867 3583 915 3645 ad
935 3583 1056 3646 aedem
1077 3587 1211 3668 Apolli-

166 3691 220 3751 nis
245 3689 281 3750 in
308 3700 432 3752 senatu
451 3709 529 3750 cum
557 3690 599 3750 de
625 3687 729 3750 rebus
750 3686 786 3748 in
812 3685 951 3748 Aetolia
973 3688 1210 3768 Cephallenia-

165 3813 230 3874 que
254 3793 298 3854 ab
322 3813 359 3854 se
381 3791 492 3874 gestis
521 3790 759 3864 disseruisset,
788 3787 891 3870 petiit
916 3809 940 3850 a
965 3791 1144 3871 patribus,
1172 3804 1211 3853 ut

165 3913 314 3977 aequum
331 3905 509 3956 censerent
528 3892 572 3955 ob
596 3914 670 3956 rem
691 3891 865 3974 publicam
890 3891 972 3953 bene
992 3912 1033 3952 ac
1047 3889 1210 3979 feliciter

165 4007 301 4078 gestam
323 4007 357 4058 et
381 3996 449 4059 diis
480 3995 733 4060 immortalibus
759 3997 925 4058 honorem
950 3992 1069 4054 haberi
1093 3991 1210 4056 iubere

165 4109 199 4161 et
223 4097 290 4160 sibi
311 4098 525 4173 triumuirum
550 4097 746 4160 decernere.
796 4099 853 4160 M.
877 4093 1030 4157 Aburius
1051 4089 1212 4158 tribunus

164 4199 291 4282 piebis,
323 4201 353 4263 si
380 4201 465 4285 quid
492 4201 534 4263 de
564 4221 606 4263 ea
634 4223 673 4263 re
701 4211 781 4262 ante
812 4198 869 4261 M.
891 4192 1032 4258 Aemilii
1060 4198 1212 4260 consulis

165 4301 351 4366 aduentum
382 4304 643 4378 decerneretur,
677 4299 949 4363 intercessuram
976 4317 1012 4358 se
1039 4299 1211 4373 ostendit,
