<?xml version="1.0" encoding="UTF-8"?>
<!DOCTYPE html PUBLIC "-//W3C//DTD XHTML 1.0 Transitional//EN"
    "http://www.w3.org/TR/xhtml1/DTD/xhtml1-transitional.dtd">
<html xmlns="http://www.w3.org/1999/xhtml" xml:lang="en" lang="en">
 <head>
  <title>
</title>
<meta http-equiv="Content-Type" content="text/html;charset=utf-8" />
  <meta name='ocr-system' content='tesseract 3.04.00' />
  <meta name='ocr-capabilities' content='ocr_page ocr_carea ocr_par ocr_line ocrx_word'/>
</head>
<body>
  <div class='ocr_page' id='page_1' title='image "./oratorumromanor02meyegoog_0435.png"; bbox 0 0 2984 4842; ppageno 0'>
   <div class='ocr_carea' id='block_1_1' title="bbox 1208 375 1267 437">
    <p class='ocr_par' dir='ltr' id='par_1_1' title="bbox 1208 375 1267 437">
     <span class='ocr_line' id='line_1_1' title="bbox 1208 375 1267 437; baseline 0.017 -1"><span class='ocrx_word' id='word_1_1' title='bbox 1208 375 1267 437; x_wconf 76' lang='grc'><strong><em>115</em></strong></span> 
     </span>
    </p>
   </div>
   <div class='ocr_carea' id='block_1_2' title="bbox 214 523 1268 2550">
    <p class='ocr_par' dir='ltr' id='par_1_2' title="bbox 214 523 1268 1238">
     <span class='ocr_line' id='line_1_2' title="bbox 215 523 1268 621; baseline 0.001 -24"><span class='ocrx_word' id='word_1_2' title='bbox 215 532 513 620; x_wconf 75' lang='grc' dir='ltr'><em>πεφροντισμένον,</em></span> <span class='ocrx_word' id='word_1_3' title='bbox 555 523 597 608; x_wconf 80' lang='grc' dir='ltr'><strong><em>ὡς</em></strong></span> <span class='ocrx_word' id='word_1_4' title='bbox 631 524 822 597; x_wconf 77' lang='grc' dir='ltr'><em>ἀποκτεῖναι</em></span> <span class='ocrx_word' id='word_1_5' title='bbox 859 533 918 616; x_wconf 83' lang='grc' dir='ltr'><strong><em>μέν</em></strong></span> <span class='ocrx_word' id='word_1_6' title='bbox 952 526 1107 621; x_wconf 75' lang='grc' dir='ltr'><strong><em>ἀκρίτους</em></strong></span> <span class='ocrx_word' id='word_1_7' title='bbox 1143 528 1268 618; x_wconf 70' lang='grc' dir='ltr'><em>ἄνδρας</em></span> 
     </span>
     <span class='ocr_line' id='line_1_3' title="bbox 215 627 1268 722; baseline 0.003 -23"><span class='ocrx_word' id='word_1_8' title='bbox 215 629 378 718; x_wconf 80' lang='grc' dir='ltr'><em>ἀξιώματι</em></span> <span class='ocrx_word' id='word_1_9' title='bbox 404 637 459 698; x_wconf 77' lang='grc' dir='ltr'><strong><em>καὶ</em></strong></span> <span class='ocrx_word' id='word_1_10' title='bbox 481 636 566 718; x_wconf 75' lang='grc' dir='ltr'><em>γένει</em></span> <span class='ocrx_word' id='word_1_11' title='bbox 588 627 760 721; x_wconf 71' lang='grc' dir='ltr'><em>λαμπρούς</em></span> <span class='ocrx_word' id='word_1_12' title='bbox 782 628 820 698; x_wconf 81' lang='grc' dir='ltr'><strong><em>οὐ</em></strong></span> <span class='ocrx_word' id='word_1_13' title='bbox 844 631 1094 722; x_wconf 68' lang='lat' dir='ltr'><strong><em>(lancinamur</em></strong></span> <span class='ocrx_word' id='word_1_14' title='bbox 1114 629 1192 702; x_wconf 78' lang='grc' dir='ltr'><em>οὐδὲ</em></span> <span class='ocrx_word' id='word_1_15' title='bbox 1220 636 1268 702; x_wconf 84' lang='grc' dir='ltr'><strong><em>ὁὶ-</em></strong></span> 
     </span>
     <span class='ocr_line' id='line_1_4' title="bbox 216 725 1267 828; baseline 0.003 -26"><span class='ocrx_word' id='word_1_16' title='bbox 216 760 313 803; x_wconf 83' lang='grc' dir='ltr'><em>καιον</em></span> <span class='ocrx_word' id='word_1_17' title='bbox 335 725 437 815; x_wconf 82' lang='grc' dir='ltr'><em>εἶναι,</em></span> <span class='ocrx_word' id='word_1_18' title='bbox 458 733 503 823; x_wconf 81' lang='grc' dir='ltr'><strong><em>μὴ</em></strong></span> <span class='ocrx_word' id='word_1_19' title='bbox 525 731 608 821; x_wconf 79' lang='grc' dir='ltr'><em>μετὰ</em></span> <span class='ocrx_word' id='word_1_20' title='bbox 628 736 687 815; x_wconf 82' lang='grc' dir='ltr'><strong><em>τῆς</em></strong></span> <span class='ocrx_word' id='word_1_21' title='bbox 709 730 847 822; x_wconf 75' lang='grc' dir='ltr'><em>ἐσχάτης</em></span> <span class='ocrx_word' id='word_1_22' title='bbox 869 731 1029 822; x_wconf 69' lang='grc' dir='ltr'><em>ἀνάγκης,</em></span> <span class='ocrx_word' id='word_1_23' title='bbox 1052 732 1083 802; x_wconf 82' lang='grc' dir='ltr'><strong><em>εἰ</em></strong></span> <span class='ocrx_word' id='word_1_24' title='bbox 1103 739 1138 803; x_wconf 78' lang='grc' dir='ltr'><strong><em>δὲ</em></strong></span> <span class='ocrx_word' id='word_1_25' title='bbox 1161 762 1267 828; x_wconf 78' lang='grc' dir='ltr'><em>φρον-</em></span> 
     </span>
     <span class='ocr_line' id='line_1_5' title="bbox 216 832 1268 924; baseline 0.001 -19"><span class='ocrx_word' id='word_1_26' title='bbox 216 845 328 924; x_wconf 81' lang='grc' dir='ltr'><em>ροῖντο</em></span> <span class='ocrx_word' id='word_1_27' title='bbox 360 841 514 916; x_wconf 73' lang='grc' dir='ltr'><strong><em>δεθέντες</em></strong></span> <span class='ocrx_word' id='word_1_28' title='bbox 546 840 579 904; x_wconf 88' lang='grc' dir='ltr'><strong><em>έν</em></strong></span> <span class='ocrx_word' id='word_1_29' title='bbox 609 832 723 903; x_wconf 79' lang='grc' dir='ltr'><em>πόλεσι</em></span> <span class='ocrx_word' id='word_1_30' title='bbox 754 839 812 918; x_wconf 77' lang='grc' dir='ltr'><strong><em>τῆς</em></strong></span> <span class='ocrx_word' id='word_1_31' title='bbox 840 833 1008 918; x_wconf 79' lang='grc' dir='ltr'><em>Ἰταλίας,</em></span> <span class='ocrx_word' id='word_1_32' title='bbox 1035 832 1076 916; x_wconf 70' lang='grc' dir='ltr'><strong><em>ἃς</em></strong></span> <span class='ocrx_word' id='word_1_33' title='bbox 1103 835 1145 905; x_wconf 72' lang='grc' dir='ltr'><strong><em>ἂν</em></strong></span> <span class='ocrx_word' id='word_1_34' title='bbox 1166 835 1268 917; x_wconf 81' lang='grc' dir='ltr'><em>αὐτὸς</em></span> 
     </span>
     <span class='ocr_line' id='line_1_6' title="bbox 216 929 1268 1035; baseline 0 -27"><span class='ocrx_word' id='word_1_35' title='bbox 216 945 330 1022; x_wconf 79' lang='grc' dir='ltr'><em>ἕληται</em></span> <span class='ocrx_word' id='word_1_36' title='bbox 368 943 537 1031; x_wconf 83' lang='grc' dir='ltr'><em>Κικέρων,</em></span> <span class='ocrx_word' id='word_1_37' title='bbox 571 943 666 1027; x_wconf 78' lang='grc' dir='ltr'><em>μέχρι</em></span> <span class='ocrx_word' id='word_1_38' title='bbox 698 929 737 1006; x_wconf 84' lang='grc' dir='ltr'><strong><em>οὗ</em></strong></span> <span class='ocrx_word' id='word_1_39' title='bbox 774 942 1041 1035; x_wconf 72' lang='grc' dir='ltr'><em>καταπολεμηθῇ</em></span> <span class='ocrx_word' id='word_1_40' title='bbox 1073 943 1268 1022; x_wconf 80' lang='grc' dir='ltr'><em>Κατιλίνας,</em></span> 
     </span>
     <span class='ocr_line' id='line_1_7' title="bbox 215 1036 1267 1139; baseline 0 -29"><span class='ocrx_word' id='word_1_41' title='bbox 215 1036 355 1133; x_wconf 74' lang='grc' dir='ltr'><em>ὕστερον</em></span> <span class='ocrx_word' id='word_1_42' title='bbox 387 1045 420 1109; x_wconf 82' lang='grc' dir='ltr'><strong><em>ἐν</em></strong></span> <span class='ocrx_word' id='word_1_43' title='bbox 456 1037 564 1136; x_wconf 78' lang='grc' dir='ltr'><em>εἰρήνη</em></span> <span class='ocrx_word' id='word_1_44' title='bbox 600 1047 656 1108; x_wconf 79' lang='grc' dir='ltr'><strong><em>καὶ</em></strong></span> <span class='ocrx_word' id='word_1_45' title='bbox 687 1038 776 1108; x_wconf 67' lang='grc' dir='ltr'><strong><em>καθ’</em></strong></span> <span class='ocrx_word' id='word_1_46' title='bbox 786 1038 925 1131; x_wconf 76' lang='grc' dir='ltr'><em>ἡσυχίαν</em></span> <span class='ocrx_word' id='word_1_47' title='bbox 956 1049 1029 1134; x_wconf 83' lang='grc' dir='ltr'><strong><em>περὶ</em></strong></span> <span class='ocrx_word' id='word_1_48' title='bbox 1060 1039 1200 1112; x_wconf 73' lang='grc' dir='ltr'><em>ἕκαστον</em></span> <span class='ocrx_word' id='word_1_49' title='bbox 1227 1043 1267 1139; x_wconf 76' lang='grc' dir='ltr'><strong><em>τῇ</em></strong></span> 
     </span>
     <span class='ocr_line' id='line_1_8' title="bbox 214 1139 945 1238; baseline -0.005 -26"><span class='ocrx_word' id='word_1_50' title='bbox 214 1146 318 1238; x_wconf 74' lang='grc' dir='ltr'><em>βουλῇ</em></span> <span class='ocrx_word' id='word_1_51' title='bbox 340 1146 461 1229; x_wconf 78' lang='grc' dir='ltr'><em>γνῶναι</em></span> <span class='ocrx_word' id='word_1_52' title='bbox 483 1139 628 1232; x_wconf 77' lang='grc' dir='ltr'><strong><em>ὑπάρξει.</em></strong></span> <span class='ocrx_word' id='word_1_53' title='bbox 941 1147 945 1154; x_wconf 71' lang='grc'><strong>“</strong></span> 
     </span>
    </p>

    <p class='ocr_par' dir='ltr' id='par_1_3' title="bbox 216 1247 1267 2550">
     <span class='ocr_line' id='line_1_9' title="bbox 280 1247 1263 1314; baseline 0.005 -5"><span class='ocrx_word' id='word_1_54' title='bbox 280 1250 414 1311; x_wconf 83' lang='lat' dir='ltr'><strong><em>Sueten.</em></strong></span> <span class='ocrx_word' id='word_1_55' title='bbox 440 1247 562 1312; x_wconf 86' lang='lat' dir='ltr'><strong><em>Caesar</em></strong></span> <span class='ocrx_word' id='word_1_56' title='bbox 587 1250 639 1311; x_wconf 84' lang='grc'><strong><em>11.</em></strong></span> <span class='ocrx_word' id='word_1_57' title='bbox 668 1252 816 1313; x_wconf 86' lang='lat' dir='ltr'><strong><em>Praetor</em></strong></span> <span class='ocrx_word' id='word_1_58' title='bbox 837 1261 973 1312; x_wconf 88' lang='lat' dir='ltr'><strong><em>creatus</em></strong></span> <span class='ocrx_word' id='word_1_59' title='bbox 998 1251 1128 1313; x_wconf 78' lang='lat' dir='ltr'><strong><em>detecta</em></strong></span> <span class='ocrx_word' id='word_1_60' title='bbox 1145 1252 1263 1314; x_wconf 90' lang='lat' dir='ltr'><strong><em>coniu-</em></strong></span> 
     </span>
     <span class='ocr_line' id='line_1_10' title="bbox 218 1350 1266 1444; baseline 0.002 -30"><span class='ocrx_word' id='word_1_61' title='bbox 218 1351 352 1414; x_wconf 89' lang='lat' dir='ltr'><strong><em>ratione</em></strong></span> <span class='ocrx_word' id='word_1_62' title='bbox 383 1350 567 1425; x_wconf 78' lang='lat' dir='ltr'><strong><em>Catilinae,</em></strong></span> <span class='ocrx_word' id='word_1_63' title='bbox 599 1364 785 1436; x_wconf 78' lang='lat' dir='ltr'><strong><em>senatuque</em></strong></span> <span class='ocrx_word' id='word_1_64' title='bbox 815 1352 976 1416; x_wconf 86' lang='lat' dir='ltr'><strong><em>uniuerso</em></strong></span> <span class='ocrx_word' id='word_1_65' title='bbox 1005 1352 1041 1414; x_wconf 90' lang='lat' dir='ltr'><strong><em>in.</em></strong></span> <span class='ocrx_word' id='word_1_66' title='bbox 1071 1353 1266 1444; x_wconf 84' lang='lat' dir='ltr'><strong><em>sociosfa·</em></strong></span> 
     </span>
     <span class='ocr_line' id='line_1_11' title="bbox 217 1453 1266 1537; baseline 0.005 -23"><span class='ocrx_word' id='word_1_67' title='bbox 217 1453 346 1516; x_wconf 89' lang='lat' dir='ltr'><strong><em>cinaris</em></strong></span> <span class='ocrx_word' id='word_1_68' title='bbox 369 1453 527 1516; x_wconf 90' lang='lat' dir='ltr'><strong><em>ultimam</em></strong></span> <span class='ocrx_word' id='word_1_69' title='bbox 548 1461 719 1516; x_wconf 81' lang='lat' dir='ltr'><strong><em>statuente</em></strong></span> <span class='ocrx_word' id='word_1_70' title='bbox 738 1476 888 1536; x_wconf 89' lang='lat' dir='ltr'><strong><em>poenam</em></strong></span> <span class='ocrx_word' id='word_1_71' title='bbox 910 1457 1005 1518; x_wconf 87' lang='lat' dir='ltr'><strong><em>solus</em></strong></span> <span class='ocrx_word' id='word_1_72' title='bbox 1027 1455 1266 1537; x_wconf 76' lang='lat' dir='ltr'><strong><em>municipatim</em></strong></span> 
     </span>
     <span class='ocr_line' id='line_1_12' title="bbox 216 1555 1266 1639; baseline 0.003 -22"><span class='ocrx_word' id='word_1_73' title='bbox 216 1555 417 1618; x_wconf 78' lang='lat' dir='ltr'><strong><em>dioitlenclos</em></strong></span> <span class='ocrx_word' id='word_1_74' title='bbox 446 1557 753 1639; x_wconf 84' lang='lat' dir='ltr'><strong><em>custodiendosque</em></strong></span> <span class='ocrx_word' id='word_1_75' title='bbox 779 1558 963 1639; x_wconf 87' lang='lat' dir='ltr'><strong><em>publicatis</em></strong></span> <span class='ocrx_word' id='word_1_76' title='bbox 991 1557 1089 1620; x_wconf 90' lang='lat' dir='ltr'><strong><em>bonis</em></strong></span> <span class='ocrx_word' id='word_1_77' title='bbox 1117 1558 1266 1633; x_wconf 76' lang='lat' dir='ltr'><strong><em>censuit,</em></strong></span> 
     </span>
     <span class='ocr_line' id='line_1_13' title="bbox 217 1657 1261 1742; baseline 0.003 -23"><span class='ocrx_word' id='word_1_78' title='bbox 217 1657 298 1741; x_wconf 86' lang='lat' dir='ltr'><strong><em>quin</em></strong></span> <span class='ocrx_word' id='word_1_79' title='bbox 321 1669 354 1719; x_wconf 91' lang='lat' dir='ltr'><strong><em>et</em></strong></span> <span class='ocrx_word' id='word_1_80' title='bbox 375 1669 510 1719; x_wconf 90' lang='lat' dir='ltr'><strong><em>tantum</em></strong></span> <span class='ocrx_word' id='word_1_81' title='bbox 533 1670 660 1719; x_wconf 88' lang='lat' dir='ltr'><strong><em>metum</em></strong></span> <span class='ocrx_word' id='word_1_82' title='bbox 682 1658 798 1720; x_wconf 89' lang='lat' dir='ltr'><strong><em>iniecit</em></strong></span> <span class='ocrx_word' id='word_1_83' title='bbox 820 1659 1003 1740; x_wconf 75' lang='lat' dir='ltr'><strong><em>asperiora</em></strong></span> <span class='ocrx_word' id='word_1_84' title='bbox 1023 1658 1261 1742; x_wconf 19' lang='lat' dir='ltr'><strong><em>*secedentibuu</em></strong></span> 
     </span>
     <span class='ocr_line' id='line_1_14' title="bbox 218 1755 1267 1844; baseline 0.002 -22"><span class='ocrx_word' id='word_1_85' title='bbox 218 1759 404 1840; x_wconf 81' lang='lat' dir='ltr'><strong><em>identidem</em></strong></span> <span class='ocrx_word' id='word_1_86' title='bbox 426 1771 614 1835; x_wconf 73' lang='lat' dir='ltr'><strong><em>ostentans,</em></strong></span> <span class='ocrx_word' id='word_1_87' title='bbox 640 1773 770 1843; x_wconf 82' lang='lat' dir='ltr'><strong><em>quanta</em></strong></span> <span class='ocrx_word' id='word_1_88' title='bbox 791 1783 850 1824; x_wconf 92' lang='lat' dir='ltr'><strong><em>eos</em></strong></span> <span class='ocrx_word' id='word_1_89' title='bbox 873 1755 907 1824; x_wconf 89' lang='lat' dir='ltr'><strong><em>in</em></strong></span> <span class='ocrx_word' id='word_1_90' title='bbox 927 1774 1105 1843; x_wconf 89' lang='lat' dir='ltr'><strong><em>posterum</em></strong></span> <span class='ocrx_word' id='word_1_91' title='bbox 1127 1783 1149 1823; x_wconf 93' lang='lat' dir='ltr'><strong><em>a</em></strong></span> <span class='ocrx_word' id='word_1_92' title='bbox 1167 1762 1267 1844; x_wconf 83' lang='lat' dir='ltr'><strong><em>plebe</em></strong></span> 
     </span>
     <span class='ocr_line' id='line_1_15' title="bbox 221 1862 1267 1936; baseline 0.002 -12"><span class='ocrx_word' id='word_1_93' title='bbox 221 1883 367 1924; x_wconf 89' lang='lat' dir='ltr'><strong><em>romana</em></strong></span> <span class='ocrx_word' id='word_1_94' title='bbox 390 1874 544 1924; x_wconf 89' lang='lat' dir='ltr'><strong><em>maneret</em></strong></span> <span class='ocrx_word' id='word_1_95' title='bbox 567 1862 715 1936; x_wconf 79' lang='lat' dir='ltr'><strong><em>inuidia,</em></strong></span> <span class='ocrx_word' id='word_1_96' title='bbox 742 1875 781 1925; x_wconf 91' lang='lat' dir='ltr'><strong><em>ut</em></strong></span> <span class='ocrx_word' id='word_1_97' title='bbox 803 1865 984 1930; x_wconf 90' lang='lat' dir='ltr'><strong><em>Decimum</em></strong></span> <span class='ocrx_word' id='word_1_98' title='bbox 1007 1866 1165 1928; x_wconf 86' lang='lat' dir='ltr'><strong><em>Silanum</em></strong></span> <span class='ocrx_word' id='word_1_99' title='bbox 1186 1885 1267 1928; x_wconf 90' lang='lat' dir='ltr'><strong><em>con·</em></strong></span> 
     </span>
     <span class='ocr_line' id='line_1_16' title="bbox 217 1964 1263 2048; baseline 0.003 -22"><span class='ocrx_word' id='word_1_100' title='bbox 217 1967 326 2026; x_wconf 89' lang='lat' dir='ltr'><strong><em>sulem</em></strong></span> <span class='ocrx_word' id='word_1_101' title='bbox 360 1964 580 2046; x_wconf 81' lang='lat' dir='ltr'><strong><em>designatum</em></strong></span> <span class='ocrx_word' id='word_1_102' title='bbox 613 1985 681 2028; x_wconf 92' lang='lat' dir='ltr'><strong><em>non</em></strong></span> <span class='ocrx_word' id='word_1_103' title='bbox 717 1965 874 2048; x_wconf 79' lang='lat' dir='ltr'><strong><em>piguerit</em></strong></span> <span class='ocrx_word' id='word_1_104' title='bbox 913 1967 1120 2042; x_wconf 74' lang='lat' dir='ltr'><strong><em>sententiam</em></strong></span> <span class='ocrx_word' id='word_1_105' title='bbox 1150 1988 1263 2043; x_wconf 86' lang='lat' dir='ltr'><strong><em>suam,</em></strong></span> 
     </span>
     <span class='ocr_line' id='line_1_17' title="bbox 216 2067 1263 2151; baseline 0.003 -23"><span class='ocrx_word' id='word_1_106' title='bbox 216 2067 299 2151; x_wconf 82' lang='lat' dir='ltr'><strong><em>quia</em></strong></span> <span class='ocrx_word' id='word_1_107' title='bbox 321 2079 456 2128; x_wconf 90' lang='lat' dir='ltr'><strong><em>mutare</em></strong></span> <span class='ocrx_word' id='word_1_108' title='bbox 478 2078 578 2147; x_wconf 88' lang='lat' dir='ltr'><strong><em>turpe</em></strong></span> <span class='ocrx_word' id='word_1_109' title='bbox 608 2079 701 2142; x_wconf 91' lang='lat' dir='ltr'><strong><em>erat,</em></strong></span> <span class='ocrx_word' id='word_1_110' title='bbox 734 2067 1017 2151; x_wconf 81' lang='lat' dir='ltr'><strong><em>interpretatione</em></strong></span> <span class='ocrx_word' id='word_1_111' title='bbox 1045 2069 1152 2131; x_wconf 89' lang='lat' dir='ltr'><strong><em>lenire</em></strong></span> <span class='ocrx_word' id='word_1_112' title='bbox 1173 2072 1263 2131; x_wconf 84' lang='lat' dir='ltr'><strong><em>vetut</em></strong></span> 
     </span>
     <span class='ocr_line' id='line_1_18' title="bbox 217 2167 1265 2256; baseline 0 -25"><span class='ocrx_word' id='word_1_113' title='bbox 217 2169 377 2256; x_wconf 83' lang='lat' dir='ltr'><strong><em>gravius,</em></strong></span> <span class='ocrx_word' id='word_1_114' title='bbox 402 2167 504 2253; x_wconf 80' lang='lat' dir='ltr'><strong><em>atque</em></strong></span> <span class='ocrx_word' id='word_1_115' title='bbox 526 2169 599 2252; x_wconf 88' lang='lat' dir='ltr'><strong><em>ipse</em></strong></span> <span class='ocrx_word' id='word_1_116' title='bbox 621 2171 802 2242; x_wconf 83' lang='lat' dir='ltr'><strong><em>sensisset,</em></strong></span> <span class='ocrx_word' id='word_1_117' title='bbox 827 2184 1019 2252; x_wconf 79' lang='lat' dir='ltr'><strong><em>exceptam,</em></strong></span> <span class='ocrx_word' id='word_1_118' title='bbox 1045 2171 1265 2232; x_wconf 89' lang='lat' dir='ltr'><strong><em>obtinuisset·</em></strong></span> 
     </span>
     <span class='ocr_line' id='line_1_19' title="bbox 218 2270 1264 2354; baseline 0.001 -22"><span class='ocrx_word' id='word_1_119' title='bbox 218 2293 282 2353; x_wconf 78' lang='lat' dir='ltr'><strong><em>que</em></strong></span> <span class='ocrx_word' id='word_1_120' title='bbox 303 2271 392 2334; x_wconf 88' lang='lat' dir='ltr'><strong><em>adeo</em></strong></span> <span class='ocrx_word' id='word_1_121' title='bbox 419 2272 631 2334; x_wconf 73' lang='lat' dir='ltr'><strong><em>transductis</em></strong></span> <span class='ocrx_word' id='word_1_122' title='bbox 661 2272 708 2333; x_wconf 75' lang='lat' dir='ltr'><strong><em>acl</em></strong></span> <span class='ocrx_word' id='word_1_123' title='bbox 735 2292 771 2333; x_wconf 76' lang='lat' dir='ltr'><strong><em>re</em></strong></span> <span class='ocrx_word' id='word_1_124' title='bbox 800 2272 871 2334; x_wconf 89' lang='lat' dir='ltr'><strong><em>iam</em></strong></span> <span class='ocrx_word' id='word_1_125' title='bbox 897 2272 1131 2354; x_wconf 83' lang='lat' dir='ltr'><strong><em>1rlur·ibus„et</em></strong></span> <span class='ocrx_word' id='word_1_126' title='bbox 1152 2272 1188 2334; x_wconf 88' lang='lat' dir='ltr'><strong><em>in</em></strong></span> <span class='ocrx_word' id='word_1_127' title='bbox 1210 2270 1264 2334; x_wconf 87' lang='lat' dir='ltr'><strong><em>lris</em></strong></span> 
     </span>
     <span class='ocr_line' id='line_1_20' title="bbox 216 2363 1265 2462; baseline -0.002 -26"><span class='ocrx_word' id='word_1_128' title='bbox 216 2373 398 2449; x_wconf 85' lang='lat' dir='ltr'><strong><em>Cicerone,</em></strong></span> <span class='ocrx_word' id='word_1_129' title='bbox 431 2374 582 2436; x_wconf 86' lang='lat' dir='ltr'><strong><em>consulis</em></strong></span> <span class='ocrx_word' id='word_1_130' title='bbox 604 2371 753 2462; x_wconf 85' lang='lat' dir='ltr'><strong><em>fratre,</em></strong></span> <span class='ocrx_word' id='word_1_131' title='bbox 772 2365 776 2374; x_wconf 70' lang='grc'><strong><em>’</em></strong></span> <span class='ocrx_word' id='word_1_132' title='bbox 792 2367 864 2436; x_wconf 72' lang='grc' dir='ltr'><strong><em>ἀἱαὶ</em></strong></span> <span class='ocrx_word' id='word_1_133' title='bbox 905 2363 1076 2436; x_wconf 85' lang='lat' dir='ltr'><strong><em>labantem</em></strong></span> <span class='ocrx_word' id='word_1_134' title='bbox 1109 2374 1265 2437; x_wconf 80' lang='lat' dir='ltr'><strong><em>ordinem</em></strong></span> 
     </span>
     <span class='ocr_line' id='line_1_21' title="bbox 218 2473 855 2550; baseline 0.008 -16"><span class='ocrx_word' id='word_1_135' title='bbox 218 2473 463 2550; x_wconf 86' lang='lat' dir='ltr'><strong><em>confirmasset</em></strong></span> <span class='ocrx_word' id='word_1_136' title='bbox 485 2478 540 2539; x_wconf 88' lang='lat' dir='ltr'><strong><em>M.</em></strong></span> <span class='ocrx_word' id='word_1_137' title='bbox 565 2477 706 2540; x_wconf 84' lang='lat' dir='ltr'><strong><em>Catonis</em></strong></span> <span class='ocrx_word' id='word_1_138' title='bbox 728 2476 855 2538; x_wconf 88' lang='lat' dir='ltr'><strong><em>orati0.</em></strong></span> 
     </span>
    </p>
   </div>
   <div class='ocr_carea' id='block_1_3' title="bbox 294 2640 1191 2714">
    <p class='ocr_par' dir='ltr' id='par_1_4' title="bbox 294 2640 1191 2714">
     <span class='ocr_line' id='line_1_22' title="bbox 294 2640 1191 2714; baseline 0 -16"><span class='ocrx_word' id='word_1_139' title='bbox 294 2643 323 2698; x_wconf 81' lang='lat'><strong><em>7.</em></strong></span> <span class='ocrx_word' id='word_1_140' title='bbox 364 2640 465 2698; x_wconf 81' lang='lat' dir='ltr'><strong><em>Oratio</em></strong></span> <span class='ocrx_word' id='word_1_141' title='bbox 484 2657 536 2713; x_wconf 87' lang='lat' dir='ltr'><strong><em>pro</em></strong></span> <span class='ocrx_word' id='word_1_142' title='bbox 557 2641 593 2710; x_wconf 88' lang='lat' dir='ltr'><strong><em>Q.</em></strong></span> <span class='ocrx_word' id='word_1_143' title='bbox 615 2643 732 2700; x_wconf 85' lang='lat' dir='ltr'><strong><em>Metello</em></strong></span> <span class='ocrx_word' id='word_1_144' title='bbox 751 2643 797 2699; x_wconf 84' lang='lat' dir='ltr'><strong><em>vel</em></strong></span> <span class='ocrx_word' id='word_1_145' title='bbox 821 2658 907 2714; x_wconf 89' lang='lat' dir='ltr'><strong><em>quam</em></strong></span> <span class='ocrx_word' id='word_1_146' title='bbox 927 2642 1044 2714; x_wconf 76' lang='lat' dir='ltr'><strong><em>scripsit</em></strong></span> <span class='ocrx_word' id='word_1_147' title='bbox 1062 2641 1191 2700; x_wconf 87' lang='lat' dir='ltr'><strong><em>Metello.</em></strong></span> 
     </span>
    </p>
   </div>
   <div class='ocr_carea' id='block_1_4' title="bbox 217 2771 1304 4378">
    <p class='ocr_par' dir='ltr' id='par_1_5' title="bbox 217 2771 1304 3652">
     <span class='ocr_line' id='line_1_23' title="bbox 280 2771 1264 2854; baseline 0.002 -22"><span class='ocrx_word' id='word_1_148' title='bbox 280 2771 328 2832; x_wconf 84' lang='lat' dir='ltr'><strong><em>Ea</em></strong></span> <span class='ocrx_word' id='word_1_149' title='bbox 356 2771 439 2834; x_wconf 85' lang='lat' dir='ltr'><strong><em>dicta</em></strong></span> <span class='ocrx_word' id='word_1_150' title='bbox 466 2771 569 2835; x_wconf 86' lang='lat' dir='ltr'><strong><em>fertur</em></strong></span> <span class='ocrx_word' id='word_1_151' title='bbox 596 2796 627 2836; x_wconf 89' lang='lat' dir='ltr'><strong><em>a.</em></strong></span> <span class='ocrx_word' id='word_1_152' title='bbox 657 2774 718 2836; x_wconf 77' lang='lat'><strong><em>092</em></strong></span> <span class='ocrx_word' id='word_1_153' title='bbox 746 2773 826 2852; x_wconf 75' lang='lat'><strong><em>(62).</em></strong></span> <span class='ocrx_word' id='word_1_154' title='bbox 855 2774 899 2854; x_wconf 88' lang='lat' dir='ltr'><strong><em>Q.</em></strong></span> <span class='ocrx_word' id='word_1_155' title='bbox 925 2771 1087 2837; x_wconf 81' lang='lat' dir='ltr'><strong><em>Caecilius</em></strong></span> <span class='ocrx_word' id='word_1_156' title='bbox 1112 2772 1264 2836; x_wconf 87' lang='lat' dir='ltr'><strong><em>Metellus</em></strong></span> 
     </span>
     <span class='ocr_line' id='line_1_24' title="bbox 218 2867 1266 2958; baseline 0.002 -24"><span class='ocrx_word' id='word_1_157' title='bbox 218 2873 328 2955; x_wconf 81' lang='lat' dir='ltr'><strong><em>Nepos</em></strong></span> <span class='ocrx_word' id='word_1_158' title='bbox 352 2867 621 2957; x_wconf 84' lang='lat' dir='ltr'><strong><em>tribunusplebis</em></strong></span> <span class='ocrx_word' id='word_1_159' title='bbox 651 2897 680 2938; x_wconf 88' lang='lat' dir='ltr'><strong><em>a.</em></strong></span> <span class='ocrx_word' id='word_1_160' title='bbox 709 2876 769 2938; x_wconf 77' lang='lat'><strong><em>692</em></strong></span> <span class='ocrx_word' id='word_1_161' title='bbox 796 2877 864 2954; x_wconf 71' lang='grc' dir='ltr'><strong><em>(οἳ)</em></strong></span> <span class='ocrx_word' id='word_1_162' title='bbox 892 2875 1103 2958; x_wconf 64' lang='lat' dir='ltr'><strong><em>&#39;rogationem‘</em></strong></span> <span class='ocrx_word' id='word_1_163' title='bbox 1123 2875 1266 2956; x_wconf 90' lang='lat' dir='ltr'><strong><em>promul·</em></strong></span> 
     </span>
     <span class='ocr_line' id='line_1_25' title="bbox 217 2960 1264 3060; baseline 0.002 -25"><span class='ocrx_word' id='word_1_164' title='bbox 217 2974 306 3058; x_wconf 81' lang='lat' dir='ltr'><strong><em>gavit</em></strong></span> <span class='ocrx_word' id='word_1_165' title='bbox 331 2988 445 3039; x_wconf 86' lang='lat' dir='ltr'><strong><em>contra</em></strong></span> <span class='ocrx_word' id='word_1_166' title='bbox 474 2988 615 3038; x_wconf 86' lang='lat' dir='ltr'><strong><em>senatum</em></strong></span> <span class='ocrx_word' id='word_1_167' title='bbox 641 2960 735 3060; x_wconf 59' lang='lat' dir='ltr'><strong><em>atrine</em></strong></span> <span class='ocrx_word' id='word_1_168' title='bbox 766 2975 969 3042; x_wconf 84' lang='lat' dir='ltr'><strong><em>Ciceronem.</em></strong></span> <span class='ocrx_word' id='word_1_169' title='bbox 1007 2977 1147 3038; x_wconf 82' lang='lat' dir='ltr'><strong><em>Extabat</em></strong></span> <span class='ocrx_word' id='word_1_170' title='bbox 1169 2978 1207 3038; x_wconf 88' lang='lat' dir='ltr'><strong><em>de</em></strong></span> <span class='ocrx_word' id='word_1_171' title='bbox 1227 2997 1264 3039; x_wconf 87' lang='lat' dir='ltr'><strong><em>ea</em></strong></span> 
     </span>
     <span class='ocr_line' id='line_1_26' title="bbox 218 3075 1263 3156; baseline 0.002 -18"><span class='ocrx_word' id='word_1_172' title='bbox 218 3099 253 3140; x_wconf 92' lang='lat' dir='ltr'><strong><em>rc</em></strong></span> <span class='ocrx_word' id='word_1_173' title='bbox 287 3078 393 3142; x_wconf 87' lang='lat' dir='ltr'><strong><em>oratio</em></strong></span> <span class='ocrx_word' id='word_1_174' title='bbox 427 3081 579 3156; x_wconf 84' lang='lat' dir='ltr'><strong><em>quaedam</em></strong></span> <span class='ocrx_word' id='word_1_175' title='bbox 615 3076 782 3152; x_wconf 84' lang='lat' dir='ltr'><strong><em>Caesaris,</em></strong></span> <span class='ocrx_word' id='word_1_176' title='bbox 816 3077 884 3140; x_wconf 86' lang='lat' dir='ltr'><strong><em>sive</em></strong></span> <span class='ocrx_word' id='word_1_177' title='bbox 917 3077 1053 3141; x_wconf 90' lang='lat' dir='ltr'><strong><em>Metello</em></strong></span> <span class='ocrx_word' id='word_1_178' title='bbox 1087 3075 1263 3142; x_wconf 84' lang='lat' dir='ltr'><strong><em>orationem</em></strong></span> 
     </span>
     <span class='ocr_line' id='line_1_27' title="bbox 217 3163 1264 3262; baseline 0.003 -22"><span class='ocrx_word' id='word_1_179' title='bbox 217 3179 399 3261; x_wconf 80' lang='lat' dir='ltr'><strong><em>scripserit,</em></strong></span> <span class='ocrx_word' id='word_1_180' title='bbox 424 3179 492 3242; x_wconf 90' lang='lat' dir='ltr'><strong><em>sive</em></strong></span> <span class='ocrx_word' id='word_1_181' title='bbox 519 3174 587 3262; x_wconf 91' lang='lat' dir='ltr'><strong><em>ipse</em></strong></span> <span class='ocrx_word' id='word_1_182' title='bbox 609 3200 670 3260; x_wconf 90' lang='lat' dir='ltr'><strong><em>pro</em></strong></span> <span class='ocrx_word' id='word_1_183' title='bbox 702 3200 741 3242; x_wconf 91' lang='lat' dir='ltr'><strong><em>eo</em></strong></span> <span class='ocrx_word' id='word_1_184' title='bbox 770 3163 945 3243; x_wconf 85' lang='lat' dir='ltr'><strong><em>orationem</em></strong></span> <span class='ocrx_word' id='word_1_185' title='bbox 969 3179 1130 3242; x_wconf 86' lang='lat' dir='ltr'><strong><em>habuerit.</em></strong></span> <span class='ocrx_word' id='word_1_186' title='bbox 1162 3177 1264 3244; x_wconf 69' lang='lat' dir='ltr'><strong><em>Coni-</em></strong></span> 
     </span>
     <span class='ocr_line' id='line_1_28' title="bbox 217 3275 1265 3368; baseline 0.001 -25"><span class='ocrx_word' id='word_1_187' title='bbox 217 3275 381 3368; x_wconf 83' lang='lat' dir='ltr'><strong><em>Drumann</em></strong></span> <span class='ocrx_word' id='word_1_188' title='bbox 405 3293 428 3350; x_wconf 80' lang='lat' dir='ltr'><strong><em>t,</em></strong></span> <span class='ocrx_word' id='word_1_189' title='bbox 456 3283 488 3344; x_wconf 75' lang='grc'><strong><em>9.</em></strong></span> <span class='ocrx_word' id='word_1_190' title='bbox 516 3305 550 3364; x_wconf 83' lang='grc' dir='ltr'><strong><em>ρ.</em></strong></span> <span class='ocrx_word' id='word_1_191' title='bbox 578 3283 632 3346; x_wconf 83' lang='grc'><strong><em>30.</em></strong></span> <span class='ocrx_word' id='word_1_192' title='bbox 657 3292 679 3347; x_wconf 87' lang='lat' dir='ltr'><strong><em>t.</em></strong></span> <span class='ocrx_word' id='word_1_193' title='bbox 707 3282 738 3344; x_wconf 82' lang='lat'><strong><em>3.</em></strong></span> <span class='ocrx_word' id='word_1_194' title='bbox 767 3304 801 3363; x_wconf 90' lang='lat' dir='ltr'><strong><em>p.</em></strong></span> <span class='ocrx_word' id='word_1_195' title='bbox 827 3283 899 3344; x_wconf 85' lang='grc'><strong>180.</strong></span> <span class='ocrx_word' id='word_1_196' title='bbox 924 3279 1100 3344; x_wconf 85' lang='lat' dir='ltr'><strong><em>Schneider</em></strong></span> <span class='ocrx_word' id='word_1_197' title='bbox 1124 3275 1156 3344; x_wconf 89' lang='lat' dir='ltr'><strong><em>in</em></strong></span> <span class='ocrx_word' id='word_1_198' title='bbox 1180 3279 1265 3345; x_wconf 82' lang='lat' dir='ltr'><strong><em>Cae·</em></strong></span> 
     </span>
     <span class='ocr_line' id='line_1_29' title="bbox 217 3381 1266 3466; baseline -0.001 -21"><span class='ocrx_word' id='word_1_199' title='bbox 217 3406 317 3447; x_wconf 86' lang='lat' dir='ltr'><strong><em>sarem</em></strong></span> <span class='ocrx_word' id='word_1_200' title='bbox 335 3389 374 3448; x_wconf 88' lang='lat' dir='ltr'><strong><em>dc</em></strong></span> <span class='ocrx_word' id='word_1_201' title='bbox 390 3384 476 3448; x_wconf 90' lang='lat' dir='ltr'><strong><em>bello</em></strong></span> <span class='ocrx_word' id='word_1_202' title='bbox 499 3386 625 3449; x_wconf 86' lang='lat' dir='ltr'><strong><em>Gallico</em></strong></span> <span class='ocrx_word' id='word_1_203' title='bbox 652 3384 796 3448; x_wconf 83' lang='lat' dir='ltr'><strong><em>Praeiat.</em></strong></span> <span class='ocrx_word' id='word_1_204' title='bbox 823 3408 855 3466; x_wconf 86' lang='lat' dir='ltr'><strong><em>p.</em></strong></span> <span class='ocrx_word' id='word_1_205' title='bbox 882 3385 978 3448; x_wconf 86' lang='lat' dir='ltr'><strong><em>XIX.</em></strong></span> <span class='ocrx_word' id='word_1_206' title='bbox 999 3385 1095 3447; x_wconf 86' lang='lat' dir='ltr'><strong><em>Patet</em></strong></span> <span class='ocrx_word' id='word_1_207' title='bbox 1110 3381 1266 3446; x_wconf 87' lang='lat' dir='ltr'><strong><em>orationis</em></strong></span> 
     </span>
     <span class='ocr_line' id='line_1_30' title="bbox 217 3485 1304 3570; baseline -0.001 -22"><span class='ocrx_word' id='word_1_208' title='bbox 217 3487 404 3549; x_wconf 89' lang='lat' dir='ltr'><strong><em>Metellinae</em></strong></span> <span class='ocrx_word' id='word_1_209' title='bbox 432 3501 652 3567; x_wconf 80' lang='lat' dir='ltr'><strong><em>argumentum</em></strong></span> <span class='ocrx_word' id='word_1_210' title='bbox 687 3511 728 3551; x_wconf 86' lang='lat' dir='ltr'><strong><em>ex</em></strong></span> <span class='ocrx_word' id='word_1_211' title='bbox 754 3485 941 3569; x_wconf 81' lang='lat' dir='ltr'><strong><em>fragmentis</em></strong></span> <span class='ocrx_word' id='word_1_212' title='bbox 967 3485 1142 3560; x_wconf 88' lang='lat' dir='ltr'><strong><em>orationis,</em></strong></span> <span class='ocrx_word' id='word_1_213' title='bbox 1170 3507 1265 3570; x_wconf 85' lang='lat' dir='ltr'><strong><em>quam</em></strong></span> <span class='ocrx_word' id='word_1_214' title='bbox 1301 3563 1304 3566; x_wconf 21' lang='grc' dir='ltr'>Ι</span> 
     </span>
     <span class='ocr_line' id='line_1_31' title="bbox 217 3578 1097 3652; baseline 0.01 -5"><span class='ocrx_word' id='word_1_215' title='bbox 217 3599 328 3650; x_wconf 85' lang='lat' dir='ltr'><strong><em>contra</em></strong></span> <span class='ocrx_word' id='word_1_216' title='bbox 356 3609 423 3648; x_wconf 90' lang='lat' dir='ltr'><strong><em>eam</em></strong></span> <span class='ocrx_word' id='word_1_217' title='bbox 448 3589 556 3651; x_wconf 89' lang='lat' dir='ltr'><strong><em>habuit</em></strong></span> <span class='ocrx_word' id='word_1_218' title='bbox 583 3590 716 3652; x_wconf 84' lang='lat' dir='ltr'><strong><em>Cicera.</em></strong></span> <span class='ocrx_word' id='word_1_219' title='bbox 1094 3578 1097 3584; x_wconf 71' lang='lat'><strong><em>,</em></strong></span> 
     </span>
    </p>

    <p class='ocr_par' dir='ltr' id='par_1_6' title="bbox 217 3687 1291 4378">
     <span class='ocr_line' id='line_1_32' title="bbox 223 3687 1264 3774; baseline 0.002 -26"><span class='ocrx_word' id='word_1_220' title='bbox 223 3740 226 3748; x_wconf 89' lang='lat'><strong><em>.</em></strong></span> <span class='ocrx_word' id='word_1_221' title='bbox 282 3689 415 3750; x_wconf 85' lang='lat' dir='ltr'><strong><em>Sueton.</em></strong></span> <span class='ocrx_word' id='word_1_222' title='bbox 444 3687 536 3754; x_wconf 84' lang='lat' dir='ltr'><strong><em>Caes.</em></strong></span> <span class='ocrx_word' id='word_1_223' title='bbox 565 3690 615 3752; x_wconf 80' lang='lat'><strong><em>55.</em></strong></span> <span class='ocrx_word' id='word_1_224' title='bbox 664 3689 1000 3754; x_wconf 85' lang='lat' dir='ltr'><strong><em>Caesarorationcs</em></strong></span> <span class='ocrx_word' id='word_1_225' title='bbox 1031 3689 1165 3774; x_wconf 80' lang='lat' dir='ltr'><strong><em>aliquas</em></strong></span> <span class='ocrx_word' id='word_1_226' title='bbox 1184 3688 1264 3751; x_wconf 85' lang='lat' dir='ltr'><strong><em>reli·</em></strong></span> 
     </span>
     <span class='ocr_line' id='line_1_33' title="bbox 217 3786 1265 3880; baseline 0.005 -34"><span class='ocrx_word' id='word_1_227' title='bbox 217 3786 291 3866; x_wconf 78' lang='lat' dir='ltr'><strong><em>quit</em></strong></span> <span class='ocrx_word' id='word_1_228' title='bbox 301 3802 315 3859; x_wconf 75' lang='lat'><strong><em>,¹</em></strong></span> <span class='ocrx_word' id='word_1_229' title='bbox 342 3789 433 3849; x_wconf 89' lang='lat' dir='ltr'><strong><em>inter</em></strong></span> <span class='ocrx_word' id='word_1_230' title='bbox 470 3812 556 3872; x_wconf 81' lang='lat' dir='ltr'><strong><em>quas</em></strong></span> <span class='ocrx_word' id='word_1_231' title='bbox 589 3802 716 3854; x_wconf 87' lang='lat' dir='ltr'><strong><em>temere</em></strong></span> <span class='ocrx_word' id='word_1_232' title='bbox 750 3793 923 3875; x_wconf 76' lang='lat' dir='ltr'><strong><em>qrraetlam·</em></strong></span> <span class='ocrx_word' id='word_1_233' title='bbox 935 3788 1130 3880; x_wconf 85' lang='lat' dir='ltr'><strong><em>feruntur.</em></strong></span> <span class='ocrx_word' id='word_1_234' title='bbox 1180 3791 1265 3853; x_wconf 84' lang='lat' dir='ltr'><strong><em>Pro</em></strong></span> 
     </span>
     <span class='ocr_line' id='line_1_34' title="bbox 217 3889 1264 3976; baseline 0 -25"><span class='ocrx_word' id='word_1_235' title='bbox 217 3890 260 3968; x_wconf 84' lang='lat' dir='ltr'><strong><em>Q·</em></strong></span> <span class='ocrx_word' id='word_1_236' title='bbox 277 3889 323 3951; x_wconf 87' lang='lat' dir='ltr'><em>M</em></span> <span class='ocrx_word' id='word_1_237' title='bbox 328 3900 367 3950; x_wconf 90' lang='lat' dir='ltr'><strong><em>et</em></strong></span> <span class='ocrx_word' id='word_1_238' title='bbox 374 3891 460 3950; x_wconf 86' lang='lat' dir='ltr'><strong><em>etto</em></strong></span> <span class='ocrx_word' id='word_1_239' title='bbox 475 3910 544 3952; x_wconf 90' lang='lat' dir='ltr'><strong><em>non</em></strong></span> <span class='ocrx_word' id='word_1_240' title='bbox 565 3891 737 3955; x_wconf 89' lang='lat' dir='ltr'><strong><em>immerito</em></strong></span> <span class='ocrx_word' id='word_1_241' title='bbox 753 3896 936 3976; x_wconf 84' lang='lat' dir='ltr'><strong><em>Augustus</em></strong></span> <span class='ocrx_word' id='word_1_242' title='bbox 958 3892 1139 3956; x_wconf 76' lang='lat' dir='ltr'><strong><em>existimat</em></strong></span> <span class='ocrx_word' id='word_1_243' title='bbox 1153 3889 1264 3970; x_wconf 85' lang='lat' dir='ltr'><strong><em>magis</em></strong></span> 
     </span>
     <span class='ocr_line' id='line_1_35' title="bbox 217 3989 1266 4076; baseline 0.004 -28"><span class='ocrx_word' id='word_1_244' title='bbox 217 3989 260 4050; x_wconf 91' lang='lat' dir='ltr'><strong><em>ab</em></strong></span> <span class='ocrx_word' id='word_1_245' title='bbox 301 3989 469 4051; x_wconf 86' lang='lat' dir='ltr'><strong><em>actuariis</em></strong></span> <span class='ocrx_word' id='word_1_246' title='bbox 504 4003 685 4071; x_wconf 76' lang='lat' dir='ltr'><strong><em>exceptam</em></strong></span> <span class='ocrx_word' id='word_1_247' title='bbox 719 3997 806 4056; x_wconf 86' lang='lat' dir='ltr'><strong><em>mate</em></strong></span> <span class='ocrx_word' id='word_1_248' title='bbox 843 3992 1125 4076; x_wconf 79' lang='lat' dir='ltr'><strong><em>subsequentibus</em></strong></span> <span class='ocrx_word' id='word_1_249' title='bbox 1162 3989 1266 4052; x_wconf 86' lang='lat' dir='ltr'><strong><em>verba</em></strong></span> 
     </span>
     <span class='ocr_line' id='line_1_36' title="bbox 217 4089 1264 4173; baseline 0.003 -22"><span class='ocrx_word' id='word_1_250' title='bbox 217 4089 361 4152; x_wconf 78' lang='lat' dir='ltr'><strong><em>dicentis</em></strong></span> <span class='ocrx_word' id='word_1_251' title='bbox 395 4110 498 4172; x_wconf 79' lang='lat' dir='ltr'><strong><em>quam</em></strong></span> <span class='ocrx_word' id='word_1_252' title='bbox 530 4091 573 4152; x_wconf 92' lang='lat' dir='ltr'><strong><em>ab</em></strong></span> <span class='ocrx_word' id='word_1_253' title='bbox 605 4090 682 4171; x_wconf 86' lang='lat' dir='ltr'><strong><em>ipso</em></strong></span> <span class='ocrx_word' id='word_1_254' title='bbox 717 4094 857 4158; x_wconf 83' lang='lat' dir='ltr'><strong><em>editam.</em></strong></span> <span class='ocrx_word' id='word_1_255' title='bbox 892 4115 972 4155; x_wconf 89' lang='lat' dir='ltr'><strong><em>nam</em></strong></span> <span class='ocrx_word' id='word_1_256' title='bbox 998 4093 1034 4153; x_wconf 93' lang='lat' dir='ltr'><strong><em>in</em></strong></span> <span class='ocrx_word' id='word_1_257' title='bbox 1059 4090 1264 4173; x_wconf 83' lang='lat' dir='ltr'><strong><em>quibusdam</em></strong></span> 
     </span>
     <span class='ocr_line' id='line_1_37' title="bbox 217 4190 1291 4275; baseline 0.001 -20"><span class='ocrx_word' id='word_1_258' title='bbox 217 4191 477 4273; x_wconf 81' lang='lat' dir='ltr'><strong><em>exemplaribus</em></strong></span> <span class='ocrx_word' id='word_1_259' title='bbox 513 4191 666 4268; x_wconf 84' lang='lat' dir='ltr'><strong><em>invenio,</em></strong></span> <span class='ocrx_word' id='word_1_260' title='bbox 702 4215 743 4256; x_wconf 91' lang='lat' dir='ltr'><strong><em>ne</em></strong></span> <span class='ocrx_word' id='word_1_261' title='bbox 776 4194 979 4274; x_wconf 86' lang='lat' dir='ltr'><strong><em>inscriptam</em></strong></span> <span class='ocrx_word' id='word_1_262' title='bbox 1012 4190 1148 4274; x_wconf 77' lang='lat' dir='ltr'><strong><em>quidem</em></strong></span> <span class='ocrx_word' id='word_1_263' title='bbox 1180 4213 1291 4275; x_wconf 69' lang='lat' dir='ltr'><strong><em>pro,</em></strong></span> 
     </span>
     <span class='ocr_line' id='line_1_38' title="bbox 217 4294 1263 4378; baseline -0.001 -18"><span class='ocrx_word' id='word_1_264' title='bbox 217 4295 419 4368; x_wconf 87' lang='lat' dir='ltr'><strong><em>Metello,</em></strong></span> <span class='ocrx_word' id='word_1_265' title='bbox 448 4294 508 4357; x_wconf 85' lang='lat' dir='ltr'><strong><em>sed</em></strong></span> <span class='ocrx_word' id='word_1_266' title='bbox 529 4311 655 4376; x_wconf 81' lang='lat' dir='ltr'><strong><em>quam</em></strong></span> <span class='ocrx_word' id='word_1_267' title='bbox 677 4295 862 4378; x_wconf 84' lang='lat' dir='ltr'><strong><em>scripsit</em></strong></span> <span class='ocrx_word' id='word_1_268' title='bbox 885 4295 1086 4368; x_wconf 88' lang='lat' dir='ltr'><strong><em>Metello,</em></strong></span> <span class='ocrx_word' id='word_1_269' title='bbox 1113 4314 1191 4358; x_wconf 89' lang='lat' dir='ltr'><strong><em>cum</em></strong></span> <span class='ocrx_word' id='word_1_270' title='bbox 1216 4317 1263 4358; x_wconf 80' lang='lat' dir='ltr'><strong><em>ear</em></strong></span> 
     </span>
    </p>
   </div>
   <div class='ocr_carea' id='block_1_5' title="bbox 0 0 1496 4842">
    <p class='ocr_par' dir='ltr' id='par_1_7' title="bbox 0 0 1496 4842">
     <span class='ocr_line' id='line_1_39' title="bbox 0 0 1496 4842; baseline 0 0"><span class='ocrx_word' id='word_1_271' title='bbox 0 0 1496 4842; x_wconf 95' lang='lat' dir='ltr'><strong><em> </em></strong></span> 
     </span>
    </p>
   </div>
  </div>
 </body>
</html>
