2984 4842
267 361 327 422 392

266 519 398 581 duabus
423 519 531 578 latum
551 511 655 594 pedes
682 520 770 577 tres,
797 509 938 586 longum
960 507 1062 586 pedes
1084 518 1245 588 quatuor,
1268 511 1314 587 (et

268 642 308 682 ne
331 621 408 702 quis
430 619 471 680 de
501 637 542 678 ea
573 636 609 675 re
639 611 787 679 dubitet,
820 609 915 669 nullu
936 626 1154 690 gemmarum
1177 610 1312 691 magni·

267 721 384 785 tudine
401 719 500 781 bodie
522 737 629 798 prope
652 711 698 774 ad
719 713 805 772 hanc
828 710 1087 791 amplitudinem
1103 712 1308 793 accedente),

266 824 302 885 in
317 820 446 911 eafuit
469 823 553 880 luna
573 835 683 877 aurea
703 813 818 896 pondo
841 815 955 886 XXX,
981 817 1085 876 lectos
1106 814 1313 876 tricliniares

266 939 356 996 tres,
391 944 474 984 uasa
512 944 558 982 ex
590 939 679 980 auro
716 929 749 978 et
781 915 927 997 gemmis
960 915 1146 978 abacorum
1179 936 1310 988 nouem,
1368 983 1370 990 Α

267 1028 371 1109 signa
391 1045 500 1086 aurea
521 1022 591 1084 tria
621 1019 802 1084 Mineruae
831 1018 963 1080 Martis
987 1030 1017 1079 et
1041 1018 1232 1098 Apollinis,
1258 1041 1313 1080 co-

267 1149 372 1192 ronas
395 1150 441 1188 ear
469 1122 673 1207 margaritis
702 1122 850 1202 triginta
877 1131 964 1193 tres,
999 1133 1148 1182 montem
1169 1141 1313 1182 astream

266 1231 474 1314 quadratum
507 1248 585 1288 cum
613 1223 721 1286 cervis
751 1235 784 1284 et
817 1221 970 1284 leonibus
1004 1235 1037 1282 et
1064 1223 1175 1303 pomis
1205 1225 1313 1286 omnis

266 1331 417 1416 generis,
434 1329 648 1392 circumdata
663 1325 728 1388 nile
751 1346 872 1398 aurea,
897 1327 1060 1387 Museum
1076 1347 1122 1386 ex
1139 1328 1313 1407 margari-

265 1437 328 1504 tis,
355 1435 389 1495 in
412 1433 511 1493 cuius
525 1429 689 1518 fastigio
723 1427 943 1509 horologium
976 1439 1071 1497 erat,·
1103 1427 1220 1510 imago
1251 1433 1313 1492 Gn.

265 1537 419 1617 Pompeii
449 1559 466 1596 e
495 1532 711 1614 margaritis.
737 1561 777 1572 -
799 1563 839 1575 -
863 1529 1078 1610 Reipublicae
1101 1541 1134 1589 et
1155 1543 1315 1611 quaesto·

266 1638 380 1710 ribus,
413 1638 471 1717 qui
504 1656 602 1698 oram
637 1633 744 1695 maris
776 1630 1034 1721 defendissent,
1072 1632 1191 1692 datum
1222 1634 1314 1695 mille

266 1742 449 1812 talentum,
474 1736 639 1798 militibus
665 1734 813 1814 singulis
834 1752 917 1793 sena
944 1731 1052 1792 millia
1074 1734 1286 1796 sestertium.

513 1913 540 1968 3.
583 1909 682 1965 Oratio
703 1923 754 1978 pro
775 1907 809 1963 T.
832 1906 927 1961 Annio
947 1907 1065 1963 Milone.

330 2045 412 2106 Acta
442 2053 489 2104 est
513 2061 605 2102 causa
639 2061 667 2100 a.
705 2037 766 2099 698
795 2037 876 2114 (56).
912 2039 952 2100 P.
986 2037 1121 2101 Clodius
1149 2042 1312 2104 accusavit

269 2149 426 2212 Milonem
468 2149 506 2206 de
545 2142 588 2205 vi.
629 2143 710 2204 Eum
745 2138 886 2203 defendit
925 2141 1109 2222 Pompeius.
1150 2143 1314 2205 Drumann

266 2264 290 2312 t.
317 2253 347 2312 2.
375 2272 408 2330 p.
436 2247 507 2314 323.
1184 2245 1186 2252 ‘

330 2351 403 2414 Cic.
434 2351 471 2410 ad
502 2348 545 2426 Q.
582 2347 677 2411 fratr.
710 2349 749 2422 l,
781 2348 816 2421 3,
848 2350 879 2409 l.
933 2349 1024 2411 Milo
1055 2346 1174 2435 affuit.
1211 2349 1314 2410 Dixit

265 2454 460 2532 Pompeius,
485 2451 554 2512 siue
578 2450 694 2513 uoluit.
722 2472 813 2526 nam,
839 2461 876 2511 ut
899 2450 1068 2520 surrexit,
1091 2472 1216 2531 operae
1236 2451 1313 2514 010-

266 2557 388 2617 dianae
432 2555 615 2615 olamorem
659 2556 893 2625 sustulerunt,
932 2553 1033 2636 idque
1074 2555 1105 2614 ei
1145 2565 1315 2635 perpetua

267 2656 423 2720 oratione
439 2654 602 2732 contigit,
628 2675 696 2716 non
723 2655 824 2717 modo
851 2668 889 2716 ut
911 2655 1174 2729 acclamatione,
1196 2655 1256 2719 sed
1276 2669 1315 2718 ut

238 2747 239 2752 ἵ
266 2758 418 2820 conuicio
433 2771 466 2818 et
484 2756 673 2818 maledictis
696 2756 933 2836 impediretur.
978 2758 1104 2838 Quint
1122 2759 1311 2838 peroravit,

267 2860 364 2938 (nam
396 2860 432 2920 in
468 2881 508 2920 eo
540 2878 623 2918 sane
640 2855 762 2946 sortis
788 2857 892 2946 fuit:
926 2879 993 2921 non
1028 2873 1079 2921 est
1113 2859 1311 2936 deterritus,

268 2963 361 3024 dixit
376 2962 492 3024 omnia
513 2971 615 3043 atque
637 2960 811 3022 interdum
836 2962 939 3023 etiam
963 2961 1117 3035 silentio,
1135 2984 1215 3023 cum
1230 2983 1312 3024 auc-

266 3064 405 3126 toritate
431 3064 580 3144 semper)
606 3061 667 3124 sed
688 3073 726 3124 ut
748 3063 944 3144 peroravit,
971 3065 1128 3126 surrexit
1155 3064 1308 3128 Clodius.

505 3231 534 3284 d.
576 3231 674 3287 Oratio
695 3246 746 3301 pro
766 3231 798 3286 L.
822 3231 955 3288 Cornelio
975 3231 1075 3288 Balbo.

332 3366 414 3423 Acta
447 3374 493 3422 est
521 3380 613 3422 causa
649 3382 679 3421 a.
717 3361 777 3424 698
805 3363 883 3438 (56).
923 3364 963 3424 L.
995 3361 1163 3425 Cornelius
1195 3363 1314 3424 Balbus

269 3463 441 3525 Gaditanus
476 3485 544 3524 cum
583 3461 744 3524 civitatem
785 3484 945 3526 romanam
984 3463 1142 3544 Pompeio
1180 3476 1342 3528 auctore*

267 3563 474 3636 obtinuisset,
509 3565 564 3626 alii
600 3577 702 3627 autem
739 3567 871 3627 Balbum
908 3547 1012 3628 eivem
1045 3588 1113 3629 esse
1146 3579 1312 3648 negarent,

267 3688 401 3749 eumque
418 3665 449 3727 in
465 3666 613 3728 iudicium
630 3681 798 3744 vocarent,
817 3671 856 3729 ab
873 3673 982 3730 eodem
1000 3669 1173 3749 Pompeio,
1191 3666 1313 3732 Crasso

267 3780 298 3831 et
322 3767 482 3833 Cicerone
507 3768 697 3832 defenditur.
728 3772 892 3834 Drumann
916 3783 939 3831 t.
968 3771 997 3834 2.
1027 3793 1061 3851 p.
1090 3771 1163 3834 594.

332 3871 405 3935 Cic.
436 3894 466 3952 p.
495 3870 598 3934 Balbo
634 3877 664 3932 l.
717 3877 812 3953 Quae
829 3871 954 3961 fuerit
980 3875 1140 3936 hesterno
1167 3874 1222 3936 die
1249 3878 1311 3939 Cn.

267 3973 420 4054 Pompeii
452 3973 607 4053 grauitas
639 3973 674 4034 in
706 3973 868 4048 dicendo,
899 3995 985 4059 quae
1008 3973 1188 4061 facultas,
1226 3997 1313 4058 quae

268 4075 379 4154 eopia,
398 4095 465 4136 non
489 4074 649 4155 opinione
672 4075 779 4137 tacita
805 4091 996 4140 uestrorum
1019 4077 1229 4151 animorum,
1252 4079 1315 4141 sed

265 4175 448 4255 perspicua
485 4175 715 4237 admiratione
751 4177 922 4241 declarari
966 4179 1154 4242 uidebatur.
1215 4180 1314 4244 Nihil

269 4274 357 4332 enim
385 4297 546 4356 umquam
579 4278 713 4352 audiui,
746 4281 838 4362 quod
873 4281 956 4342 mihi
984 4282 1025 4343 de
1051 4286 1126 4345 iure
1153 4280 1313 4346 subtilius
