2992 4844
1166 365 1226 428 391

174 536 252 588 tam.
284 521 386 597 Conl.
414 520 559 588 Salustii
589 522 774 588 Orationes
812 524 856 588 ab
886 522 1018 588 Orellio
1049 520 1162 586 editur
1192 543 1222 585 a.

175 626 402 707 1831.p.13.
1198 629 1204 640 ·

642 761 760 820 locutu.

240 869 314 960 Cic.
346 897 385 956 dc
416 891 511 957 Orat.
541 891 580 969 2,
608 893 660 954 61.
713 895 756 959 ln
786 895 873 956 mule
904 870 1223 962 olentem'tstdeo

176 1021 237 1060 me
260 1018 282 1059 u
304 1009 342 1060 te
363 995 401 1057 ci
410 996 631 1057 rcumveni
640 995 697 1072 ri,
722 995 929 1060 subridicule
953 997 1142 1080 Philippus.

211 1139 403 1200 circumveniri]
441 1141 510 1184 Lusit
532 1140 658 1196 Philippus
685 1141 708 1184 in
735 1142 832 1186 vocibus
850 1137 952 1186 Circum
971 1147 994 1186 et
1011 1139 1122 1191 hircum.
1144 1143 1222 1202 Cogi-

247 1232 341 1274 tandum
361 1231 425 1273 enim
444 1229 558 1272 Romanis
580 1229 677 1273 circum
706 1229 793 1274 dictum
811 1225 936 1275 Kirlrum:
965 1233 1026 1287 quod
1046 1232 1067 1276 si
1086 1245 1140 1278 cum
1160 1244 1220 1276 sono

246 1319 321 1363 uasali
342 1317 556 1378 pronuntiabatur„
582 1313 768 1362 Kirlormeuin'
788 1323 812 1361 et
837 1314 909 1362 ltirco
927 1318 1057 1362 conveniri
1075 1319 1134 1362 satis
1155 1319 1225 1362 vitle-

246 1407 335 1450 ltuutur
356 1405 454 1448 similia.
474 1403 580 1448 Ellendt.

240 1523 313 1589 Cic.
343 1527 381 1587 de
413 1525 507 1588 Orat.
541 1524 579 1600 9,
616 1525 668 1594 60.
725 1524 878 1590 Pusillus
909 1525 1007 1588 testis
1038 1525 1220 1608 processit.

176 1627 313 1702 Licet,
345 1626 476 1712 inquit,
510 1647 655 1709 rogare,
688 1626 894 1710 Philippus?
925 1629 1016 1692 Tum
1045 1627 1222 1712 quaesitor

172 1747 386 1812 properans:
414 1729 546 1792 Modo
574 1728 778 1792 breviter.
807 1729 861 1791 lric
892 1729 965 1791 ille:
991 1748 1074 1790 non
1096 1749 1222 1790 occu·

176 1831 308 1905 sabis,
329 1831 617 1914 perpusillum
639 1831 820 1914 rogabo.
844 1829 1013 1894 Ridicule.
1038 1829 1106 1894 Sed
1126 1830 1222 1892 sede·

176 1935 234 1996 bat
254 1933 362 1996 iudex
377 1936 419 1996 L.
437 1931 598 2022 Aurifex
620 1934 754 1997 breuior
776 1933 850 2015 ipse
872 1953 976 2016 quom
996 1931 1107 1994 testis.
1137 1933 1221 1996 Om-

176 2035 230 2097 nis
252 2047 303 2097 est
325 2034 417 2097 risus
439 2034 474 2108 in
497 2035 644 2099 iudicem
671 2056 871 2108 conversus,
903 2034 1013 2098 uisum
1035 2043 1086 2096 est
1107 2047 1219 2100 totum

175 2137 321 2200 scurrile
344 2135 543 2200 ridiculum.

240 2237 312 2303 Cic.
347 2241 384 2300 dc
410 2240 504 2302 Orat.
533 2239 567 2313 2,
601 2239 655 2301 61.
704 2239 749 2300 Α.
780 2239 939 2321 Philippo
969 2239 1220 2322 iuterrogatus,
1256 2313 1263 2324 ἱ

175 2341 259 2424 quid
281 2343 442 2416 latraret,
465 2344 591 2404 Furem
612 2361 648 2402 se
671 2340 784 2403 uidere
807 2338 981 2423 respoudit
1004 2343 1156 2406 Catulus.

215 2479 328 2544 Catulus]
364 2485 511 2530 llcnrichsen
530 2485 666 2538 existimat,
687 2483 798 2528 Catulum
821 2486 845 2527 in
862 2484 1018 2529 altercatione
1036 2483 1139 2540 quedem
1157 2482 1181 2526 tt
1200 2485 1223 2527 tn

249 2571 384 2628 Philippum
397 2575 529 2627 consutum,
544 2585 596 2618 rutn
615 2573 640 2615 in
658 2585 755 2618 causam
773 2571 925 2626 optimatium
944 2571 1107 2625 inveheretur,
1122 2572 1222 2626 diurn,

517 2746 580 2804 Lll.
621 2746 737 2803 Heluius
756 2744 881 2804 Mundo.

241 2876 397 2958 Quamvis
424 2876 561 2942 Helvius
592 2876 723 2942 Mancia
753 2897 770 2940 a
802 2875 963 2940 Cicerone
988 2874 1017 2937 in
1042 2875 1164 2951 Bruto,
1191 2876 1225 2940 id

176 2991 240 3054 est,
263 2979 295 3042 in
315 2979 449 3044 historia
472 2992 637 3045 oratorum
673 3000 901 3059 romanorum,
932 2998 996 3040 nou
1016 2989 1222 3054 memoretur,

177 3080 300 3144 aliunde
328 3093 431 3144 tamen
459 3081 625 3157 novimus,
663 3081 775 3144 multas
801 3102 870 3144 enm
902 3101 1012 3143 causas
1041 3077 1162 3164 egisse,
1194 3092 1226 3143 et

176 3181 229 3246 illa
256 3195 357 3246 aetate
385 3183 523 3260 vixisse,
550 3206 612 3268 qua
640 3182 803 3248 Antonius
827 3195 858 3247 et
884 3181 1020 3246 Crassus
1046 3194 1077 3246 et
1103 3181 1224 3246 Caesar

177 3287 297 3349 Strabo
317 3287 509 3363 floruerunt,
538 3286 627 3366 (Cic.
653 3289 691 3350 de
713 3287 806 3350 Orat.
831 3287 863 3364 9,
888 3286 939 3361 68,
959 3285 1032 3350 atu.
1053 3296 1084 3348 et
1102 3286 1133 3362 9,
1154 3287 1224 3364 66.)

176 3387 266 3450 Idem
287 3409 367 3452 vero
394 3387 532 3452 ultimam
565 3388 709 3472 attigisse
736 3389 863 3452 videtur
889 3398 1101 3465 senectutem,
1127 3399 1161 3450 ut
1183 3408 1223 3450 ex

177 3509 288 3564 causa,
313 3511 407 3574 quam
427 3512 457 3553 a.
481 3492 541 3554 699
572 3489 635 3576 (56)
664 3491 789 3570 oravit,
816 3504 961 3575 apparet.
989 3493 1101 3553 Homo
1129 3488 1224 3553 dicax

177 3601 209 3653 ct
229 3590 403 3674 malignus,
437 3605 472 3656 ut
505 3613 546 3656 ex
576 3614 636 3668 eo,
668 3597 755 3677 quod
782 3593 902 3658 Caesar
933 3594 1051 3657 Strabo
1084 3591 1116 3654 in
1153 3613 1223 3656 eum

177 3691 269 3771 dixit,
293 3698 341 3771 (ut
366 3693 450 3758 infra
474 3694 667 3774 videbimus)
693 3693 867 3758 verisimile
888 3695 938 3760 fit.

212 3866 239 3922 1.
280 3866 377 3925 Oratio
397 3874 496 3927 contra
518 3870 551 3927 L.
579 3871 762 3928 Scribonium
784 3869 923 3928 Libonem
944 3872 1021 3943 apud
1044 3885 1190 3928 censores.

242 3998 292 4060 Ea
313 4019 406 4062 causa
440 4011 510 4062 acta
535 3997 640 4062 fertur
665 4021 695 4063 a.
725 3999 785 4062 699
812 4000 898 4079 (55),
923 3999 1082 4081 Pompeio
1109 3999 1222 4060 iterum

177 4102 321 4164 consule.
350 4100 511 4165 Censores
541 4099 669 4162 luerunt
700 4101 751 4162 M.
780 4101 931 4165 Valerius
955 4099 1095 4163 Messala
1120 4096 1225 4180 Niger

82 4205 86 4213 '
177 4213 207 4262 et
230 4203 272 4266 P.
298 4201 455 4265 Servilius
480 4199 578 4264 Vatia
603 4199 782 4274 Isauricus,
804 4213 885 4266 teste
907 4201 1039 4264 Baitero
1064 4198 1096 4261 in
1120 4197 1226 4264 Fastis

180 4301 427 4367 consularibus.
455 4300 607 4364 Defendit
631 4301 789 4365 Libonem
813 4300 986 4382 Pompeius
1009 4303 1131 4368 consul.
