<?xml version="1.0" encoding="UTF-8"?>
<!DOCTYPE html PUBLIC "-//W3C//DTD XHTML 1.0 Transitional//EN"
    "http://www.w3.org/TR/xhtml1/DTD/xhtml1-transitional.dtd">
<html xmlns="http://www.w3.org/1999/xhtml" xml:lang="en" lang="en">
 <head>
  <title>
</title>
<meta http-equiv="Content-Type" content="text/html;charset=utf-8" />
  <meta name='ocr-system' content='tesseract 3.04.00' />
  <meta name='ocr-capabilities' content='ocr_page ocr_carea ocr_par ocr_line ocrx_word'/>
</head>
<body>
  <div class='ocr_page' id='page_1' title='image "./oratorumromanor02meyegoog_0501.png"; bbox 0 0 2966 4842; ppageno 0'>
   <div class='ocr_carea' id='block_1_1' title="bbox 227 520 880 696">
    <p class='ocr_par' dir='ltr' id='par_1_1' title="bbox 227 520 880 696">
     <span class='ocr_line' id='line_1_1' title="bbox 227 520 880 626; baseline 0.028 -43"><span class='ocrx_word' id='word_1_1' title='bbox 227 520 279 586; x_wconf 88' lang='grc'><strong>10.</strong></span> <span class='ocrx_word' id='word_1_2' title='bbox 300 541 358 584; x_wconf 79' lang='lat' dir='ltr'>non</span> <span class='ocrx_word' id='word_1_3' title='bbox 377 535 416 585; x_wconf 79' lang='lat' dir='ltr'>ert</span> <span class='ocrx_word' id='word_1_4' title='bbox 434 532 474 586; x_wconf 82' lang='lat' dir='ltr'>nai</span> <span class='ocrx_word' id='word_1_5' title='bbox 491 533 572 597; x_wconf 79' lang='lat' dir='ltr'>mols,</span> <span class='ocrx_word' id='word_1_6' title='bbox 594 537 641 590; x_wconf 83' lang='lat' dir='ltr'>scd</span> <span class='ocrx_word' id='word_1_7' title='bbox 660 538 723 626; x_wconf 77' lang='lat' dir='ltr'>bona</span> <span class='ocrx_word' id='word_1_8' title='bbox 742 555 776 597; x_wconf 85' lang='lat' dir='ltr'>ac</span> <span class='ocrx_word' id='word_1_9' title='bbox 794 543 880 609; x_wconf 70' lang='lat' dir='ltr'>bean,</span> 
     </span>
     <span class='ocr_line' id='line_1_2' title="bbox 302 623 816 696; baseline 0.027 -20"><span class='ocrx_word' id='word_1_10' title='bbox 302 623 376 692; x_wconf 80' lang='lat' dir='ltr'>qaod</span> <span class='ocrx_word' id='word_1_11' title='bbox 393 639 448 678; x_wconf 87' lang='lat' dir='ltr'>non</span> <span class='ocrx_word' id='word_1_12' title='bbox 466 625 620 696; x_wconf 64' lang='lat' dir='ltr'>diepam</span> <span class='ocrx_word' id='word_1_13' title='bbox 640 633 680 686; x_wconf 80' lang='lat' dir='ltr'>tui</span> <span class='ocrx_word' id='word_1_14' title='bbox 699 633 816 690; x_wconf 77' lang='lat' dir='ltr'>labores.</span> 
     </span>
    </p>
   </div>
   <div class='ocr_carea' id='block_1_2' title="bbox 185 737 1195 888">
    <p class='ocr_par' dir='ltr' id='par_1_2' title="bbox 185 737 1195 888">
     <span class='ocr_line' id='line_1_3' title="bbox 185 737 1195 815; baseline 0.024 -33"><span class='ocrx_word' id='word_1_15' title='bbox 185 737 243 783; x_wconf 86' lang='lat' dir='ltr'>odio</span> <span class='ocrx_word' id='word_1_16' title='bbox 262 737 418 798; x_wconf 69' lang='lat' dir='ltr'>Vatiniana}</span> <span class='ocrx_word' id='word_1_17' title='bbox 444 743 527 788; x_wconf 77' lang='lat' dir='ltr'>alludit</span> <span class='ocrx_word' id='word_1_18' title='bbox 551 745 662 792; x_wconf 80' lang='lat' dir='ltr'>Catullus</span> <span class='ocrx_word' id='word_1_19' title='bbox 684 751 713 793; x_wconf 82' lang='lat' dir='ltr'>ad</span> <span class='ocrx_word' id='word_1_20' title='bbox 731 751 921 815; x_wconf 72' lang='lat' dir='ltr'>vehementiam,</span> <span class='ocrx_word' id='word_1_21' title='bbox 947 768 992 812; x_wconf 84' lang='lat' dir='ltr'>qua</span> <span class='ocrx_word' id='word_1_22' title='bbox 1019 755 1105 802; x_wconf 73' lang='lat' dir='ltr'>Calvus</span> <span class='ocrx_word' id='word_1_23' title='bbox 1129 759 1195 806; x_wconf 74' lang='lat' dir='ltr'>vati·</span> 
     </span>
     <span class='ocr_line' id='line_1_4' title="bbox 219 827 821 888; baseline 0.018 -16"><span class='ocrx_word' id='word_1_24' title='bbox 219 828 284 872; x_wconf 84' lang='lat' dir='ltr'>aium</span> <span class='ocrx_word' id='word_1_25' title='bbox 302 827 393 888; x_wconf 81' lang='lat' dir='ltr'>tribus,</span> <span class='ocrx_word' id='word_1_26' title='bbox 413 830 514 885; x_wconf 80' lang='lat' dir='ltr'><strong>opinor,</strong></span> <span class='ocrx_word' id='word_1_27' title='bbox 537 835 616 878; x_wconf 83' lang='lat' dir='ltr'>causis</span> <span class='ocrx_word' id='word_1_28' title='bbox 635 835 756 882; x_wconf 78' lang='lat' dir='ltr'>insecutus</span> <span class='ocrx_word' id='word_1_29' title='bbox 775 844 821 884; x_wconf 79' lang='lat' dir='ltr'>ast.</span> 
     </span>
    </p>
   </div>
   <div class='ocr_carea' id='block_1_3' title="bbox 389 946 951 1016">
    <p class='ocr_par' dir='ltr' id='par_1_3' title="bbox 389 946 951 1016">
     <span class='ocr_line' id='line_1_5' title="bbox 389 946 951 1016; baseline 0.025 -14"><span class='ocrx_word' id='word_1_30' title='bbox 389 946 418 1002; x_wconf 87' lang='grc'>8.</span> <span class='ocrx_word' id='word_1_31' title='bbox 458 946 558 1006; x_wconf 84' lang='lat' dir='ltr'>Orelio</span> <span class='ocrx_word' id='word_1_32' title='bbox 579 951 609 1008; x_wconf 90' lang='lat' dir='ltr'>iu</span> <span class='ocrx_word' id='word_1_33' title='bbox 632 953 795 1012; x_wconf 83' lang='lat' dir='ltr'>Fusoiuium</span> <span class='ocrx_word' id='word_1_34' title='bbox 818 957 951 1016; x_wconf 78' lang='lat' dir='ltr'><strong>ambitus.</strong></span> 
     </span>
    </p>
   </div>
   <div class='ocr_carea' id='block_1_4' title="bbox 143 1049 1273 1262">
    <p class='ocr_par' dir='ltr' id='par_1_4' title="bbox 143 1049 1273 1262">
     <span class='ocr_line' id='line_1_6' title="bbox 211 1049 1273 1146; baseline 0.024 -30"><span class='ocrx_word' id='word_1_35' title='bbox 211 1049 379 1118; x_wconf 79' lang='lat' dir='ltr'>Charisius</span> <span class='ocrx_word' id='word_1_36' title='bbox 399 1077 433 1138; x_wconf 89' lang='lat' dir='ltr'>p.</span> <span class='ocrx_word' id='word_1_37' title='bbox 457 1060 529 1123; x_wconf 84' lang='grc'><strong>136.</strong></span> <span class='ocrx_word' id='word_1_38' title='bbox 575 1065 621 1126; x_wconf 85' lang='lat' dir='ltr'>At</span> <span class='ocrx_word' id='word_1_39' title='bbox 640 1086 702 1146; x_wconf 87' lang='lat' dir='ltr'>pro</span> <span class='ocrx_word' id='word_1_40' title='bbox 730 1079 843 1134; x_wconf 80' lang='lat' dir='ltr'>autern.</span> <span class='ocrx_word' id='word_1_41' title='bbox 889 1069 1044 1136; x_wconf 86' lang='lat' dir='ltr'>Licinius</span> <span class='ocrx_word' id='word_1_42' title='bbox 1069 1075 1192 1139; x_wconf 81' lang='lat' dir='ltr'>Caluus</span> <span class='ocrx_word' id='word_1_43' title='bbox 1221 1110 1273 1128; x_wconf 75' lang='lat'>··-</span> 
     </span>
     <span class='ocr_line' id='line_1_7' title="bbox 143 1151 1189 1262; baseline 0.025 -49"><span class='ocrx_word' id='word_1_44' title='bbox 143 1151 179 1215; x_wconf 87' lang='lat' dir='ltr'>in</span> <span class='ocrx_word' id='word_1_45' title='bbox 210 1156 406 1220; x_wconf 79' lang='lat' dir='ltr'>Fuscinium</span> <span class='ocrx_word' id='word_1_46' title='bbox 432 1161 603 1226; x_wconf 79' lang='lat' dir='ltr'>ambitus:</span> <span class='ocrx_word' id='word_1_47' title='bbox 645 1179 682 1230; x_wconf 84' lang='lat' dir='ltr'>at</span> <span class='ocrx_word' id='word_1_48' title='bbox 713 1167 764 1230; x_wconf 80' lang='lat' dir='ltr'>ica</span> <span class='ocrx_word' id='word_1_49' title='bbox 785 1171 869 1233; x_wconf 84' lang='lat' dir='ltr'>mihi</span> <span class='ocrx_word' id='word_1_50' title='bbox 896 1176 1010 1237; x_wconf 87' lang='lat' dir='ltr'>Iouem</span> <span class='ocrx_word' id='word_1_51' title='bbox 1042 1173 1189 1262; x_wconf 80' lang='lat' dir='ltr'>deosque</span> 
     </span>
    </p>
   </div>
   <div class='ocr_carea' id='block_1_5' title="bbox 144 1254 1191 1447">
    <p class='ocr_par' dir='ltr' id='par_1_5' title="bbox 144 1254 1191 1447">
     <span class='ocr_line' id='line_1_8' title="bbox 144 1254 1191 1359; baseline 0.024 -44"><span class='ocrx_word' id='word_1_52' title='bbox 144 1254 358 1320; x_wconf 85' lang='lat' dir='ltr'>immortales</span> <span class='ocrx_word' id='word_1_53' title='bbox 385 1262 485 1325; x_wconf 87' lang='lat' dir='ltr'>velim</span> <span class='ocrx_word' id='word_1_54' title='bbox 512 1265 762 1356; x_wconf 85' lang='lat' dir='ltr'>benefecisse,</span> <span class='ocrx_word' id='word_1_55' title='bbox 794 1271 942 1348; x_wconf 86' lang='lat' dir='ltr'>iudices,</span> <span class='ocrx_word' id='word_1_56' title='bbox 973 1287 1011 1337; x_wconf 84' lang='lat' dir='ltr'>ut</span> <span class='ocrx_word' id='word_1_57' title='bbox 1033 1297 1099 1359; x_wconf 81' lang='lat' dir='ltr'>ego</span> <span class='ocrx_word' id='word_1_58' title='bbox 1120 1298 1191 1358; x_wconf 79' lang='lat' dir='ltr'>pro</span> 
     </span>
     <span class='ocr_line' id='line_1_9' title="bbox 146 1359 622 1447; baseline 0.025 -29"><span class='ocrx_word' id='word_1_59' title='bbox 146 1369 241 1421; x_wconf 82' lang='lat' dir='ltr'>certo</span> <span class='ocrx_word' id='word_1_60' title='bbox 265 1359 391 1435; x_wconf 86' lang='lat' dir='ltr'>habeo,</span> <span class='ocrx_word' id='word_1_61' title='bbox 420 1365 451 1426; x_wconf 90' lang='lat' dir='ltr'>si</span> <span class='ocrx_word' id='word_1_62' title='bbox 471 1369 622 1447; x_wconf 81' lang='lat' dir='ltr'>parvuli.</span> 
     </span>
    </p>
   </div>
   <div class='ocr_carea' id='block_1_6' title="bbox 176 1499 1185 1577">
    <p class='ocr_par' dir='ltr' id='par_1_6' title="bbox 176 1499 1185 1577">
     <span class='ocr_line' id='line_1_10' title="bbox 176 1499 1185 1577; baseline 0.024 -33"><span class='ocrx_word' id='word_1_63' title='bbox 176 1501 204 1546; x_wconf 87' lang='lat' dir='ltr'>in</span> <span class='ocrx_word' id='word_1_64' title='bbox 218 1499 372 1564; x_wconf 80' lang='lat' dir='ltr'>Fusciniam]</span> <span class='ocrx_word' id='word_1_65' title='bbox 408 1508 435 1552; x_wconf 82' lang='lat' dir='ltr'>in</span> <span class='ocrx_word' id='word_1_66' title='bbox 457 1507 585 1556; x_wconf 73' lang='lat' dir='ltr'>Vatinium</span> <span class='ocrx_word' id='word_1_67' title='bbox 613 1517 719 1559; x_wconf 82' lang='lat' dir='ltr'>correxit</span> <span class='ocrx_word' id='word_1_68' title='bbox 739 1517 759 1560; x_wconf 91' lang='lat'>1.</span> <span class='ocrx_word' id='word_1_69' title='bbox 789 1517 912 1564; x_wconf 80' lang='lat' dir='ltr'>Nicolnius</span> <span class='ocrx_word' id='word_1_70' title='bbox 940 1521 1042 1566; x_wconf 79' lang='lat' dir='ltr'>Loensis</span> <span class='ocrx_word' id='word_1_71' title='bbox 1062 1521 1185 1577; x_wconf 79' lang='lat' dir='ltr'>Epiphyll·</span> 
     </span>
    </p>
   </div>
   <div class='ocr_carea' id='block_1_7' title="bbox 207 1585 1185 1827">
    <p class='ocr_par' dir='ltr' id='par_1_7' title="bbox 207 1585 1185 1827">
     <span class='ocr_line' id='line_1_11' title="bbox 209 1585 1185 1663; baseline 0.018 -27"><span class='ocrx_word' id='word_1_72' title='bbox 209 1585 262 1644; x_wconf 86' lang='lat'>111,</span> <span class='ocrx_word' id='word_1_73' title='bbox 299 1589 357 1651; x_wconf 85' lang='lat' dir='ltr'>lb.,</span> <span class='ocrx_word' id='word_1_74' title='bbox 390 1595 517 1642; x_wconf 84' lang='lat' dir='ltr'>Weirhert</span> <span class='ocrx_word' id='word_1_75' title='bbox 548 1613 571 1654; x_wconf 85' lang='lat' dir='ltr'>p.</span> <span class='ocrx_word' id='word_1_76' title='bbox 601 1598 666 1660; x_wconf 80' lang='lat' dir='ltr'>tlt,</span> <span class='ocrx_word' id='word_1_77' title='bbox 694 1602 789 1648; x_wconf 79' lang='lat' dir='ltr'>Ellendt</span> <span class='ocrx_word' id='word_1_78' title='bbox 809 1619 839 1663; x_wconf 88' lang='lat' dir='ltr'>p</span> <span class='ocrx_word' id='word_1_79' title='bbox 866 1606 987 1654; x_wconf 74' lang='lat' dir='ltr'>cxxltl.</span> <span class='ocrx_word' id='word_1_80' title='bbox 1031 1609 1185 1654; x_wconf 80' lang='lat' dir='ltr'>Ruhulrsu&#39;ius</span> 
     </span>
     <span class='ocr_line' id='line_1_12' title="bbox 210 1679 1184 1752; baseline 0.026 -32"><span class='ocrx_word' id='word_1_81' title='bbox 210 1682 288 1722; x_wconf 80' lang='lat' dir='ltr'>autem</span> <span class='ocrx_word' id='word_1_82' title='bbox 311 1680 334 1722; x_wconf 92' lang='lat' dir='ltr'>in</span> <span class='ocrx_word' id='word_1_83' title='bbox 350 1679 474 1728; x_wconf 79' lang='lat' dir='ltr'>Addendis</span> <span class='ocrx_word' id='word_1_84' title='bbox 492 1687 521 1728; x_wconf 82' lang='lat' dir='ltr'>ad</span> <span class='ocrx_word' id='word_1_85' title='bbox 540 1686 654 1732; x_wconf 83' lang='lat' dir='ltr'>Rutilium</span> <span class='ocrx_word' id='word_1_86' title='bbox 673 1703 698 1744; x_wconf 83' lang='lat' dir='ltr'>p.</span> <span class='ocrx_word' id='word_1_87' title='bbox 718 1687 767 1735; x_wconf 82' lang='grc'>270</span> <span class='ocrx_word' id='word_1_88' title='bbox 793 1693 816 1736; x_wconf 89' lang='lat' dir='ltr'>iu</span> <span class='ocrx_word' id='word_1_89' title='bbox 838 1694 909 1738; x_wconf 85' lang='lat' dir='ltr'>dnbio</span> <span class='ocrx_word' id='word_1_90' title='bbox 927 1697 1065 1752; x_wconf 73' lang='lat' dir='ltr'>relinquere</span> <span class='ocrx_word' id='word_1_91' title='bbox 1083 1699 1184 1744; x_wconf 82' lang='lat' dir='ltr'>videtur.</span> 
     </span>
     <span class='ocr_line' id='line_1_13' title="bbox 207 1759 748 1827; baseline 0.03 -21"><span class='ocrx_word' id='word_1_92' title='bbox 207 1759 322 1809; x_wconf 73' lang='lat' dir='ltr'>Fascinli</span> <span class='ocrx_word' id='word_1_93' title='bbox 345 1779 430 1814; x_wconf 84' lang='lat' dir='ltr'>nornen</span> <span class='ocrx_word' id='word_1_94' title='bbox 449 1778 588 1827; x_wconf 83' lang='lat' dir='ltr'>corruptum</span> <span class='ocrx_word' id='word_1_95' title='bbox 610 1776 642 1819; x_wconf 89' lang='lat' dir='ltr'>sil</span> <span class='ocrx_word' id='word_1_96' title='bbox 661 1790 748 1826; x_wconf 83' lang='lat' dir='ltr'>annon.</span> 
     </span>
    </p>
   </div>
   <div class='ocr_carea' id='block_1_8' title="bbox 172 1849 1183 1988">
    <p class='ocr_par' dir='ltr' id='par_1_8' title="bbox 172 1849 1183 1988">
     <span class='ocr_line' id='line_1_14' title="bbox 172 1849 1183 1925; baseline 0.023 -33"><span class='ocrx_word' id='word_1_97' title='bbox 172 1849 197 1893; x_wconf 76' lang='lat' dir='ltr'>ai</span> <span class='ocrx_word' id='word_1_98' title='bbox 210 1852 327 1912; x_wconf 81' lang='lat' dir='ltr'>paruuli]</span> <span class='ocrx_word' id='word_1_99' title='bbox 360 1855 488 1903; x_wconf 83' lang='lat' dir='ltr'>Pntsclaius</span> <span class='ocrx_word' id='word_1_100' title='bbox 515 1862 544 1904; x_wconf 84' lang='lat' dir='ltr'>de</span> <span class='ocrx_word' id='word_1_101' title='bbox 573 1873 616 1905; x_wconf 84' lang='lat' dir='ltr'>suo</span> <span class='ocrx_word' id='word_1_102' title='bbox 644 1864 740 1922; x_wconf 69' lang='lat' dir='ltr'>ingenio</span> <span class='ocrx_word' id='word_1_103' title='bbox 767 1867 857 1911; x_wconf 76' lang='lat' dir='ltr'>addidit</span> <span class='ocrx_word' id='word_1_104' title='bbox 882 1867 907 1910; x_wconf 76' lang='lat' dir='ltr'>ai</span> <span class='ocrx_word' id='word_1_105' title='bbox 932 1869 1037 1925; x_wconf 80' lang='lat' dir='ltr'>parvuli</span> <span class='ocrx_word' id='word_1_106' title='bbox 1063 1869 1183 1916; x_wconf 78' lang='lat' dir='ltr'>ambitam</span> 
     </span>
     <span class='ocr_line' id='line_1_15' title="bbox 208 1937 357 1988; baseline 0.054 -9"><span class='ocrx_word' id='word_1_107' title='bbox 208 1937 357 1988; x_wconf 75' lang='lat' dir='ltr'>iudicarent.</span> 
     </span>
    </p>
   </div>
   <div class='ocr_carea' id='block_1_9' title="bbox 600 2067 777 2125">
    <p class='ocr_par' dir='ltr' id='par_1_9' title="bbox 600 2067 777 2125">
     <span class='ocr_line' id='line_1_16' title="bbox 600 2067 777 2125; baseline 0.028 -3"><span class='ocrx_word' id='word_1_108' title='bbox 600 2067 719 2125; x_wconf 84' lang='lat' dir='ltr'>lacertu.</span> <span class='ocrx_word' id='word_1_109' title='bbox 773 2096 777 2106; x_wconf 51' lang='lat' dir='ltr'><strong><em>s</em></strong></span> 
     </span>
    </p>
   </div>
   <div class='ocr_carea' id='block_1_10' title="bbox 121 2165 1180 2468">
    <p class='ocr_par' dir='ltr' id='par_1_10' title="bbox 121 2165 1180 2468">
     <span class='ocr_line' id='line_1_17' title="bbox 200 2165 1180 2262; baseline 0.018 -34"><span class='ocrx_word' id='word_1_110' title='bbox 200 2165 338 2246; x_wconf 80' lang='lat' dir='ltr'>Quintil.</span> <span class='ocrx_word' id='word_1_111' title='bbox 366 2175 396 2248; x_wconf 83' lang='lat'>1,</span> <span class='ocrx_word' id='word_1_112' title='bbox 421 2173 450 2248; x_wconf 86' lang='grc'>0,</span> <span class='ocrx_word' id='word_1_113' title='bbox 474 2175 527 2238; x_wconf 75' lang='lat' dir='ltr'>lt.</span> <span class='ocrx_word' id='word_1_114' title='bbox 550 2180 670 2262; x_wconf 84' lang='lat' dir='ltr'>Neque</span> <span class='ocrx_word' id='word_1_115' title='bbox 703 2181 795 2243; x_wconf 85' lang='lat' dir='ltr'>enim</span> <span class='ocrx_word' id='word_1_116' title='bbox 816 2183 1180 2246; x_wconf 83' lang='lat' dir='ltr'>tuburchinabun-</span> 
     </span>
     <span class='ocr_line' id='line_1_18' title="bbox 134 2268 1179 2366; baseline 0.018 -38"><span class='ocrx_word' id='word_1_117' title='bbox 134 2268 286 2332; x_wconf 84' lang='lat' dir='ltr'>dum&#39;et</span> <span class='ocrx_word' id='word_1_118' title='bbox 308 2274 699 2343; x_wconf 80' lang='lat' dir='ltr'>lurchinabundum</span> <span class='ocrx_word' id='word_1_119' title='bbox 722 2282 791 2342; x_wconf 91' lang='lat' dir='ltr'>iam</span> <span class='ocrx_word' id='word_1_120' title='bbox 814 2282 850 2343; x_wconf 91' lang='lat' dir='ltr'>in</span> <span class='ocrx_word' id='word_1_121' title='bbox 872 2283 966 2346; x_wconf 88' lang='lat' dir='ltr'>nobis</span> <span class='ocrx_word' id='word_1_122' title='bbox 998 2285 1179 2366; x_wconf 77' lang='lat' dir='ltr'>quisquam</span> 
     </span>
     <span class='ocr_line' id='line_1_19' title="bbox 121 2367 1179 2468; baseline 0.016 -38"><span class='ocrx_word' id='word_1_123' title='bbox 121 2367 242 2457; x_wconf 83' lang='lat' dir='ltr'>ferat,</span> <span class='ocrx_word' id='word_1_124' title='bbox 266 2372 343 2435; x_wconf 81' lang='lat' dir='ltr'>licet</span> <span class='ocrx_word' id='word_1_125' title='bbox 358 2377 443 2439; x_wconf 83' lang='lat' dir='ltr'>Galo</span> <span class='ocrx_word' id='word_1_126' title='bbox 464 2379 511 2442; x_wconf 84' lang='lat' dir='ltr'>sit</span> <span class='ocrx_word' id='word_1_127' title='bbox 525 2393 659 2457; x_wconf 84' lang='lat' dir='ltr'>auctor,</span> <span class='ocrx_word' id='word_1_128' title='bbox 684 2403 744 2444; x_wconf 90' lang='lat' dir='ltr'>nec</span> <span class='ocrx_word' id='word_1_129' title='bbox 766 2385 843 2445; x_wconf 85' lang='lat' dir='ltr'>hos</span> <span class='ocrx_word' id='word_1_130' title='bbox 865 2384 1051 2458; x_wconf 87' lang='lat' dir='ltr'>lodices,</span> <span class='ocrx_word' id='word_1_131' title='bbox 1071 2406 1179 2468; x_wconf 79' lang='lat' dir='ltr'>quan-</span> 
     </span>
    </p>
   </div>
   <div class='ocr_carea' id='block_1_11' title="bbox 129 2473 1269 3169">
    <p class='ocr_par' dir='ltr' id='par_1_11' title="bbox 131 2473 1269 2864">
     <span class='ocr_line' id='line_1_20' title="bbox 133 2473 1269 2567; baseline 0.016 -36"><span class='ocrx_word' id='word_1_132' title='bbox 133 2491 236 2553; x_wconf 79' lang='lat' dir='ltr'>quam</span> <span class='ocrx_word' id='word_1_133' title='bbox 257 2473 294 2535; x_wconf 90' lang='lat' dir='ltr'>id</span> <span class='ocrx_word' id='word_1_134' title='bbox 302 2478 448 2540; x_wconf 87' lang='lat' dir='ltr'>Pollioni</span> <span class='ocrx_word' id='word_1_135' title='bbox 468 2481 615 2562; x_wconf 83' lang='lat' dir='ltr'>placcat,</span> <span class='ocrx_word' id='word_1_136' title='bbox 639 2503 699 2544; x_wconf 89' lang='lat' dir='ltr'>nec</span> <span class='ocrx_word' id='word_1_137' title='bbox 720 2483 825 2565; x_wconf 85' lang='lat' dir='ltr'>glad</span> <span class='ocrx_word' id='word_1_138' title='bbox 832 2487 938 2546; x_wconf 88' lang='lat' dir='ltr'>iola:</span> <span class='ocrx_word' id='word_1_139' title='bbox 963 2485 1060 2567; x_wconf 80' lang='lat' dir='ltr'>atqui</span> <span class='ocrx_word' id='word_1_140' title='bbox 1080 2487 1176 2550; x_wconf 86' lang='lat' dir='ltr'>Mes·</span> <span class='ocrx_word' id='word_1_141' title='bbox 1206 2498 1207 2501; x_wconf 76' lang='grc'>’</span> <span class='ocrx_word' id='word_1_142' title='bbox 1267 2512 1269 2518; x_wconf 61' lang='grc'>’</span> 
     </span>
     <span class='ocr_line' id='line_1_21' title="bbox 132 2575 1176 2668; baseline 0.015 -36"><span class='ocrx_word' id='word_1_143' title='bbox 132 2575 208 2634; x_wconf 85' lang='lat' dir='ltr'>sala</span> <span class='ocrx_word' id='word_1_144' title='bbox 230 2575 335 2651; x_wconf 83' lang='lat' dir='ltr'>dixit,</span> <span class='ocrx_word' id='word_1_145' title='bbox 359 2597 419 2640; x_wconf 90' lang='lat' dir='ltr'>nec</span> <span class='ocrx_word' id='word_1_146' title='bbox 438 2583 777 2662; x_wconf 74' lang='lat' dir='ltr'>parricidarum,</span> <span class='ocrx_word' id='word_1_147' title='bbox 802 2583 894 2668; x_wconf 76' lang='lat' dir='ltr'>quod</span> <span class='ocrx_word' id='word_1_148' title='bbox 915 2585 951 2646; x_wconf 91' lang='lat' dir='ltr'>in</span> <span class='ocrx_word' id='word_1_149' title='bbox 977 2585 1092 2650; x_wconf 84' lang='lat' dir='ltr'>Coelio</span> <span class='ocrx_word' id='word_1_150' title='bbox 1114 2585 1176 2648; x_wconf 83' lang='lat' dir='ltr'>viar</span> 
     </span>
     <span class='ocr_line' id='line_1_22' title="bbox 131 2677 1177 2768; baseline 0.013 -33"><span class='ocrx_word' id='word_1_151' title='bbox 131 2677 307 2739; x_wconf 80' lang='lat' dir='ltr'>tolerabile</span> <span class='ocrx_word' id='word_1_152' title='bbox 329 2679 482 2758; x_wconf 81' lang='lat' dir='ltr'>videtur,</span> <span class='ocrx_word' id='word_1_153' title='bbox 497 2683 567 2746; x_wconf 74' lang='lat' dir='ltr'>&#39;nec</span> <span class='ocrx_word' id='word_1_154' title='bbox 589 2687 725 2748; x_wconf 80' lang='lat' dir='ltr'>collos</span> <span class='ocrx_word' id='word_1_155' title='bbox 747 2685 830 2749; x_wconf 79' lang='lat' dir='ltr'>mihi</span> <span class='ocrx_word' id='word_1_156' title='bbox 856 2689 1013 2752; x_wconf 77' lang='lat' dir='ltr'>Calvus</span> <span class='ocrx_word' id='word_1_157' title='bbox 1031 2707 1177 2768; x_wconf 82' lang='lat' dir='ltr'>persua·</span> 
     </span>
     <span class='ocr_line' id='line_1_23' title="bbox 131 2775 837 2864; baseline 0.021 -27"><span class='ocrx_word' id='word_1_158' title='bbox 131 2775 226 2850; x_wconf 83' lang='lat' dir='ltr'>serit,</span> <span class='ocrx_word' id='word_1_159' title='bbox 250 2800 338 2861; x_wconf 75' lang='lat' dir='ltr'>quae</span> <span class='ocrx_word' id='word_1_160' title='bbox 360 2801 420 2844; x_wconf 86' lang='lat' dir='ltr'>nec</span> <span class='ocrx_word' id='word_1_161' title='bbox 441 2783 510 2864; x_wconf 80' lang='lat' dir='ltr'>ipsi</span> <span class='ocrx_word' id='word_1_162' title='bbox 530 2785 601 2847; x_wconf 88' lang='lat' dir='ltr'>iam</span> <span class='ocrx_word' id='word_1_163' title='bbox 623 2787 787 2851; x_wconf 83' lang='lat' dir='ltr'>dicerent.</span> <span class='ocrx_word' id='word_1_164' title='bbox 833 2791 837 2795; x_wconf 83' lang='grc'><strong>’</strong></span> 
     </span>
    </p>

    <p class='ocr_par' dir='ltr' id='par_1_12' title="bbox 129 2878 1177 3169">
     <span class='ocr_line' id='line_1_24' title="bbox 194 2878 1177 2972; baseline 0.013 -32"><span class='ocrx_word' id='word_1_165' title='bbox 194 2878 317 2944; x_wconf 87' lang='lat' dir='ltr'>Plinius</span> <span class='ocrx_word' id='word_1_166' title='bbox 341 2881 415 2946; x_wconf 89' lang='lat' dir='ltr'>hist.</span> <span class='ocrx_word' id='word_1_167' title='bbox 442 2886 528 2961; x_wconf 72' lang='lat' dir='ltr'>Nat..</span> <span class='ocrx_word' id='word_1_168' title='bbox 552 2887 602 2962; x_wconf 84' lang='grc'>33,</span> <span class='ocrx_word' id='word_1_169' title='bbox 627 2891 679 2965; x_wconf 88' lang='grc'>11,</span> <span class='ocrx_word' id='word_1_170' title='bbox 704 2890 756 2953; x_wconf 96' lang='grc'><strong>19.</strong></span> <span class='ocrx_word' id='word_1_171' title='bbox 804 2892 899 2954; x_wconf 89' lang='lat' dir='ltr'>Vasa</span> <span class='ocrx_word' id='word_1_172' title='bbox 914 2889 1117 2972; x_wconf 79' lang='lat' dir='ltr'>coquinaria</span> <span class='ocrx_word' id='word_1_173' title='bbox 1129 2913 1177 2953; x_wconf 78' lang='lat' dir='ltr'>ex</span> 
     </span>
     <span class='ocr_line' id='line_1_25' title="bbox 129 2985 1176 3072; baseline 0.016 -34"><span class='ocrx_word' id='word_1_174' title='bbox 129 2993 276 3062; x_wconf 83' lang='lat' dir='ltr'>argento</span> <span class='ocrx_word' id='word_1_175' title='bbox 298 2985 457 3049; x_wconf 86' lang='lat' dir='ltr'>Calvus</span> <span class='ocrx_word' id='word_1_176' title='bbox 486 3000 639 3051; x_wconf 80' lang='lat' dir='ltr'>orator</span> <span class='ocrx_word' id='word_1_177' title='bbox 671 2989 756 3065; x_wconf 76' lang='lat' dir='ltr'>fieri</span> <span class='ocrx_word' id='word_1_178' title='bbox 777 2989 932 3072; x_wconf 74' lang='lat' dir='ltr'>quiritur,</span> <span class='ocrx_word' id='word_1_179' title='bbox 957 3002 994 3053; x_wconf 86' lang='lat' dir='ltr'>at</span> <span class='ocrx_word' id='word_1_180' title='bbox 1015 3011 1078 3054; x_wconf 89' lang='lat' dir='ltr'>nos</span> <span class='ocrx_word' id='word_1_181' title='bbox 1100 3015 1176 3056; x_wconf 89' lang='lat' dir='ltr'>car·</span> 
     </span>
     <span class='ocr_line' id='line_1_26' title="bbox 131 3081 851 3169; baseline 0.015 -28"><span class='ocrx_word' id='word_1_182' title='bbox 131 3099 234 3145; x_wconf 79' lang='lat' dir='ltr'>ruccas</span> <span class='ocrx_word' id='word_1_183' title='bbox 257 3106 303 3146; x_wconf 82' lang='lat' dir='ltr'>ex</span> <span class='ocrx_word' id='word_1_184' title='bbox 324 3081 471 3169; x_wconf 71' lang='lat' dir='ltr'>argemo</span> <span class='ocrx_word' id='word_1_185' title='bbox 492 3091 625 3152; x_wconf 87' lang='lat' dir='ltr'>caelare</span> <span class='ocrx_word' id='word_1_186' title='bbox 647 3089 851 3152; x_wconf 78' lang='lat' dir='ltr'>invenimus.</span> 
     </span>
    </p>
   </div>
   <div class='ocr_carea' id='block_1_12' title="bbox 449 3224 853 3285">
    <p class='ocr_par' dir='ltr' id='par_1_13' title="bbox 449 3224 853 3285">
     <span class='ocr_line' id='line_1_27' title="bbox 449 3224 853 3285; baseline 0.007 -3"><span class='ocrx_word' id='word_1_187' title='bbox 449 3224 496 3282; x_wconf 84' lang='lat' dir='ltr'>ct.</span> <span class='ocrx_word' id='word_1_188' title='bbox 528 3226 556 3282; x_wconf 83' lang='lat' dir='ltr'>C.</span> <span class='ocrx_word' id='word_1_189' title='bbox 579 3225 739 3284; x_wconf 74' lang='lat' dir='ltr'>Scribonius</span> <span class='ocrx_word' id='word_1_190' title='bbox 761 3228 853 3285; x_wconf 82' lang='lat' dir='ltr'>Cario.</span> 
     </span>
    </p>
   </div>
   <div class='ocr_carea' id='block_1_13' title="bbox 122 3332 1173 4322">
    <p class='ocr_par' dir='ltr' id='par_1_14' title="bbox 122 3332 1173 4322">
     <span class='ocr_line' id='line_1_28' title="bbox 190 3332 1173 3416; baseline 0.014 -24"><span class='ocrx_word' id='word_1_191' title='bbox 190 3332 345 3416; x_wconf 80' lang='lat' dir='ltr'>Aequalis</span> <span class='ocrx_word' id='word_1_192' title='bbox 368 3336 416 3401; x_wconf 89' lang='lat' dir='ltr'>M.</span> <span class='ocrx_word' id='word_1_193' title='bbox 440 3337 575 3401; x_wconf 85' lang='lat' dir='ltr'>Antonii</span> <span class='ocrx_word' id='word_1_194' title='bbox 598 3352 629 3402; x_wconf 88' lang='lat' dir='ltr'>et</span> <span class='ocrx_word' id='word_1_195' title='bbox 652 3341 704 3404; x_wconf 91' lang='lat' dir='ltr'>M.</span> <span class='ocrx_word' id='word_1_196' title='bbox 723 3338 828 3404; x_wconf 88' lang='lat' dir='ltr'>Coelii</span> <span class='ocrx_word' id='word_1_197' title='bbox 842 3341 1022 3416; x_wconf 84' lang='lat' dir='ltr'>Rufi,anno</span> <span class='ocrx_word' id='word_1_198' title='bbox 1044 3342 1173 3406; x_wconf 89' lang='lat' dir='ltr'>circiter</span> 
     </span>
     <span class='ocr_line' id='line_1_29' title="bbox 126 3431 1173 3522; baseline 0.02 -32"><span class='ocrx_word' id='word_1_199' title='bbox 126 3431 188 3492; x_wconf 88' lang='grc'>670</span> <span class='ocrx_word' id='word_1_200' title='bbox 210 3431 280 3514; x_wconf 90' lang='grc'><strong>(81)</strong></span> <span class='ocrx_word' id='word_1_201' title='bbox 301 3449 389 3500; x_wconf 88' lang='lat' dir='ltr'>natus</span> <span class='ocrx_word' id='word_1_202' title='bbox 412 3449 470 3502; x_wconf 91' lang='lat' dir='ltr'>est.</span> <span class='ocrx_word' id='word_1_203' title='bbox 498 3442 697 3506; x_wconf 84' lang='lat' dir='ltr'>Adolescens</span> <span class='ocrx_word' id='word_1_204' title='bbox 719 3446 797 3506; x_wconf 86' lang='lat' dir='ltr'>mala</span> <span class='ocrx_word' id='word_1_205' title='bbox 820 3443 903 3506; x_wconf 86' lang='lat' dir='ltr'>fama</span> <span class='ocrx_word' id='word_1_206' title='bbox 921 3467 994 3508; x_wconf 87' lang='lat' dir='ltr'>usus</span> <span class='ocrx_word' id='word_1_207' title='bbox 1015 3456 1084 3522; x_wconf 88' lang='lat' dir='ltr'>nst,</span> <span class='ocrx_word' id='word_1_208' title='bbox 1113 3467 1173 3510; x_wconf 86' lang='lat' dir='ltr'>nec</span> 
     </span>
     <span class='ocr_line' id='line_1_30' title="bbox 126 3530 1172 3626; baseline 0.017 -35"><span class='ocrx_word' id='word_1_209' title='bbox 126 3530 229 3608; x_wconf 85' lang='lat' dir='ltr'>minus</span> <span class='ocrx_word' id='word_1_210' title='bbox 252 3558 345 3618; x_wconf 86' lang='lat' dir='ltr'>quam</span> <span class='ocrx_word' id='word_1_211' title='bbox 371 3540 423 3601; x_wconf 88' lang='lat' dir='ltr'>M.</span> <span class='ocrx_word' id='word_1_212' title='bbox 450 3542 608 3606; x_wconf 84' lang='lat' dir='ltr'>Antonius</span> <span class='ocrx_word' id='word_1_213' title='bbox 628 3554 659 3606; x_wconf 91' lang='lat' dir='ltr'>et</span> <span class='ocrx_word' id='word_1_214' title='bbox 679 3542 810 3608; x_wconf 87' lang='lat' dir='ltr'>Coelius</span> <span class='ocrx_word' id='word_1_215' title='bbox 833 3544 1027 3626; x_wconf 78' lang='lat' dir='ltr'>turpitudine</span> <span class='ocrx_word' id='word_1_216' title='bbox 1048 3568 1172 3610; x_wconf 85' lang='lat' dir='ltr'>morum</span> 
     </span>
     <span class='ocr_line' id='line_1_31' title="bbox 126 3629 1171 3723; baseline 0.018 -34"><span class='ocrx_word' id='word_1_217' title='bbox 126 3629 271 3712; x_wconf 84' lang='lat' dir='ltr'>insignis.</span> <span class='ocrx_word' id='word_1_218' title='bbox 315 3637 403 3699; x_wconf 90' lang='lat' dir='ltr'>Plul.</span> <span class='ocrx_word' id='word_1_219' title='bbox 428 3640 592 3704; x_wconf 77' lang='lat' dir='ltr'>Antonius</span> <span class='ocrx_word' id='word_1_220' title='bbox 617 3645 646 3703; x_wconf 80' lang='lat'>2.</span> <span class='ocrx_word' id='word_1_221' title='bbox 691 3643 811 3706; x_wconf 87' lang='lat' dir='ltr'>Cicero</span> <span class='ocrx_word' id='word_1_222' title='bbox 838 3646 950 3707; x_wconf 83' lang='lat' dir='ltr'>scribit</span> <span class='ocrx_word' id='word_1_223' title='bbox 972 3668 1001 3708; x_wconf 90' lang='lat' dir='ltr'>a.</span> <span class='ocrx_word' id='word_1_224' title='bbox 1029 3647 1088 3710; x_wconf 82' lang='lat'>693</span> <span class='ocrx_word' id='word_1_225' title='bbox 1105 3648 1171 3723; x_wconf 89' lang='grc'><strong>(51)</strong></span> 
     </span>
     <span class='ocr_line' id='line_1_32' title="bbox 125 3731 1172 3818; baseline 0.018 -29"><span class='ocrx_word' id='word_1_226' title='bbox 125 3732 164 3790; x_wconf 90' lang='lat' dir='ltr'>ad</span> <span class='ocrx_word' id='word_1_227' title='bbox 179 3731 322 3793; x_wconf 85' lang='lat' dir='ltr'>Atticum</span> <span class='ocrx_word' id='word_1_228' title='bbox 347 3739 374 3808; x_wconf 87' lang='lat'>1,</span> <span class='ocrx_word' id='word_1_229' title='bbox 399 3739 451 3798; x_wconf 87' lang='grc'>11.</span> <span class='ocrx_word' id='word_1_230' title='bbox 475 3742 732 3805; x_wconf 69' lang='lat' dir='ltr'>concursabant</span> <span class='ocrx_word' id='word_1_231' title='bbox 754 3745 925 3806; x_wconf 81' lang='lat' dir='ltr'>barbatuli</span> <span class='ocrx_word' id='word_1_232' title='bbox 946 3747 1092 3818; x_wconf 86' lang='lat' dir='ltr'>iuvenes,</span> <span class='ocrx_word' id='word_1_233' title='bbox 1121 3758 1172 3808; x_wconf 83' lang='lat' dir='ltr'>to-</span> 
     </span>
     <span class='ocr_line' id='line_1_33' title="bbox 124 3831 1172 3924; baseline 0.015 -34"><span class='ocrx_word' id='word_1_234' title='bbox 124 3841 179 3891; x_wconf 82' lang='lat' dir='ltr'>tus</span> <span class='ocrx_word' id='word_1_235' title='bbox 201 3831 257 3893; x_wconf 87' lang='lat' dir='ltr'>ille</span> <span class='ocrx_word' id='word_1_236' title='bbox 279 3855 371 3914; x_wconf 83' lang='lat' dir='ltr'>grex</span> <span class='ocrx_word' id='word_1_237' title='bbox 395 3839 574 3913; x_wconf 81' lang='lat' dir='ltr'>Catilinae,</span> <span class='ocrx_word' id='word_1_238' title='bbox 600 3843 684 3905; x_wconf 88' lang='lat' dir='ltr'>duce</span> <span class='ocrx_word' id='word_1_239' title='bbox 707 3843 829 3920; x_wconf 84' lang='lat' dir='ltr'>filiola</span> <span class='ocrx_word' id='word_1_240' title='bbox 854 3845 1027 3909; x_wconf 81' lang='lat' dir='ltr'>Curionis.</span> <span class='ocrx_word' id='word_1_241' title='bbox 1066 3848 1172 3924; x_wconf 85' lang='lat' dir='ltr'>Quac-</span> 
     </span>
     <span class='ocr_line' id='line_1_34' title="bbox 124 3930 1168 4026; baseline 0.011 -34"><span class='ocrx_word' id='word_1_242' title='bbox 124 3942 194 3993; x_wconf 88' lang='lat' dir='ltr'>stor</span> <span class='ocrx_word' id='word_1_243' title='bbox 212 3930 311 3996; x_wconf 86' lang='lat' dir='ltr'>fuisse</span> <span class='ocrx_word' id='word_1_244' title='bbox 335 3935 452 3999; x_wconf 87' lang='lat' dir='ltr'>dicitur</span> <span class='ocrx_word' id='word_1_245' title='bbox 474 3959 503 4001; x_wconf 87' lang='lat' dir='ltr'>a.</span> <span class='ocrx_word' id='word_1_246' title='bbox 522 3941 582 4004; x_wconf 86' lang='grc'>599</span> <span class='ocrx_word' id='word_1_247' title='bbox 596 3941 669 4025; x_wconf 93' lang='grc'><strong>(55),</strong></span> <span class='ocrx_word' id='word_1_248' title='bbox 682 3946 840 4008; x_wconf 81' lang='lat' dir='ltr'>referente</span> <span class='ocrx_word' id='word_1_249' title='bbox 858 3944 992 4026; x_wconf 85' lang='lat' dir='ltr'>Pighio.</span> <span class='ocrx_word' id='word_1_250' title='bbox 1006 3943 1168 4006; x_wconf 87' lang='lat' dir='ltr'>Tribunus</span> 
     </span>
     <span class='ocr_line' id='line_1_35' title="bbox 122 4031 1169 4128; baseline 0.011 -36"><span class='ocrx_word' id='word_1_251' title='bbox 122 4031 227 4112; x_wconf 87' lang='lat' dir='ltr'>plebis</span> <span class='ocrx_word' id='word_1_252' title='bbox 239 4054 267 4100; x_wconf 88' lang='lat' dir='ltr'>a.</span> <span class='ocrx_word' id='word_1_253' title='bbox 291 4036 353 4098; x_wconf 85' lang='grc'><strong>701</strong></span> <span class='ocrx_word' id='word_1_254' title='bbox 367 4039 435 4115; x_wconf 87' lang='grc'><strong>(50)</strong></span> <span class='ocrx_word' id='word_1_255' title='bbox 449 4039 586 4119; x_wconf 87' lang='lat' dir='ltr'>primum</span> <span class='ocrx_word' id='word_1_256' title='bbox 605 4065 667 4122; x_wconf 86' lang='lat' dir='ltr'>pro</span> <span class='ocrx_word' id='word_1_257' title='bbox 685 4045 844 4128; x_wconf 82' lang='lat' dir='ltr'>Pompeio</span> <span class='ocrx_word' id='word_1_258' title='bbox 860 4055 971 4106; x_wconf 87' lang='lat' dir='ltr'>contra</span> <span class='ocrx_word' id='word_1_259' title='bbox 984 4042 1169 4118; x_wconf 87' lang='lat' dir='ltr'>Caesarem,</span> 
     </span>
     <span class='ocr_line' id='line_1_36' title="bbox 122 4133 1171 4225; baseline 0.007 -31"><span class='ocrx_word' id='word_1_260' title='bbox 122 4133 236 4197; x_wconf 90' lang='lat' dir='ltr'>deinde</span> <span class='ocrx_word' id='word_1_261' title='bbox 259 4157 321 4218; x_wconf 89' lang='lat' dir='ltr'>pro</span> <span class='ocrx_word' id='word_1_262' title='bbox 331 4136 471 4202; x_wconf 86' lang='lat' dir='ltr'>Caesare</span> <span class='ocrx_word' id='word_1_263' title='bbox 495 4154 606 4204; x_wconf 88' lang='lat' dir='ltr'>eontra</span> <span class='ocrx_word' id='word_1_264' title='bbox 627 4145 815 4225; x_wconf 86' lang='lat' dir='ltr'>Pompeium</span> <span class='ocrx_word' id='word_1_265' title='bbox 839 4141 1061 4206; x_wconf 84' lang='lat' dir='ltr'>concionatur.</span> <span class='ocrx_word' id='word_1_266' title='bbox 1081 4141 1171 4204; x_wconf 84' lang='lat' dir='ltr'>Dru-</span> 
     </span>
     <span class='ocr_line' id='line_1_37' title="bbox 128 4239 861 4322; baseline 0.012 -25"><span class='ocrx_word' id='word_1_267' title='bbox 128 4257 220 4298; x_wconf 90' lang='lat' dir='ltr'>mann</span> <span class='ocrx_word' id='word_1_268' title='bbox 242 4249 267 4300; x_wconf 89' lang='lat' dir='ltr'>t.</span> <span class='ocrx_word' id='word_1_269' title='bbox 296 4239 327 4302; x_wconf 79' lang='lat'>3.</span> <span class='ocrx_word' id='word_1_270' title='bbox 351 4261 382 4320; x_wconf 91' lang='lat' dir='ltr'>p.</span> <span class='ocrx_word' id='word_1_271' title='bbox 410 4241 485 4300; x_wconf 80' lang='grc'><strong>377.</strong></span> <span class='ocrx_word' id='word_1_272' title='bbox 530 4240 618 4303; x_wconf 88' lang='lat' dir='ltr'>Livii</span> <span class='ocrx_word' id='word_1_273' title='bbox 641 4242 730 4322; x_wconf 83' lang='lat' dir='ltr'>Epit.</span> <span class='ocrx_word' id='word_1_274' title='bbox 747 4246 769 4307; x_wconf 93' lang='lat' dir='ltr'>l.</span> <span class='ocrx_word' id='word_1_275' title='bbox 788 4244 861 4306; x_wconf 89' lang='grc'><strong>109.</strong></span> 
     </span>
    </p>
   </div>
   <div class='ocr_carea' id='block_1_14' title="bbox 113 4368 971 4460">
    <p class='ocr_par' dir='ltr' id='par_1_15' title="bbox 113 4368 971 4460">
     <span class='ocr_line' id='line_1_38' title="bbox 113 4368 971 4460; baseline 0 -22"><span class='ocrx_word' id='word_1_276' title='bbox 113 4368 115 4375; x_wconf 37' lang='grc' dir='ltr'>Ι</span> <span class='ocrx_word' id='word_1_277' title='bbox 169 4397 375 4441; x_wconf 60' lang='lat' dir='ltr'>Matutinarum.</span> <span class='ocrx_word' id='word_1_278' title='bbox 389 4401 467 4452; x_wconf 74' lang='lat' dir='ltr'>Frsgm.</span> <span class='ocrx_word' id='word_1_279' title='bbox 484 4403 514 4439; x_wconf 88' lang='lat' dir='ltr'>ed.</span> <span class='ocrx_word' id='word_1_280' title='bbox 523 4403 541 4438; x_wconf 80' lang='lat' dir='ltr'>s.</span> <span class='ocrx_word' id='word_1_281' title='bbox 932 4399 971 4460; x_wconf 76' lang='lat'>31</span> 
     </span>
    </p>
   </div>
   <div class='ocr_carea' id='block_1_15' title="bbox 0 0 1488 4842">
    <p class='ocr_par' dir='ltr' id='par_1_16' title="bbox 0 0 1488 4842">
     <span class='ocr_line' id='line_1_39' title="bbox 0 0 1488 4842; baseline 0 9"><span class='ocrx_word' id='word_1_282' title='bbox 0 0 1488 4842; x_wconf 95' lang='lat' dir='ltr'> </span> 
     </span>
    </p>
   </div>
  </div>
 </body>
</html>
