2970 4836
248 377 287 436 ts

285 553 360 582 unum
383 537 452 596 quid]
482 550 557 582 unum
581 536 699 595 quicquid
723 537 745 579 iu
779 535 888 589 Epilome
921 536 1016 591 antiqua
1044 535 1114 580 Nouii
1146 549 1190 580 mi·
1220 540 1296 582 secuti

322 627 372 670 iere
393 626 440 668 xl.
474 625 581 668 Dilbusr.

313 745 437 809 Gellius
460 747 509 818 16,
534 746 585 805 ill.
612 743 786 806 Festinare
813 752 844 803 et
868 761 1061 822 properare
1086 741 1167 804 idem
1195 743 1295 826 signi·

249 850 369 921 ficare,
403 859 496 930 atque
526 844 559 908 in
589 848 717 907 eandem
748 865 814 905 rem
849 842 913 904 dici
944 843 1103 904 videntur.
1152 845 1214 906 Sed
1238 850 1293 910 M.

250 955 336 1014 Cato
356 948 388 1012 id
406 948 536 1010 differre
559 946 717 1010 existimat
737 967 836 1029 eaque
857 946 921 1006 hoc
941 948 1038 1008 modo
1061 945 1176 1008 divisa.
1209 950 1295 1009 Ver·

251 1056 381 1113 basoni
405 1051 514 1132 ipsius
538 1071 584 1110 ex
610 1048 780 1121 oratione,
809 1067 912 1128 quam
936 1051 988 1110 De
1010 1047 1084 1109 suis
1110 1048 1296 1112 virtutibus

250 1153 388 1218 habuit:
417 1151 526 1215 Aliud
551 1162 602 1212 est
628 1170 838 1230 properare,
872 1149 970 1210 aliud
984 1147 1182 1239 festinare.
1227 1152 1296 1232 Qui

244 1275 356 1317 unum
377 1255 460 1336 quid
486 1264 620 1315 mature
643 1250 820 1333 transigit,
846 1251 876 1312 is
897 1263 1081 1332 properat:
1107 1252 1167 1336 qui
1187 1255 1296 1316 multa

249 1357 354 1419 simul
379 1356 498 1436 incipit
524 1375 630 1436 neque
653 1352 807 1433 perficit,
837 1352 867 1412 is
879 1350 1052 1440 festinat.

314 1457 460 1520 Isidorus
480 1458 529 1519 De
549 1454 741 1518 Dilserentia
767 1457 938 1516 verborum
963 1477 996 1534 p.
1015 1456 1065 1516 75.
1090 1458 1140 1516 cd.
1160 1457 1293 1519 Areval.

250 1565 306 1624 M.
328 1564 433 1624 Cato:
460 1559 655 1640 Quianam
679 1558 836 1639 quodque
861 1567 995 1617 matare
1011 1559 1189 1638 transigit,
1213 1581 1293 1639 pro-

248 1674 371 1744 perat:
391 1662 450 1743 qui
474 1662 582 1722 multa
603 1659 708 1721 simul
733 1658 852 1738 incipit
876 1677 935 1718 nec
952 1658 1104 1738 perficit,
1134 1661 1165 1722 is
1180 1658 1295 1749 festi-

251 1775 324 1825 nat.
358 1768 438 1846 Ego
459 1782 563 1823 unum
590 1761 760 1844 quodque,
785 1762 878 1853 quod
899 1760 1046 1820 adortus
1069 1781 1176 1835 eram,
1200 1773 1295 1824 tran·

251 1866 417 1948 rigebant.

287 2023 334 2069 ego
358 2023 433 2055 unum
459 2005 579 2067 quodque]
616 2008 652 2050 Eu
676 2021 761 2051 uorum
787 2009 948 2065 fragmentum
972 2010 1077 2053 eiusdem
1105 2010 1236 2052 orationis!
1269 2010 1294 2053 lu

323 2100 427 2140 editione
447 2096 582 2140 Pu1·isisusi
601 2096 684 2138 iacobi
706 2097 734 2138 du
754 2096 824 2137 Breut
848 2097 902 2138 auui
928 2091 988 2139 1601
1012 2109 1033 2149 p.
1055 2094 1114 2148 7⁶7,
1134 2098 1197 2140 iuter
1216 2100 1294 2140 varias

323 2189 437 2229 lectiones
456 2186 601 2228 adnotatur:
627 2181 683 2241 Ego
702 2196 836 2240 numquam
855 2182 998 2241 quidquam,
1019 2182 1083 2241 quod
1098 2181 1294 2240 adulatorum,

320 2272 469 2316 transibam.
508 2272 582 2316 Male.

288 2395 402 2452 adortus]
435 2395 543 2440 adorsus
566 2395 627 2438 Cod.
651 2395 733 2437 Paris.
769 2396 876 2442 Diiboer.

316 2515 444 2578 Scholia
472 2515 644 2576 Bobicusia
668 2514 699 2574 in
728 2512 916 2576 Scholiastis
939 2513 1108 2577 Ciceronis
1136 2519 1178 2578 T.
1199 2517 1229 2578 2.
1260 2539 1293 2597 p.

253 2620 350 2682 289.:
384 2618 495 2680 Visum
518 2629 564 2678 est
590 2615 667 2677 mihi
692 2627 830 2696 propter
853 2637 919 2687 eos,
942 2616 1057 2699 quibus
1081 2618 1211 2700 aliquod
1229 2631 1294 2680 stu-

252 2721 335 2782 dium
370 2719 504 2801 proprie
536 2718 688 2800 loquendi
720 2729 786 2789 est,
819 2731 951 2778 auctore
983 2719 1054 2798 ipso
1085 2725 1139 2782 M.
1167 2725 1295 2783 Catone

251 2825 331 2883 haec
354 2825 450 2882 verba
478 2818 668 2908 (festinare
688 2831 718 2880 et
735 2822 944 2900 properare)
960 2820 1173 2903 distinguere:
1201 2823 1294 2903 quip-

252 2945 291 3004 pe
314 2921 397 2983 aliud
424 2942 491 2982 esse
515 2941 702 3001 properare,
729 2920 815 2981 aliud
838 2921 1000 2995 festinare,
1028 2921 1096 3002 ipse
1121 2942 1178 2983 uos
1209 2925 1296 2985 Cato

252 3025 368 3086 dociiit
393 3025 426 3084 in
455 3023 634 3096 oratione,
665 3043 752 3104 quae
776 3024 978 3085 inscribitur
1003 3027 1056 3086 De
1081 3025 1205 3085 virtute
1230 3047 1296 3086 sua

252 3137 372 3188 contra
398 3127 598 3186 Thermum.
644 3128 739 3188 Nam
760 3127 849 3186 aliut
871 3147 1084 3206 properare,
1108 3127 1196 3188 aliut
1210 3125 1295 3216 fes·

252 3229 378 3289 tinore.
424 3226 492 3307 Qui
519 3247 624 3288 unum
651 3229 807 3312 quodque
840 3242 975 3292 mature
1005 3233 1188 3315 transigit,
1211 3255 1295 3314 pro·

249 3341 372 3410 perat,·
407 3329 465 3410 qui
489 3332 598 3390 multa
619 3329 723 3392 simul
748 3331 867 3412 incipit
891 3353 998 3414 neque
1022 3335 1186 3415 perficit,
1209 3332 1295 3424 fes·

252 3432 353 3494 tinat.

316 3533 448 3596 Servius
479 3533 511 3596 in
536 3535 634 3618 Virg.
668 3538 793 3619 Georg.
825 3538 854 3598 l.
879 3539 961 3599 260:
999 3542 1084 3601 Cato
1104 3557 1294 3616 properare

252 3634 335 3697 dicit
360 3657 439 3710 eos,
473 3639 532 3720 qui
557 3640 674 3719 prima
702 3661 854 3722 quaeque
883 3640 1004 3701 ordine
1029 3659 1093 3698 sua
1117 3649 1294 3699 maturare

253 3739 472 3818 transigunt,
489 3738 673 3828 festinare
696 3752 811 3801 autem
835 3742 934 3812 illos,
957 3740 1016 3820 qui
1043 3741 1151 3798 multa
1173 3738 1294 3820 incipi.

253 3852 335 3912 unt,
360 3861 466 3923 eaque
491 3843 704 3903 adnectendo
727 3862 787 3901 nec
815 3840 1033 3902 terminando
1053 3841 1292 3921 praepediant.

287 3983 426 4040 maturare]
459 3993 583 4030 rnaturate
603 3988 714 4042 Vossius,
739 3989 835 4026 mature
856 3984 963 4040 titiones,
992 3991 1066 4029 reete.

316 4105 428 4165 Festus
449 4126 482 4183 p.
501 4105 574 4164 281.
600 4101 822 4182 Repastinari
845 4124 922 4186 ager
945 4104 970 4166 is
992 4105 1126 4183 dieitur,
1155 4119 1186 4168 ut
1209 4110 1294 4170 Ver-

253 4203 318 4266 rius
342 4204 517 4276 existimat,
545 4201 633 4264 cuius
657 4215 768 4265 natura
792 4216 927 4268 mutatur
952 4208 1126 4283 fodiendo,
1151 4233 1221 4271 cum
1242 4222 1294 4272 aut

253 4305 398 4368 silvester
425 4305 650 4382 excodicator,
681 4318 733 4368 aut
759 4307 838 4390 lapis
869 4309 1010 4374 mollitur
1032 4312 1233 4395 frangendo,
1263 4323 1295 4374 ot
1353 4342 1354 4346 ¹
