2992 4840
252 374 313 437 234

234 587 238 594 Ἴ
287 536 460 600 comprobabo]
497 539 556 582 hanc
576 539 702 582 lectionem
722 538 834 582 excolet.
850 538 956 581 restitnit
968 536 1043 581 ltrehl
1062 537 1084 579 ln
1097 536 1218 582 Adtendis
1229 537 1260 581 Τ.
1273 536 1297 581 2.

320 641 344 683 p.
359 623 437 685 ⁵34„
457 627 603 682 eandemque
617 627 640 669 ln
661 626 752 680 optimo
768 625 845 682 Regio
860 620 925 670 7⁴97
946 625 982 668 tx
1004 637 1069 670 saec.
1091 630 1174 670 extare
1197 630 1300 670 testatur

319 715 473 761 Duobuerus.
502 712 635 770 comprobo
654 714 735 772 vulgo.
766 712 799 756 At
822 725 899 766 vero,
928 713 961 758 ait
980 712 1116 772 Krohllns‚
1144 711 1299 757 indicatione

318 804 465 861 proesentis
481 807 586 860 propter
605 800 790 846 antecedentem
808 801 994 846 conistnete'vum
1005 796 1080 859 serre'
1098 802 1190 860 nequit.

315 922 444 986 Ellendt
459 944 493 1003 p.
506 923 568 986 XL
584 931 685 1004 putat,
704 918 861 983 orationis
876 920 1094 994 Gracchanae,
1111 919 1140 1004 si
1156 941 1218 983 non
1231 919 1297 1002 ipsa

252 1027 362 1102 verba,
378 1037 409 1088 at
424 1023 631 1088 imitationem
648 1034 734 1088 certe
749 1026 833 1106 apud
850 1024 1026 1087 Auctorem
1043 1027 1083 1087 ad
1099 1023 1295 1087 Herennium

252 1127 309 1194 lib.
328 1131 364 1204 1,
390 1129 409 1193 9
432 1139 464 1192 et
486 1130 523 1190 11
547 1140 669 1191 extare.

441 1382 469 1439 6.
501 1380 601 1438 Oratio
621 1382 658 1438 do
681 1381 794 1452 legibus
814 1396 832 1437 a
852 1396 884 1438 se
902 1380 1100 1452 promulgatis.

313 1533 363 1596 Ea
381 1528 464 1594 dicta
484 1553 554 1594 esse
577 1529 704 1594 videtur
730 1552 760 1594 a.
784 1530 841 1593 631
867 1531 971 1611 (tta).

316 1634 469 1707 Constat,
503 1631 544 1697 C.
572 1633 757 1696 Gracchum
786 1633 818 1695 in
855 1633 1017 1696 tribunatu
1054 1633 1165 1696 multas
1199 1654 1297 1698 novas

250 1737 473 1820 promulgasse
498 1737 603 1819 leges,
635 1734 750 1819 quihus
775 1735 973 1818 optimatium
999 1736 1143 1818 potentia
1168 1737 1297 1822 frange·

248 1851 355 1914 retur,
385 1837 559 1901 auctoritas
585 1850 710 1900 senatus
736 1836 994 1916 imminueretur,
1026 1852 1058 1901 et
1078 1861 1162 1903 nova
1189 1841 1297 1923 reipu-

250 1941 353 2006 blicae
379 1940 484 2004 forma
511 1939 770 2004 constitueretur.
805 1942 850 2004 Ut
872 1963 953 2004 vero
977 1941 1006 2004 ei
1028 1945 1107 2005 bene
1130 1965 1181 2006 res
1205 1948 1297 2008 cede·

249 2055 317 2119 ret,
342 2065 423 2126 opus
440 2053 522 2118 erat,
546 2055 581 2105 ut
603 2043 694 2124 plebs
715 2065 844 2107 romana
866 2066 935 2106 eum
958 2044 1142 2121 adiuvaret,
1168 2046 1297 2131 eiusque

251 2145 393 2210 consiliis
417 2167 481 2208 non
506 2149 600 2209 modo
623 2168 688 2209 non
713 2148 957 2226 adversaretur,
988 2151 1044 2211 sed
1069 2148 1217 2212 omnibus
1242 2170 1297 2213 ro·

255 2248 440 2334 gatiooibus
460 2248 574 2330 cupide
600 2250 843 2330 suffragaretur.
882 2251 1063 2335 Antequam
1086 2250 1186 2336 igitur
1209 2252 1297 2336 leges

249 2372 320 2415 snas
338 2350 590 2433 promulgasset,
614 2349 792 2415 orationem
812 2351 844 2414 in
862 2353 1019 2417 concione
1036 2355 1161 2430 habuit,
1184 2354 1215 2416 in
1235 2375 1295 2438 qua

249 2475 358 2518 causas
384 2454 552 2536 exposuit,
584 2475 642 2517 cur
668 2454 864 2518 necessariae
894 2456 1116 2538 reipublicae,
1148 2456 1297 2539 plebique

248 2556 342 2622 utiles
364 2569 484 2632 essent,
510 2579 637 2642 quaque
660 2558 788 2640 plebem
807 2570 921 2622 contra
946 2557 1114 2642 optimates
1135 2559 1184 2622 ira
1203 2572 1296 2644 atque

248 2659 370 2723 invidia
396 2659 614 2724 inflammavit.

311 2791 361 2854 De
386 2789 512 2874 legibus
539 2789 599 2854 Cai
624 2791 767 2854 Gracchi
792 2813 825 2853 v.
855 2791 985 2875 Appian
1010 2794 1050 2855 Β.
1074 2791 1150 2857 Cir.
1176 2797 1213 2871 1,
1241 2796 1294 2857 tt.

248 2893 337 2956 Plut.
355 2890 398 2956 C.
413 2895 555 2956 Gracch.
573 2914 603 2956 c.
622 2896 654 2956 5.
678 2891 821 2956 Velleius
846 2894 876 2970 9,
893 2895 923 2970 6,
941 2895 972 2956 3.
996 2893 1111 2957 Livius
1132 2895 1223 2977 Epit.
1242 2898 1294 2959 60.

248 2998 367 3060 Florus
387 2997 417 3071 3,
439 2996 490 3059 15.
515 2995 626 3079 Pighii
639 2995 781 3058 Annales
799 3007 824 3058 t.
841 2997 873 3058 3.
890 3019 924 3078 p.
940 2998 980 3059 53
995 3019 1069 3081 sqq.
1093 2997 1296 3080 Hegewisch

248 3097 442 3164 Geschichte
465 3103 522 3162 der
549 3097 780 3182 gracchisehen
806 3101 973 3163 Unruhen.
1006 3102 1177 3184 Hamburg
1200 3101 1295 3164 1801.

248 3202 409 3266 Zacharia¹
439 3202 526 3264 Sulla
554 3213 579 3264 t.
609 3205 639 3265 1.
663 3224 697 3284 p.
723 3204 776 3265 53.
822 3201 949 3264 Walter
976 3203 1096 3267 Gesch.
1128 3205 1183 3266 des
1209 3210 1294 3268 rtim.

247 3306 383 3370 Rechts.
407 3327 435 3368 s.
461 3306 564 3368 Iudex
586 3304 706 3388 legum.
733 3326 768 3386 p.
794 3305 869 3367 896.
916 3304 1067 3390 thtling
1093 3307 1213 3369 Gesch.
1239 3309 1296 3368 der

247 3415 333 3473 rbm.
360 3407 551 3472 Staatsvers.
575 3428 610 3489 p.
633 3407 707 3470 135.
734 3429 809 3492 sqq.

311 3584 441 3650 Scholia
469 3582 646 3648 Bobiensia
673 3582 705 3646 in
736 3582 906 3647 Ciceronis
934 3584 1041 3648 Oratt.
1071 3607 1107 3666 p.
1131 3585 1192 3648 365
1220 3584 1297 3648 edit.

248 3687 371 3753 Orelli:
407 3689 492 3762 Hic,
527 3699 695 3771 quantum
722 3709 799 3750 mea
822 3687 940 3769 opinio
966 3700 1035 3764 est,
1065 3687 1222 3750 imitatus
1244 3699 1296 3749 est

246 3792 366 3858 Cicero
391 3796 429 3855 0.
450 3791 655 3854 Gracchum.
701 3789 770 3854 sio
788 3789 879 3852 enim
903 3801 936 3852 et
962 3790 1020 3852 ille
1043 3793 1103 3855 De
1128 3788 1296 3873 legibus

243 3893 564 3976 promulgatis,
606 3903 644 3954 ut
675 3891 785 3975 ipsius
814 3891 919 3954 etiam
950 3893 1132 3957 uerborum
1150 3889 1297 3984 faciam

247 3998 471 4062 mentionem:

219 4176 255 4192 ὤ,
308 4118 347 4181 Si
368 4120 486 4180 vellem
505 4117 600 4199 apud
622 4135 682 4178 uos
705 4115 807 4177 uerba
815 4114 948 4206 faeere
972 4127 1005 4178 et
1020 4135 1042 4178 α
1062 4114 1158 4178 vobis
1173 4125 1295 4196 postat-

247 4221 341 4294 lare,
365 4241 443 4282 oum
458 4240 583 4302 genere
603 4238 738 4282 summo
754 4230 852 4282 ortus
867 4239 977 4280 essem
996 4229 1029 4279 et
1049 4239 1126 4279 oum
1139 4215 1296 4303 fratrem

242 4333 390 4414 propter
408 4341 467 4382 vos
491 4319 703 4394 amisissem,
728 4341 788 4382 neo
812 4320 994 4402 quisquam
1014 4318 1055 4379 tle
1074 4323 1113 4382 P.
1129 4316 1296 4408 Aflieani
