<?xml version="1.0" encoding="UTF-8"?>
<!DOCTYPE html PUBLIC "-//W3C//DTD XHTML 1.0 Transitional//EN"
    "http://www.w3.org/TR/xhtml1/DTD/xhtml1-transitional.dtd">
<html xmlns="http://www.w3.org/1999/xhtml" xml:lang="en" lang="en">
 <head>
  <title>
</title>
<meta http-equiv="Content-Type" content="text/html;charset=utf-8" />
  <meta name='ocr-system' content='tesseract 3.04.00' />
  <meta name='ocr-capabilities' content='ocr_page ocr_carea ocr_par ocr_line ocrx_word'/>
</head>
<body>
  <div class='ocr_page' id='page_1' title='image "./oratorumromanor02meyegoog_0118.png"; bbox 0 0 2976 4844; ppageno 0'>
   <div class='ocr_carea' id='block_1_1' title="bbox 276 383 317 446">
    <p class='ocr_par' dir='ltr' id='par_1_1' title="bbox 276 383 317 446">
     <span class='ocr_line' id='line_1_1' title="bbox 276 383 317 446; baseline -0.049 0"><span class='ocrx_word' id='word_1_1' title='bbox 276 383 317 446; x_wconf 84' lang='lat'><strong><em>98</em></strong></span> 
     </span>
    </p>
   </div>
   <div class='ocr_carea' id='block_1_2' title="bbox 276 502 1329 624">
    <p class='ocr_par' dir='ltr' id='par_1_2' title="bbox 276 502 1329 624">
     <span class='ocr_line' id='line_1_2' title="bbox 276 502 1329 624; baseline -0.04 -19"><span class='ocrx_word' id='word_1_2' title='bbox 276 543 390 624; x_wconf 79' lang='lat' dir='ltr'><strong><em>tique:</em></strong></span> <span class='ocrx_word' id='word_1_3' title='bbox 417 553 496 596; x_wconf 85' lang='lat' dir='ltr'><strong><em>oum</em></strong></span> <span class='ocrx_word' id='word_1_4' title='bbox 519 523 664 590; x_wconf 78' lang='lat' dir='ltr'><strong><em>dicenda</em></strong></span> <span class='ocrx_word' id='word_1_5' title='bbox 685 519 728 580; x_wconf 85' lang='lat' dir='ltr'><strong><em>de</em></strong></span> <span class='ocrx_word' id='word_1_6' title='bbox 750 515 891 594; x_wconf 84' lang='lat' dir='ltr'><strong><em>integro</em></strong></span> <span class='ocrx_word' id='word_1_7' title='bbox 912 528 1020 572; x_wconf 84' lang='lat' dir='ltr'><strong><em>causa</em></strong></span> <span class='ocrx_word' id='word_1_8' title='bbox 1041 517 1143 578; x_wconf 84' lang='lat' dir='ltr'><strong><em>esset,</em></strong></span> <span class='ocrx_word' id='word_1_9' title='bbox 1167 502 1329 568; x_wconf 64' lang='lat' dir='ltr'><strong><em>excursu</em></strong></span> 
     </span>
    </p>
   </div>
   <div class='ocr_carea' id='block_1_3' title="bbox 278 609 1329 928">
    <p class='ocr_par' dir='ltr' id='par_1_3' title="bbox 278 609 1329 928">
     <span class='ocr_line' id='line_1_3' title="bbox 278 609 1325 707; baseline -0.038 0"><span class='ocrx_word' id='word_1_10' title='bbox 278 641 379 707; x_wconf 79' lang='lat' dir='ltr'><strong><em>exitii</em></strong></span> <span class='ocrx_word' id='word_1_11' title='bbox 418 655 524 699; x_wconf 86' lang='lat' dir='ltr'><strong><em>eausa</em></strong></span> <span class='ocrx_word' id='word_1_12' title='bbox 560 629 675 692; x_wconf 86' lang='lat' dir='ltr'><strong><em>solum</em></strong></span> <span class='ocrx_word' id='word_1_13' title='bbox 711 616 868 682; x_wconf 85' lang='lat' dir='ltr'><strong><em>vertisse.</em></strong></span> <span class='ocrx_word' id='word_1_14' title='bbox 924 609 1080 675; x_wconf 80' lang='lat' dir='ltr'><strong><em>Furius</em></strong></span> <span class='ocrx_word' id='word_1_15' title='bbox 1118 610 1325 679; x_wconf 81' lang='lat' dir='ltr'><strong><em>Praeneste,</em></strong></span> 
     </span>
     <span class='ocr_line' id='line_1_4' title="bbox 280 712 1327 811; baseline -0.053 0"><span class='ocrx_word' id='word_1_16' title='bbox 280 744 460 811; x_wconf 88' lang='lat' dir='ltr'><strong><em>Matienus</em></strong></span> <span class='ocrx_word' id='word_1_17' title='bbox 488 734 598 799; x_wconf 80' lang='lat' dir='ltr'><strong><em>Tibur</em></strong></span> <span class='ocrx_word' id='word_1_18' title='bbox 623 726 806 792; x_wconf 79' lang='lat' dir='ltr'><strong><em>exulatum</em></strong></span> <span class='ocrx_word' id='word_1_19' title='bbox 836 715 1010 782; x_wconf 84' lang='lat' dir='ltr'><strong><em>abierunt.</em></strong></span> <span class='ocrx_word' id='word_1_20' title='bbox 1045 747 1086 758; x_wconf 92' lang='lat'>-</span> <span class='ocrx_word' id='word_1_21' title='bbox 1119 745 1160 756; x_wconf 94' lang='lat'><em>-</em></span> <span class='ocrx_word' id='word_1_22' title='bbox 1198 712 1248 774; x_wconf 87' lang='lat' dir='ltr'><strong><em>Ac</em></strong></span> <span class='ocrx_word' id='word_1_23' title='bbox 1274 730 1327 772; x_wconf 86' lang='lat' dir='ltr'><strong><em>re.</em></strong></span> 
     </span>
     <span class='ocr_line' id='line_1_5' title="bbox 280 813 1329 928; baseline -0.039 -15"><span class='ocrx_word' id='word_1_24' title='bbox 280 868 362 912; x_wconf 87' lang='lat' dir='ltr'><strong><em>vera</em></strong></span> <span class='ocrx_word' id='word_1_25' title='bbox 379 854 460 928; x_wconf 92' lang='lat' dir='ltr'><strong><em>post</em></strong></span> <span class='ocrx_word' id='word_1_26' title='bbox 486 833 743 901; x_wconf 79' lang='lat' dir='ltr'><em>damnationem</em></span> <span class='ocrx_word' id='word_1_27' title='bbox 763 821 859 888; x_wconf 65' lang='lat' dir='ltr'><strong><em>nterii</em></strong></span> <span class='ocrx_word' id='word_1_28' title='bbox 883 819 921 882; x_wconf 89' lang='lat' dir='ltr'><strong><em>in</em></strong></span> <span class='ocrx_word' id='word_1_29' title='bbox 941 813 1112 903; x_wconf 74' lang='lat' dir='ltr'><strong><em>futurum</em></strong></span> <span class='ocrx_word' id='word_1_30' title='bbox 1134 813 1329 874; x_wconf 85' lang='lat' dir='ltr'><strong><em>consultum</em></strong></span> 
     </span>
    </p>
   </div>
   <div class='ocr_carea' id='block_1_4' title="bbox 270 917 1328 1146">
    <p class='ocr_par' dir='ltr' id='par_1_4' title="bbox 270 917 1328 1146">
     <span class='ocr_line' id='line_1_6' title="bbox 280 917 1328 1015; baseline -0.045 0"><span class='ocrx_word' id='word_1_31' title='bbox 280 965 395 1015; x_wconf 89' lang='lat' dir='ltr'><strong><em>tamen</em></strong></span> <span class='ocrx_word' id='word_1_32' title='bbox 424 944 467 1008; x_wconf 92' lang='lat' dir='ltr'><strong><em>ab</em></strong></span> <span class='ocrx_word' id='word_1_33' title='bbox 495 949 619 1004; x_wconf 89' lang='lat' dir='ltr'><strong><em>senatu</em></strong></span> <span class='ocrx_word' id='word_1_34' title='bbox 651 926 838 1011; x_wconf 85' lang='lat' dir='ltr'><strong><em>Hispanis,</em></strong></span> <span class='ocrx_word' id='word_1_35' title='bbox 874 920 967 1005; x_wconf 79' lang='lat' dir='ltr'><strong><em>quod</em></strong></span> <span class='ocrx_word' id='word_1_36' title='bbox 998 917 1253 998; x_wconf 85' lang='lat' dir='ltr'><strong><em>impetrarunt,</em></strong></span> <span class='ocrx_word' id='word_1_37' title='bbox 1286 934 1328 974; x_wconf 77' lang='lat' dir='ltr'><strong><em>ne</em></strong></span> 
     </span>
     <span class='ocr_line' id='line_1_7' title="bbox 270 1015 1327 1146; baseline -0.041 -28"><span class='ocrx_word' id='word_1_38' title='bbox 270 1047 456 1146; x_wconf 78' lang='lat' dir='ltr'><strong><em>frumenti</em></strong></span> <span class='ocrx_word' id='word_1_39' title='bbox 481 1035 758 1107; x_wconf 73' lang='lat' dir='ltr'><strong><em>aestimationem</em></strong></span> <span class='ocrx_word' id='word_1_40' title='bbox 781 1026 1011 1108; x_wconf 85' lang='lat' dir='ltr'><strong><em>magistratus</em></strong></span> <span class='ocrx_word' id='word_1_41' title='bbox 1038 1039 1205 1082; x_wconf 88' lang='lat' dir='ltr'><strong><em>romanus</em></strong></span> <span class='ocrx_word' id='word_1_42' title='bbox 1227 1015 1327 1078; x_wconf 85' lang='lat' dir='ltr'><strong><em>habe·</em></strong></span> 
     </span>
    </p>
   </div>
   <div class='ocr_carea' id='block_1_5' title="bbox 283 1117 1330 1340">
    <p class='ocr_par' dir='ltr' id='par_1_5' title="bbox 283 1117 1330 1340">
     <span class='ocr_line' id='line_1_8' title="bbox 283 1117 1330 1230; baseline -0.045 -9"><span class='ocrx_word' id='word_1_43' title='bbox 283 1169 348 1230; x_wconf 89' lang='lat' dir='ltr'><strong><em>ret,</em></strong></span> <span class='ocrx_word' id='word_1_44' title='bbox 377 1174 457 1214; x_wconf 87' lang='lat' dir='ltr'><strong><em>neve</em></strong></span> <span class='ocrx_word' id='word_1_45' title='bbox 484 1152 624 1226; x_wconf 84' lang='lat' dir='ltr'><strong><em>cogeret</em></strong></span> <span class='ocrx_word' id='word_1_46' title='bbox 649 1133 828 1198; x_wconf 78' lang='lat' dir='ltr'><strong><em>vicesimas</em></strong></span> <span class='ocrx_word' id='word_1_47' title='bbox 850 1127 993 1189; x_wconf 80' lang='lat' dir='ltr'><strong><em>vendere</em></strong></span> <span class='ocrx_word' id='word_1_48' title='bbox 1012 1123 1190 1203; x_wconf 88' lang='lat' dir='ltr'><strong><em>Hispanos</em></strong></span> <span class='ocrx_word' id='word_1_49' title='bbox 1209 1117 1330 1202; x_wconf 76' lang='lat' dir='ltr'><strong><em>quanti</em></strong></span> 
     </span>
     <span class='ocr_line' id='line_1_9' title="bbox 285 1222 1330 1340; baseline -0.04 -19"><span class='ocrx_word' id='word_1_50' title='bbox 285 1260 360 1340; x_wconf 90' lang='lat' dir='ltr'><strong><em>ipse</em></strong></span> <span class='ocrx_word' id='word_1_51' title='bbox 387 1239 497 1324; x_wconf 55' lang='lat' dir='ltr'><strong><em>vellet,&#39;</em></strong></span> <span class='ocrx_word' id='word_1_52' title='bbox 523 1259 556 1309; x_wconf 90' lang='lat' dir='ltr'><strong><em>et</em></strong></span> <span class='ocrx_word' id='word_1_53' title='bbox 583 1264 623 1304; x_wconf 87' lang='lat' dir='ltr'><strong><em>ne</em></strong></span> <span class='ocrx_word' id='word_1_54' title='bbox 647 1233 825 1327; x_wconf 59' lang='lat' dir='ltr'><strong><em>praefecti</em></strong></span> <span class='ocrx_word' id='word_1_55' title='bbox 851 1231 888 1294; x_wconf 89' lang='lat' dir='ltr'><strong><em>in</em></strong></span> <span class='ocrx_word' id='word_1_56' title='bbox 913 1228 1041 1312; x_wconf 79' lang='lat' dir='ltr'><strong><em>oppida</em></strong></span> <span class='ocrx_word' id='word_1_57' title='bbox 1067 1245 1131 1290; x_wconf 84' lang='lat' dir='ltr'><strong><em>sua</em></strong></span> <span class='ocrx_word' id='word_1_58' title='bbox 1155 1222 1202 1284; x_wconf 81' lang='lat' dir='ltr'><strong><em>ad</em></strong></span> <span class='ocrx_word' id='word_1_59' title='bbox 1224 1242 1330 1303; x_wconf 84' lang='lat' dir='ltr'><strong><em>pesu-</em></strong></span> 
     </span>
    </p>
   </div>
   <div class='ocr_carea' id='block_1_6' title="bbox 283 1347 1332 1530">
    <p class='ocr_par' dir='ltr' id='par_1_6' title="bbox 283 1347 1332 1530">
     <span class='ocr_line' id='line_1_10' title="bbox 283 1347 864 1438; baseline -0.046 -15"><span class='ocrx_word' id='word_1_60' title='bbox 283 1360 361 1423; x_wconf 89' lang='lat' dir='ltr'><strong><em>nias</em></strong></span> <span class='ocrx_word' id='word_1_61' title='bbox 387 1352 561 1438; x_wconf 79' lang='lat' dir='ltr'><strong><em>cogendas</em></strong></span> <span class='ocrx_word' id='word_1_62' title='bbox 590 1347 864 1426; x_wconf 81' lang='lat' dir='ltr'><strong><em>imponerentur.</em></strong></span> 
     </span>
     <span class='ocr_line' id='line_1_11' title="bbox 347 1430 1332 1530; baseline -0.046 -7"><span class='ocrx_word' id='word_1_63' title='bbox 347 1458 466 1525; x_wconf 82' lang='lat' dir='ltr'><strong><em>Cicero</em></strong></span> <span class='ocrx_word' id='word_1_64' title='bbox 494 1453 525 1516; x_wconf 87' lang='lat' dir='ltr'><strong><em>in</em></strong></span> <span class='ocrx_word' id='word_1_65' title='bbox 554 1451 597 1530; x_wconf 88' lang='lat' dir='ltr'><strong><em>Q.</em></strong></span> <span class='ocrx_word' id='word_1_66' title='bbox 625 1441 802 1510; x_wconf 86' lang='lat' dir='ltr'><strong><em>Caecilium</em></strong></span> <span class='ocrx_word' id='word_1_67' title='bbox 831 1434 976 1498; x_wconf 86' lang='lat' dir='ltr'><strong><em>Divinat.</em></strong></span> <span class='ocrx_word' id='word_1_68' title='bbox 1002 1454 1032 1494; x_wconf 85' lang='lat' dir='ltr'><strong><em>s.</em></strong></span> <span class='ocrx_word' id='word_1_69' title='bbox 1060 1432 1113 1494; x_wconf 80' lang='lat'><strong><em>20.</em></strong></span> <span class='ocrx_word' id='word_1_70' title='bbox 1151 1431 1207 1492; x_wconf 89' lang='lat' dir='ltr'><strong><em>M.</em></strong></span> <span class='ocrx_word' id='word_1_71' title='bbox 1230 1430 1332 1492; x_wconf 79' lang='lat' dir='ltr'><strong><em>Cato-</em></strong></span> 
     </span>
    </p>
   </div>
   <div class='ocr_carea' id='block_1_7' title="bbox 282 1527 1332 1853">
    <p class='ocr_par' dir='ltr' id='par_1_7' title="bbox 282 1527 1332 1853">
     <span class='ocr_line' id='line_1_12' title="bbox 282 1527 1331 1641; baseline -0.039 -13"><span class='ocrx_word' id='word_1_72' title='bbox 282 1586 360 1627; x_wconf 89' lang='lat' dir='ltr'><strong><em>nem</em></strong></span> <span class='ocrx_word' id='word_1_73' title='bbox 391 1559 598 1641; x_wconf 88' lang='lat' dir='ltr'><strong><em>sapientem,</em></strong></span> <span class='ocrx_word' id='word_1_74' title='bbox 635 1543 869 1610; x_wconf 85' lang='lat' dir='ltr'><strong><em>clarissimum</em></strong></span> <span class='ocrx_word' id='word_1_75' title='bbox 901 1538 1014 1600; x_wconf 87' lang='lat' dir='ltr'><strong><em>virum</em></strong></span> <span class='ocrx_word' id='word_1_76' title='bbox 1046 1545 1079 1596; x_wconf 90' lang='lat' dir='ltr'><strong><em>et</em></strong></span> <span class='ocrx_word' id='word_1_77' title='bbox 1102 1527 1331 1615; x_wconf 76' lang='lat' dir='ltr'><strong><em>prudentissi-</em></strong></span> 
     </span>
     <span class='ocr_line' id='line_1_13' title="bbox 283 1635 1332 1738; baseline -0.038 -8"><span class='ocrx_word' id='word_1_78' title='bbox 283 1687 397 1738; x_wconf 91' lang='lat' dir='ltr'><strong><em>mum,</em></strong></span> <span class='ocrx_word' id='word_1_79' title='bbox 428 1682 505 1722; x_wconf 86' lang='lat' dir='ltr'><strong><em>eum</em></strong></span> <span class='ocrx_word' id='word_1_80' title='bbox 534 1653 654 1719; x_wconf 89' lang='lat' dir='ltr'><strong><em>multis</em></strong></span> <span class='ocrx_word' id='word_1_81' title='bbox 680 1665 806 1731; x_wconf 83' lang='lat' dir='ltr'><strong><em>graves</em></strong></span> <span class='ocrx_word' id='word_1_82' title='bbox 835 1638 1037 1703; x_wconf 84' lang='lat' dir='ltr'><strong><em>inimicitias</em></strong></span> <span class='ocrx_word' id='word_1_83' title='bbox 1067 1635 1214 1719; x_wconf 84' lang='lat' dir='ltr'><strong><em>gessisse</em></strong></span> <span class='ocrx_word' id='word_1_84' title='bbox 1239 1652 1332 1692; x_wconf 87' lang='lat' dir='ltr'><strong><em>acee-</em></strong></span> 
     </span>
     <span class='ocr_line' id='line_1_14' title="bbox 282 1731 1332 1853; baseline -0.037 -21"><span class='ocrx_word' id='word_1_85' title='bbox 282 1770 399 1853; x_wconf 88' lang='lat' dir='ltr'><strong><em>pimus</em></strong></span> <span class='ocrx_word' id='word_1_86' title='bbox 423 1772 569 1846; x_wconf 88' lang='lat' dir='ltr'><strong><em>propter</em></strong></span> <span class='ocrx_word' id='word_1_87' title='bbox 594 1755 852 1836; x_wconf 70' lang='lat' dir='ltr'><strong><em>Hispanorum,</em></strong></span> <span class='ocrx_word' id='word_1_88' title='bbox 878 1742 973 1826; x_wconf 85' lang='lat' dir='ltr'><strong><em>apud</em></strong></span> <span class='ocrx_word' id='word_1_89' title='bbox 999 1761 1085 1823; x_wconf 82' lang='lat' dir='ltr'><strong><em>quos</em></strong></span> <span class='ocrx_word' id='word_1_90' title='bbox 1107 1737 1227 1800; x_wconf 81' lang='lat' dir='ltr'><strong><em>consul</em></strong></span> <span class='ocrx_word' id='word_1_91' title='bbox 1240 1731 1332 1822; x_wconf 79' lang='lat' dir='ltr'><strong><em>fue-</em></strong></span> 
     </span>
    </p>
   </div>
   <div class='ocr_carea' id='block_1_8' title="bbox 284 1864 1329 2035">
    <p class='ocr_par' dir='ltr' id='par_1_8' title="bbox 284 1864 1329 2035">
     <span class='ocr_line' id='line_1_15' title="bbox 284 1864 546 1944; baseline -0.053 -8"><span class='ocrx_word' id='word_1_92' title='bbox 284 1883 358 1944; x_wconf 86' lang='lat' dir='ltr'><strong><em>rat,</em></strong></span> <span class='ocrx_word' id='word_1_93' title='bbox 383 1864 546 1931; x_wconf 86' lang='lat' dir='ltr'><strong><em>iniurias.</em></strong></span> 
     </span>
     <span class='ocr_line' id='line_1_16' title="bbox 350 1939 1329 2035; baseline -0.035 -1"><span class='ocrx_word' id='word_1_94' title='bbox 350 1969 480 2035; x_wconf 81' lang='lat' dir='ltr'><strong><em>Pseudo</em></strong></span> <span class='ocrx_word' id='word_1_95' title='bbox 493 2002 506 2014; x_wconf 94' lang='lat'>·</span> <span class='ocrx_word' id='word_1_96' title='bbox 520 1958 683 2026; x_wconf 84' lang='lat' dir='ltr'><strong><em>Asconius</em></strong></span> <span class='ocrx_word' id='word_1_97' title='bbox 708 1955 741 2018; x_wconf 91' lang='lat' dir='ltr'><strong><em>in</em></strong></span> <span class='ocrx_word' id='word_1_98' title='bbox 765 1955 849 2014; x_wconf 83' lang='lat' dir='ltr'><strong><em>hune</em></strong></span> <span class='ocrx_word' id='word_1_99' title='bbox 871 1951 978 2012; x_wconf 83' lang='lat' dir='ltr'><strong><em>losum</em></strong></span> <span class='ocrx_word' id='word_1_100' title='bbox 1003 1969 1038 2026; x_wconf 88' lang='lat' dir='ltr'><strong><em>p.</em></strong></span> <span class='ocrx_word' id='word_1_101' title='bbox 1057 1945 1118 2006; x_wconf 77' lang='grc'><strong><em>124</em></strong></span> <span class='ocrx_word' id='word_1_102' title='bbox 1133 1943 1184 2005; x_wconf 86' lang='lat' dir='ltr'><strong><em>ed.</em></strong></span> <span class='ocrx_word' id='word_1_103' title='bbox 1202 1939 1329 2005; x_wconf 86' lang='lat' dir='ltr'><strong><em>Orell.:</em></strong></span> 
     </span>
    </p>
   </div>
   <div class='ocr_carea' id='block_1_9' title="bbox 285 2041 1336 2977">
    <p class='ocr_par' dir='ltr' id='par_1_9' title="bbox 285 2041 1333 2360">
     <span class='ocr_line' id='line_1_17' title="bbox 285 2041 1332 2140; baseline -0.035 -1"><span class='ocrx_word' id='word_1_104' title='bbox 285 2079 372 2140; x_wconf 85' lang='lat' dir='ltr'><strong><em>Cato</em></strong></span> <span class='ocrx_word' id='word_1_105' title='bbox 398 2066 572 2133; x_wconf 82' lang='lat' dir='ltr'><strong><em>accusauit</em></strong></span> <span class='ocrx_word' id='word_1_106' title='bbox 603 2059 761 2126; x_wconf 83' lang='lat' dir='ltr'><strong><em>Seruium</em></strong></span> <span class='ocrx_word' id='word_1_107' title='bbox 793 2054 937 2118; x_wconf 86' lang='lat' dir='ltr'><strong><em>Galbam</em></strong></span> <span class='ocrx_word' id='word_1_108' title='bbox 962 2071 1030 2132; x_wconf 86' lang='lat' dir='ltr'><strong><em>pro</em></strong></span> <span class='ocrx_word' id='word_1_109' title='bbox 1055 2045 1202 2128; x_wconf 79' lang='lat' dir='ltr'><strong><em>direptis</em></strong></span> <span class='ocrx_word' id='word_1_110' title='bbox 1231 2041 1332 2106; x_wconf 86' lang='lat' dir='ltr'><strong><em>Lusi-</em></strong></span> 
     </span>
     <span class='ocr_line' id='line_1_18' title="bbox 285 2147 1333 2245; baseline -0.035 -3"><span class='ocrx_word' id='word_1_111' title='bbox 285 2176 378 2242; x_wconf 89' lang='lat' dir='ltr'><strong><em>tanis</em></strong></span> <span class='ocrx_word' id='word_1_112' title='bbox 398 2185 431 2236; x_wconf 88' lang='lat' dir='ltr'><strong><em>et</em></strong></span> <span class='ocrx_word' id='word_1_113' title='bbox 453 2175 493 2236; x_wconf 87' lang='lat' dir='ltr'><strong><em>P.</em></strong></span> <span class='ocrx_word' id='word_1_114' title='bbox 515 2165 658 2232; x_wconf 85' lang='lat' dir='ltr'><strong><em>Furium</em></strong></span> <span class='ocrx_word' id='word_1_115' title='bbox 679 2182 746 2245; x_wconf 91' lang='lat' dir='ltr'><strong><em>pro</em></strong></span> <span class='ocrx_word' id='word_1_116' title='bbox 770 2159 892 2222; x_wconf 84' lang='lat' dir='ltr'><strong><em>iisdem</em></strong></span> <span class='ocrx_word' id='word_1_117' title='bbox 912 2164 1059 2235; x_wconf 87' lang='lat' dir='ltr'><strong><em>propter</em></strong></span> <span class='ocrx_word' id='word_1_118' title='bbox 1080 2147 1333 2231; x_wconf 74' lang='lat' dir='ltr'><strong><em>iniquissimam</em></strong></span> 
     </span>
     <span class='ocr_line' id='line_1_19' title="bbox 285 2263 777 2360; baseline -0.039 -16"><span class='ocrx_word' id='word_1_119' title='bbox 285 2275 564 2344; x_wconf 88' lang='lat' dir='ltr'><strong><em>aestimationem</em></strong></span> <span class='ocrx_word' id='word_1_120' title='bbox 578 2263 777 2360; x_wconf 87' lang='lat' dir='ltr'><strong><em>frumenti.</em></strong></span> 
     </span>
    </p>

    <p class='ocr_par' dir='ltr' id='par_1_10' title="bbox 285 2356 1336 2977">
     <span class='ocr_line' id='line_1_20' title="bbox 348 2356 1334 2464; baseline -0.033 -20"><span class='ocrx_word' id='word_1_121' title='bbox 348 2376 488 2464; x_wconf 84' lang='lat' dir='ltr'><strong><em>Pighius</em></strong></span> <span class='ocrx_word' id='word_1_122' title='bbox 521 2373 554 2438; x_wconf 92' lang='lat' dir='ltr'><strong><em>in</em></strong></span> <span class='ocrx_word' id='word_1_123' title='bbox 585 2367 762 2434; x_wconf 82' lang='lat' dir='ltr'><strong><em>Annalibus</em></strong></span> <span class='ocrx_word' id='word_1_124' title='bbox 792 2365 833 2426; x_wconf 89' lang='lat' dir='ltr'><strong><em>ad</em></strong></span> <span class='ocrx_word' id='word_1_125' title='bbox 857 2383 887 2424; x_wconf 90' lang='lat' dir='ltr'><strong><em>a.</em></strong></span> <span class='ocrx_word' id='word_1_126' title='bbox 916 2359 977 2422; x_wconf 80' lang='lat'><strong><em>602</em></strong></span> <span class='ocrx_word' id='word_1_127' title='bbox 1003 2356 1088 2420; x_wconf 87' lang='lat' dir='ltr'><strong><em>aliud</em></strong></span> <span class='ocrx_word' id='word_1_128' title='bbox 1114 2361 1334 2436; x_wconf 74' lang='lat' dir='ltr'><strong><em>argumentum</em></strong></span> 
     </span>
     <span class='ocr_line' id='line_1_21' title="bbox 287 2455 1334 2549; baseline -0.034 0"><span class='ocrx_word' id='word_1_129' title='bbox 287 2480 445 2549; x_wconf 83' lang='lat' dir='ltr'><strong><em>orationis</em></strong></span> <span class='ocrx_word' id='word_1_130' title='bbox 473 2474 606 2541; x_wconf 85' lang='lat' dir='ltr'><strong><em>statuit:</em></strong></span> <span class='ocrx_word' id='word_1_131' title='bbox 637 2471 783 2538; x_wconf 80' lang='lat' dir='ltr'><strong><em>Videtur</em></strong></span> <span class='ocrx_word' id='word_1_132' title='bbox 806 2470 849 2529; x_wconf 86' lang='grc' dir='ltr'><strong><em>Ι..</em></strong></span> <span class='ocrx_word' id='word_1_133' title='bbox 871 2463 995 2528; x_wconf 82' lang='lat' dir='ltr'><strong><em>Furius</em></strong></span> <span class='ocrx_word' id='word_1_134' title='bbox 1015 2459 1133 2524; x_wconf 79' lang='lat' dir='ltr'><strong><em>Philus</em></strong></span> <span class='ocrx_word' id='word_1_135' title='bbox 1157 2459 1233 2520; x_wconf 84' lang='lat' dir='ltr'><strong><em>Ser.</em></strong></span> <span class='ocrx_word' id='word_1_136' title='bbox 1251 2455 1334 2516; x_wconf 87' lang='lat' dir='ltr'><strong><em>Gat-</em></strong></span> 
     </span>
     <span class='ocr_line' id='line_1_22' title="bbox 286 2559 1335 2668; baseline -0.031 -17"><span class='ocrx_word' id='word_1_137' title='bbox 286 2589 349 2652; x_wconf 91' lang='lat' dir='ltr'><strong><em>bae</em></strong></span> <span class='ocrx_word' id='word_1_138' title='bbox 367 2581 545 2668; x_wconf 89' lang='lat' dir='ltr'><strong><em>praetoris</em></strong></span> <span class='ocrx_word' id='word_1_139' title='bbox 564 2578 673 2659; x_wconf 89' lang='lat' dir='ltr'><strong><em>(anno</em></strong></span> <span class='ocrx_word' id='word_1_140' title='bbox 696 2571 774 2652; x_wconf 77' lang='lat' dir='ltr'><strong><em>bos)</em></strong></span> <span class='ocrx_word' id='word_1_141' title='bbox 794 2579 958 2652; x_wconf 84' lang='lat' dir='ltr'><strong><em>quaestor</em></strong></span> <span class='ocrx_word' id='word_1_142' title='bbox 980 2577 1061 2628; x_wconf 88' lang='lat' dir='ltr'><strong><em>tune</em></strong></span> <span class='ocrx_word' id='word_1_143' title='bbox 1071 2559 1209 2653; x_wconf 88' lang='lat' dir='ltr'><strong><em>fuisse,</em></strong></span> <span class='ocrx_word' id='word_1_144' title='bbox 1233 2569 1335 2640; x_wconf 83' lang='lat' dir='ltr'><strong><em>atque</em></strong></span> 
     </span>
     <span class='ocr_line' id='line_1_23' title="bbox 286 2662 1335 2761; baseline -0.034 -6"><span class='ocrx_word' id='word_1_145' title='bbox 286 2692 358 2754; x_wconf 89' lang='lat' dir='ltr'><strong><em>ista</em></strong></span> <span class='ocrx_word' id='word_1_146' title='bbox 385 2683 565 2750; x_wconf 72' lang='lat' dir='ltr'><strong><em>occasione</em></strong></span> <span class='ocrx_word' id='word_1_147' title='bbox 592 2687 739 2761; x_wconf 87' lang='lat' dir='ltr'><strong><em>propter</em></strong></span> <span class='ocrx_word' id='word_1_148' title='bbox 774 2671 962 2735; x_wconf 87' lang='lat' dir='ltr'><strong><em>Lusitanos</em></strong></span> <span class='ocrx_word' id='word_1_149' title='bbox 996 2667 1116 2730; x_wconf 84' lang='lat' dir='ltr'><strong><em>eodem</em></strong></span> <span class='ocrx_word' id='word_1_150' title='bbox 1130 2662 1221 2755; x_wconf 87' lang='lat' dir='ltr'><strong><em>fere</em></strong></span> <span class='ocrx_word' id='word_1_151' title='bbox 1251 2673 1335 2722; x_wconf 90' lang='lat' dir='ltr'><strong><em>tem·</em></strong></span> 
     </span>
     <span class='ocr_line' id='line_1_24' title="bbox 285 2763 1336 2876; baseline -0.032 -20"><span class='ocrx_word' id='word_1_152' title='bbox 285 2813 373 2876; x_wconf 89' lang='lat' dir='ltr'><strong><em>pore</em></strong></span> <span class='ocrx_word' id='word_1_153' title='bbox 402 2792 490 2853; x_wconf 85' lang='lat' dir='ltr'><strong><em>Cato</em></strong></span> <span class='ocrx_word' id='word_1_154' title='bbox 521 2782 642 2846; x_wconf 89' lang='lat' dir='ltr'><strong><em>ambos</em></strong></span> <span class='ocrx_word' id='word_1_155' title='bbox 672 2776 831 2840; x_wconf 85' lang='lat' dir='ltr'><strong><em>habuisse</em></strong></span> <span class='ocrx_word' id='word_1_156' title='bbox 864 2791 956 2834; x_wconf 87' lang='lat' dir='ltr'><strong><em>reos.</em></strong></span> <span class='ocrx_word' id='word_1_157' title='bbox 1003 2769 1067 2830; x_wconf 87' lang='lat' dir='ltr'><strong><em>Sed</em></strong></span> <span class='ocrx_word' id='word_1_158' title='bbox 1093 2788 1134 2828; x_wconf 81' lang='lat' dir='ltr'><strong><em>ex</em></strong></span> <span class='ocrx_word' id='word_1_159' title='bbox 1158 2763 1258 2826; x_wconf 88' lang='lat' dir='ltr'><strong><em>Livio</em></strong></span> <span class='ocrx_word' id='word_1_160' title='bbox 1283 2784 1336 2822; x_wconf 80' lang='lat' dir='ltr'><strong><em>as·-</em></strong></span> 
     </span>
     <span class='ocr_line' id='line_1_25' title="bbox 290 2863 1335 2977; baseline -0.029 -21"><span class='ocrx_word' id='word_1_161' title='bbox 290 2903 473 2977; x_wconf 85' lang='lat' dir='ltr'><strong><em>gumentum</em></strong></span> <span class='ocrx_word' id='word_1_162' title='bbox 490 2885 569 2950; x_wconf 86' lang='lat' dir='ltr'><strong><em>satis</em></strong></span> <span class='ocrx_word' id='word_1_163' title='bbox 591 2882 788 2964; x_wconf 82' lang='lat' dir='ltr'><strong><em>approbasse</em></strong></span> <span class='ocrx_word' id='word_1_164' title='bbox 812 2898 859 2938; x_wconf 89' lang='lat' dir='ltr'><strong><em>me</em></strong></span> <span class='ocrx_word' id='word_1_165' title='bbox 879 2871 1034 2946; x_wconf 82' lang='lat' dir='ltr'><strong><em>arbitror,</em></strong></span> <span class='ocrx_word' id='word_1_166' title='bbox 1055 2880 1087 2932; x_wconf 88' lang='lat' dir='ltr'><strong><em>et</em></strong></span> <span class='ocrx_word' id='word_1_167' title='bbox 1106 2888 1227 2930; x_wconf 87' lang='lat' dir='ltr'><strong><em>mecum</em></strong></span> <span class='ocrx_word' id='word_1_168' title='bbox 1246 2863 1335 2928; x_wconf 83' lang='lat' dir='ltr'><strong><em>Mei-</em></strong></span> 
     </span>
    </p>
   </div>
   <div class='ocr_carea' id='block_1_10' title="bbox 288 2979 1337 3171">
    <p class='ocr_par' dir='ltr' id='par_1_11' title="bbox 288 2979 1337 3171">
     <span class='ocr_line' id='line_1_26' title="bbox 288 2979 867 3076; baseline -0.038 -16"><span class='ocrx_word' id='word_1_169' title='bbox 288 2995 394 3062; x_wconf 87' lang='lat' dir='ltr'><strong><em>ansius</em></strong></span> <span class='ocrx_word' id='word_1_170' title='bbox 424 2979 553 3076; x_wconf 81' lang='lat' dir='ltr'><strong><em>quoque</em></strong></span> <span class='ocrx_word' id='word_1_171' title='bbox 578 2981 737 3050; x_wconf 86' lang='lat' dir='ltr'><strong><em>consentit</em></strong></span> <span class='ocrx_word' id='word_1_172' title='bbox 758 3003 793 3062; x_wconf 91' lang='lat' dir='ltr'><strong><em>p.</em></strong></span> <span class='ocrx_word' id='word_1_173' title='bbox 814 2979 867 3042; x_wconf 90' lang='grc'><strong><em>34.</em></strong></span> 
     </span>
     <span class='ocr_line' id='line_1_27' title="bbox 353 3070 1337 3171; baseline -0.028 -11"><span class='ocrx_word' id='word_1_174' title='bbox 353 3091 522 3160; x_wconf 82' lang='lat' dir='ltr'><strong><em>Charisius</em></strong></span> <span class='ocrx_word' id='word_1_175' title='bbox 559 3111 594 3171; x_wconf 90' lang='lat' dir='ltr'><strong><em>p.</em></strong></span> <span class='ocrx_word' id='word_1_176' title='bbox 624 3086 693 3148; x_wconf 89' lang='grc'><strong>133.</strong></span> <span class='ocrx_word' id='word_1_177' title='bbox 732 3079 881 3147; x_wconf 81' lang='lat' dir='ltr'><strong><em>Utrinde.</em></strong></span> <span class='ocrx_word' id='word_1_178' title='bbox 930 3081 1017 3142; x_wconf 85' lang='lat' dir='ltr'><strong><em>Cato</em></strong></span> <span class='ocrx_word' id='word_1_179' title='bbox 1046 3096 1114 3159; x_wconf 90' lang='lat' dir='ltr'><strong><em>pro</em></strong></span> <span class='ocrx_word' id='word_1_180' title='bbox 1150 3070 1337 3154; x_wconf 84' lang='lat' dir='ltr'><strong><em>Hispanis:</em></strong></span> 
     </span>
    </p>
   </div>
   <div class='ocr_carea' id='block_1_11' title="bbox 287 3172 1337 3488">
    <p class='ocr_par' dir='ltr' id='par_1_12' title="bbox 287 3172 1337 3488">
     <span class='ocr_line' id='line_1_28' title="bbox 289 3172 1337 3290; baseline -0.031 -24"><span class='ocrx_word' id='word_1_181' title='bbox 289 3205 343 3267; x_wconf 87' lang='lat' dir='ltr'><strong><em>De</em></strong></span> <span class='ocrx_word' id='word_1_182' title='bbox 355 3197 551 3290; x_wconf 84' lang='lat' dir='ltr'><strong><em>frumento</em></strong></span> <span class='ocrx_word' id='word_1_183' title='bbox 575 3187 693 3254; x_wconf 81' lang='lat' dir='ltr'><strong><em>utrubi</em></strong></span> <span class='ocrx_word' id='word_1_184' title='bbox 714 3187 814 3258; x_wconf 90' lang='lat' dir='ltr'><strong><em>bona,</em></strong></span> <span class='ocrx_word' id='word_1_185' title='bbox 843 3181 959 3244; x_wconf 89' lang='lat' dir='ltr'><strong><em>utrobi</em></strong></span> <span class='ocrx_word' id='word_1_186' title='bbox 982 3182 1075 3243; x_wconf 85' lang='lat' dir='ltr'><strong><em>mala</em></strong></span> <span class='ocrx_word' id='word_1_187' title='bbox 1097 3176 1218 3260; x_wconf 83' lang='lat' dir='ltr'><strong><em>gratia</em></strong></span> <span class='ocrx_word' id='word_1_188' title='bbox 1242 3172 1337 3257; x_wconf 87' lang='lat' dir='ltr'><strong><em>eapi-</em></strong></span> 
     </span>
     <span class='ocr_line' id='line_1_29' title="bbox 287 3281 1294 3380; baseline -0.032 -11"><span class='ocrx_word' id='word_1_189' title='bbox 287 3317 384 3374; x_wconf 86' lang='lat' dir='ltr'><strong><em>atur,</em></strong></span> <span class='ocrx_word' id='word_1_190' title='bbox 409 3299 570 3380; x_wconf 77' lang='lat' dir='ltr'><strong><em>utrinque</em></strong></span> <span class='ocrx_word' id='word_1_191' title='bbox 596 3293 700 3364; x_wconf 91' lang='lat' dir='ltr'><strong><em>iram,</em></strong></span> <span class='ocrx_word' id='word_1_192' title='bbox 729 3287 868 3350; x_wconf 80' lang='lat' dir='ltr'><strong><em>utrinde</em></strong></span> <span class='ocrx_word' id='word_1_193' title='bbox 879 3282 1067 3376; x_wconf 83' lang='lat' dir='ltr'><strong><em>factiones</em></strong></span> <span class='ocrx_word' id='word_1_194' title='bbox 1093 3281 1156 3344; x_wconf 89' lang='lat' dir='ltr'><strong><em>tibi</em></strong></span> <span class='ocrx_word' id='word_1_195' title='bbox 1176 3299 1294 3362; x_wconf 88' lang='lat' dir='ltr'><strong><em>pares.</em></strong></span> 
     </span>
     <span class='ocr_line' id='line_1_30' title="bbox 323 3364 1142 3488; baseline -0.033 -13"><span class='ocrx_word' id='word_1_196' title='bbox 323 3431 354 3476; x_wconf 82' lang='lat' dir='ltr'><strong><em>de</em></strong></span> <span class='ocrx_word' id='word_1_197' title='bbox 368 3421 511 3488; x_wconf 79' lang='lat' dir='ltr'><strong><em>frumento]</em></strong></span> <span class='ocrx_word' id='word_1_198' title='bbox 549 3423 578 3465; x_wconf 80' lang='lat' dir='ltr'><strong><em>de</em></strong></span> <span class='ocrx_word' id='word_1_199' title='bbox 598 3417 765 3464; x_wconf 81' lang='lat' dir='ltr'><strong><em>aestimatione</em></strong></span> <span class='ocrx_word' id='word_1_200' title='bbox 786 3413 909 3458; x_wconf 76' lang='lat' dir='ltr'><strong><em>inanienti.</em></strong></span> <span class='ocrx_word' id='word_1_201' title='bbox 1137 3364 1142 3373; x_wconf 70' lang='lat'>=</span> 
     </span>
    </p>
   </div>
   <div class='ocr_carea' id='block_1_12' title="bbox 324 3511 746 3584">
    <p class='ocr_par' dir='ltr' id='par_1_13' title="bbox 324 3511 746 3584">
     <span class='ocr_line' id='line_1_31' title="bbox 324 3511 746 3584; baseline -0.038 -12"><span class='ocrx_word' id='word_1_202' title='bbox 324 3523 450 3584; x_wconf 78' lang='lat' dir='ltr'><strong><em>utrinque]</em></strong></span> <span class='ocrx_word' id='word_1_203' title='bbox 487 3521 614 3578; x_wconf 81' lang='lat' dir='ltr'><strong><em>tegendum</em></strong></span> <span class='ocrx_word' id='word_1_204' title='bbox 637 3511 746 3560; x_wconf 76' lang='lat' dir='ltr'><strong><em>abinde.</em></strong></span> 
     </span>
    </p>
   </div>
   <div class='ocr_carea' id='block_1_13' title="bbox 318 3611 785 3684">
    <p class='ocr_par' dir='ltr' id='par_1_14' title="bbox 318 3611 785 3684">
     <span class='ocr_line' id='line_1_32' title="bbox 318 3611 785 3684; baseline -0.036 -15"><span class='ocrx_word' id='word_1_205' title='bbox 318 3619 459 3684; x_wconf 74' lang='lat' dir='ltr'><strong><em>sectiones]</em></strong></span> <span class='ocrx_word' id='word_1_206' title='bbox 495 3617 634 3664; x_wconf 79' lang='lat' dir='ltr'><strong><em>inimicitias</em></strong></span> <span class='ocrx_word' id='word_1_207' title='bbox 657 3611 785 3666; x_wconf 78' lang='lat' dir='ltr'><strong><em>suscipias.</em></strong></span> 
     </span>
    </p>
   </div>
   <div class='ocr_carea' id='block_1_14' title="bbox 564 3779 1062 3855">
    <p class='ocr_par' dir='ltr' id='par_1_15' title="bbox 564 3779 1062 3855">
     <span class='ocr_line' id='line_1_33' title="bbox 564 3779 1062 3855; baseline -0.036 -7"><span class='ocrx_word' id='word_1_208' title='bbox 564 3790 613 3848; x_wconf 85' lang='lat'><strong><em>57.</em></strong></span> <span class='ocrx_word' id='word_1_209' title='bbox 646 3787 747 3844; x_wconf 86' lang='lat' dir='ltr'><strong><em>Oratio</em></strong></span> <span class='ocrx_word' id='word_1_210' title='bbox 768 3800 821 3855; x_wconf 86' lang='lat' dir='ltr'><strong><em>pro</em></strong></span> <span class='ocrx_word' id='word_1_211' title='bbox 839 3787 904 3852; x_wconf 82' lang='lat' dir='ltr'><strong><em>lege</em></strong></span> <span class='ocrx_word' id='word_1_212' title='bbox 923 3779 1062 3836; x_wconf 86' lang='lat' dir='ltr'><strong><em>Voconia.</em></strong></span> 
     </span>
    </p>
   </div>
   <div class='ocr_carea' id='block_1_15' title="bbox 354 3893 1339 4079">
    <p class='ocr_par' dir='ltr' id='par_1_16' title="bbox 354 3893 1339 4079">
     <span class='ocr_line' id='line_1_34' title="bbox 354 3893 934 3976; baseline -0.04 -1"><span class='ocrx_word' id='word_1_213' title='bbox 354 3914 402 3976; x_wconf 93' lang='lat' dir='ltr'><strong><em>Ea</em></strong></span> <span class='ocrx_word' id='word_1_214' title='bbox 436 3905 543 3970; x_wconf 83' lang='lat' dir='ltr'><strong><em>habita</em></strong></span> <span class='ocrx_word' id='word_1_215' title='bbox 568 3915 617 3966; x_wconf 90' lang='lat' dir='ltr'><strong><em>est</em></strong></span> <span class='ocrx_word' id='word_1_216' title='bbox 642 3921 724 3962; x_wconf 88' lang='lat' dir='ltr'><strong><em>anno</em></strong></span> <span class='ocrx_word' id='word_1_217' title='bbox 749 3895 809 3958; x_wconf 78' lang='lat'><strong><em>585</em></strong></span> <span class='ocrx_word' id='word_1_218' title='bbox 832 3893 934 3973; x_wconf 81' lang='lat'>(169).</span> 
     </span>
     <span class='ocr_line' id='line_1_35' title="bbox 354 3989 1339 4079; baseline -0.026 -1"><span class='ocrx_word' id='word_1_219' title='bbox 354 4014 475 4079; x_wconf 84' lang='lat' dir='ltr'><strong><em>Cicero</em></strong></span> <span class='ocrx_word' id='word_1_220' title='bbox 504 4008 537 4070; x_wconf 89' lang='lat' dir='ltr'><strong><em>in</em></strong></span> <span class='ocrx_word' id='word_1_221' title='bbox 562 4005 688 4070; x_wconf 84' lang='lat' dir='ltr'><strong><em>Catone</em></strong></span> <span class='ocrx_word' id='word_1_222' title='bbox 712 4003 742 4074; x_wconf 84' lang='lat' dir='ltr'><strong><em>b,</em></strong></span> <span class='ocrx_word' id='word_1_223' title='bbox 763 3997 815 4058; x_wconf 93' lang='grc'><strong><em>14.</em></strong></span> <span class='ocrx_word' id='word_1_224' title='bbox 853 3993 990 4060; x_wconf 86' lang='lat' dir='ltr'><strong><em>Ennius</em></strong></span> <span class='ocrx_word' id='word_1_225' title='bbox 1011 3993 1183 4076; x_wconf 83' lang='lat' dir='ltr'><strong><em>Caepione</em></strong></span> <span class='ocrx_word' id='word_1_226' title='bbox 1204 4004 1237 4054; x_wconf 91' lang='lat' dir='ltr'><strong><em>et</em></strong></span> <span class='ocrx_word' id='word_1_227' title='bbox 1259 3989 1339 4054; x_wconf 85' lang='lat' dir='ltr'><strong><em>Phi·</em></strong></span> 
     </span>
    </p>
   </div>
   <div class='ocr_carea' id='block_1_16' title="bbox 289 4095 1342 4290">
    <p class='ocr_par' dir='ltr' id='par_1_17' title="bbox 289 4095 1342 4290">
     <span class='ocr_line' id='line_1_36' title="bbox 289 4095 1340 4205; baseline -0.03 -21"><span class='ocrx_word' id='word_1_228' title='bbox 289 4122 383 4205; x_wconf 83' lang='lat' dir='ltr'><strong><em>lippo</em></strong></span> <span class='ocrx_word' id='word_1_229' title='bbox 402 4117 530 4180; x_wconf 87' lang='lat' dir='ltr'><strong><em>iterum</em></strong></span> <span class='ocrx_word' id='word_1_230' title='bbox 547 4129 637 4171; x_wconf 86' lang='lat' dir='ltr'><strong><em>eoss.</em></strong></span> <span class='ocrx_word' id='word_1_231' title='bbox 655 4112 814 4165; x_wconf 87' lang='lat' dir='ltr'><strong><em>mortuus</em></strong></span> <span class='ocrx_word' id='word_1_232' title='bbox 834 4111 899 4172; x_wconf 88' lang='lat' dir='ltr'><strong><em>est,</em></strong></span> <span class='ocrx_word' id='word_1_233' title='bbox 925 4119 1003 4166; x_wconf 86' lang='lat' dir='ltr'><strong><em>eum</em></strong></span> <span class='ocrx_word' id='word_1_234' title='bbox 1017 4119 1084 4180; x_wconf 82' lang='lat' dir='ltr'><strong><em>ego</em></strong></span> <span class='ocrx_word' id='word_1_235' title='bbox 1103 4095 1243 4180; x_wconf 79' lang='lat' dir='ltr'><strong><em>quidem</em></strong></span> <span class='ocrx_word' id='word_1_236' title='bbox 1260 4096 1295 4159; x_wconf 93' lang='lat' dir='ltr'><em>V</em></span> <span class='ocrx_word' id='word_1_237' title='bbox 1307 4105 1340 4156; x_wconf 88' lang='lat' dir='ltr'><strong><em>et</em></strong></span> 
     </span>
     <span class='ocr_line' id='line_1_37' title="bbox 292 4200 1342 4290; baseline -0.03 -2"><span class='ocrx_word' id='word_1_238' title='bbox 292 4226 361 4290; x_wconf 89' lang='lat' dir='ltr'><strong><em>LX</em></strong></span> <span class='ocrx_word' id='word_1_239' title='bbox 389 4237 501 4282; x_wconf 88' lang='lat' dir='ltr'><strong><em>annos</em></strong></span> <span class='ocrx_word' id='word_1_240' title='bbox 536 4221 640 4274; x_wconf 88' lang='lat' dir='ltr'><strong><em>natus</em></strong></span> <span class='ocrx_word' id='word_1_241' title='bbox 673 4207 784 4286; x_wconf 81' lang='lat' dir='ltr'><strong><em>legem</em></strong></span> <span class='ocrx_word' id='word_1_242' title='bbox 816 4200 1006 4269; x_wconf 81' lang='lat' dir='ltr'><strong><em>Votoniam</em></strong></span> <span class='ocrx_word' id='word_1_243' title='bbox 1040 4220 1171 4283; x_wconf 84' lang='lat' dir='ltr'><strong><em>magna</em></strong></span> <span class='ocrx_word' id='word_1_244' title='bbox 1199 4217 1279 4260; x_wconf 85' lang='lat' dir='ltr'><strong><em>noae</em></strong></span> <span class='ocrx_word' id='word_1_245' title='bbox 1302 4207 1342 4258; x_wconf 81' lang='lat' dir='ltr'><strong><em>et</em></strong></span> 
     </span>
    </p>
   </div>
   <div class='ocr_carea' id='block_1_17' title="bbox 291 4307 807 4389">
    <p class='ocr_par' dir='ltr' id='par_1_18' title="bbox 291 4307 807 4389">
     <span class='ocr_line' id='line_1_38' title="bbox 291 4307 807 4389; baseline -0.041 0"><span class='ocrx_word' id='word_1_246' title='bbox 291 4325 390 4389; x_wconf 88' lang='lat' dir='ltr'><strong><em>bonis</em></strong></span> <span class='ocrx_word' id='word_1_247' title='bbox 414 4317 583 4383; x_wconf 88' lang='lat' dir='ltr'><strong><em>lateribus</em></strong></span> <span class='ocrx_word' id='word_1_248' title='bbox 606 4307 807 4372; x_wconf 90' lang='lat' dir='ltr'><strong><em>suasissem.</em></strong></span> 
     </span>
    </p>
   </div>
   <div class='ocr_carea' id='block_1_18' title="bbox 0 0 1503 4844">
    <p class='ocr_par' dir='ltr' id='par_1_19' title="bbox 0 0 1503 4844">
     <span class='ocr_line' id='line_1_39' title="bbox 0 0 1503 4844; baseline 0 0"><span class='ocrx_word' id='word_1_249' title='bbox 0 0 1503 4844; x_wconf 95' lang='lat' dir='ltr'><strong><em> </em></strong></span> 
     </span>
    </p>
   </div>
  </div>
 </body>
</html>
