2984 4842
274 365 334 428 ist

273 525 336 588 ltoc
347 533 499 604 tempore
511 520 719 594 Ciceronem,
733 521 970 594 Hortensium,
984 539 1133 602 saneque
1142 522 1317 597 Crassum,

274 629 457 698 Catonem,
481 622 689 704 Sulpicium,
722 643 872 705 moxque
895 625 1061 696 Brutum,
1086 621 1316 699 Calidium,

276 727 441 799 Coelium,
461 727 651 788 Calcumet
659 724 863 806 proximum
878 725 1035 788 Ciceroni
1051 717 1245 798 Caesarem,
1262 745 1321 787 eo-

275 849 418 910 rumque
431 829 520 888 aelut
531 828 690 888 alumnos
699 827 883 889 Coruinum
894 849 936 887 ac
946 826 1134 910 Pollionem
1144 826 1317 889 Asinium.

339 927 473 1010 Quintil.
491 928 542 1001 tt,
561 930 610 1000 10,
629 929 667 988 10
682 928 904 990 subtilitatem
917 925 1034 991 Calidii
1049 926 1190 990 oratoris
1201 927 1319 992 laudat.

339 1029 474 1113 Quintil.
501 1031 556 1104 tn,
581 1033 639 1105 10,
664 1030 717 1092 39.
762 1032 888 1094 Annon
917 1031 952 1092 in
972 1029 1117 1110 priuatis
1139 1040 1171 1090 et
1193 1042 1316 1093 acutus

274 1146 307 1198 et
322 1155 390 1196 non
405 1153 507 1213 asper
522 1144 555 1194 et
577 1151 644 1193 non
668 1132 888 1194 indistinctus
910 1144 943 1195 et
965 1152 1034 1194 non
1056 1152 1165 1212 supra
1179 1131 1319 1194 modum

274 1239 385 1300 elatus
407 1237 462 1298 M.
487 1235 649 1298 Tullius?
678 1253 745 1296 non
772 1234 807 1295 in
832 1237 886 1298 M.
910 1233 1043 1298 Calidio
1064 1232 1212 1315 insignis
1234 1235 1317 1295 haee

275 1338 410 1402 virtus?
432 1357 499 1399 non
526 1337 640 1416 Scipio
668 1337 809 1399 Laelius
839 1339 925 1400 Cato
955 1335 991 1396 in
1020 1335 1207 1420 eloquendo
1228 1337 1319 1398 velut

269 1440 378 1507 Attici
399 1443 636 1506 Romanorum
646 1436 834 1528 fuerunt?

583 1615 609 1672 1.
650 1613 749 1672 Oratio
769 1615 799 1670 In
820 1614 855 1682 Q.
877 1613 1012 1671 Gallium.

339 1749 422 1810 Acta
440 1756 485 1808 est
508 1766 601 1806 causa
623 1765 652 1806 a.
678 1745 739 1808 690
762 1746 843 1823 (bl).
867 1746 919 1806 M.
939 1743 1079 1808 Calidius
1103 1745 1145 1826 Q.
1164 1745 1316 1822 Gallium,

274 1860 443 1931 praeturae
472 1845 673 1908 candidatum
704 1867 734 1908 a.
765 1848 826 1910 090
857 1845 942 1930 (tt),
976 1847 1108 1909 ambitus
1130 1847 1317 1929 postulavit.

276 1951 358 2012 Euan
393 1948 534 2011 defendit
569 1945 707 2024 Cicero,
747 1947 834 2009 cuius
874 1949 1030 2012 orationis
1068 1971 1168 2031 pauca
1211 1960 1319 2012 extant

274 2051 465 2134 fragmenta.
487 2048 587 2114 Cons.
611 2049 767 2134 Spalding
790 2053 829 2112 ad
845 2051 981 2129 Quintil.
1006 2054 1038 2129 8,
1063 2055 1094 2129 3,
1119 2053 1171 2114 bb.
1190 2053 1319 2116 Ellendt

274 2176 309 2237 p.
333 2152 467 2218 CVIII.
1160 2223 1162 2232 Ι

339 2255 502 2320 Asconius
518 2253 549 2318 in
567 2266 650 2319 orat.
674 2255 705 2316 in
729 2267 804 2335 toga
829 2258 920 2317 cand.
944 2277 976 2335 p.
998 2255 1051 2316 88.
1096 2260 1139 2338 Q.
1156 2255 1318 2330 Gallium,

274 2381 374 2442 quem
393 2371 515 2439 postea
538 2379 634 2419 reum
663 2357 811 2418 ambitus
834 2355 992 2444 defendit
1016 2356 1181 2433 (Cicero),
1212 2358 1320 2440 signi·

268 2461 387 2540 ficare
408 2461 555 2523 videtur.
585 2461 650 2523 Hic
672 2461 861 2522 enimcum
883 2471 971 2522 esset
990 2472 1179 2542 praeturae
1202 2460 1319 2521 candi·

276 2564 390 2636 datus,
408 2563 500 2646 quod
515 2563 549 2624 in
565 2561 759 2636 aedilitate,
783 2582 886 2644 quam
908 2573 987 2623 ante
1006 2583 1133 2623 annum
1150 2574 1316 2644 gesserat,

274 2664 401 2728 bestias
423 2686 491 2728 non
513 2665 696 2739 habuerat,
722 2663 816 2727 dedit
842 2663 1093 2746 gladiatorium
1116 2665 1178 2726 sub
1204 2664 1316 2738 titulo,

272 2766 368 2850 patri
388 2786 422 2828 se
444 2764 482 2828 id
502 2768 597 2832 dare.

340 2868 413 2933 Cic.
437 2867 468 2932 in
485 2869 587 2931 Bruto
610 2889 640 2931 c.
665 2869 718 2930 80.
762 2867 853 2950 Quin
877 2870 980 2930 etiam
1005 2869 1158 2938 memini,
1183 2889 1259 2930 cum
1283 2869 1319 2928 in

275 2971 493 3034 accusatione
516 2991 582 3031 sua
610 2971 765 3035 Calidius
787 2974 829 3052 Q.
861 2973 975 3035 Gallio
997 2972 1134 3033 crimini
1155 2971 1315 3043 dedisset,

275 3072 340 3134 sibi
359 3091 436 3133 eum
459 3093 622 3134 ven-enum
642 3074 837 3154 paravisse,
863 3073 965 3155 idque
986 3074 1030 3134 ab
1052 3095 1089 3134 se
1110 3095 1183 3134 esse
1199 3074 1320 3152 depre-

279 3175 420 3233 hensum
443 3194 582 3254 seseque
603 3173 853 3254 chirographa,
878 3174 1159 3250 testificationes,
1177 3173 1315 3248 indicia,

275 3271 492 3356 quaestiones
512 3271 751 3360 [manifestam
773 3275 859 3350 rem]
883 3271 1025 3360 deferre
1047 3275 1193 3348 diceret,
1212 3277 1320 3357 deque

275 3395 315 3435 eo
331 3372 473 3433 crimine
494 3383 654 3432 accurate
675 3384 708 3433 et
729 3372 899 3453 exquisite
922 3374 1181 3452 disputavisset,
1210 3377 1262 3436 me
1283 3377 1319 3436 in

275 3474 525 3556 respondendo,
549 3493 626 3532 cum
648 3493 753 3533 essem
776 3484 1048 3554 argumentatus,
1074 3487 1240 3558 quantum
1263 3499 1319 3538 res

262 3575 430 3667 serebat,
462 3560 526 3636 boc
554 3574 668 3653 ipsum
693 3573 795 3635 etiam
821 3575 978 3654 posuisse
1004 3566 1070 3656 pro
1096 3591 1314 3658 argumento,

274 3678 366 3762 quod
381 3677 447 3749 ille,
465 3698 542 3738 cum
565 3688 692 3754 pestem
713 3676 837 3757 capitis
863 3678 927 3752 sui,
952 3699 1028 3740 cum
1051 3679 1180 3740 indicia
1196 3681 1318 3742 mortis

274 3803 311 3843 se
332 3779 538 3859 comperisse
561 3776 753 3867 manifesto
774 3792 806 3841 et
830 3801 934 3841 manu
955 3792 1070 3843 tenere
1092 3781 1229 3856 diceret,
1246 3795 1318 3843 tam

274 3884 384 3943 solute
406 3881 544 3961 egisset,
569 3893 641 3942 tam
663 3881 800 3953 leniter,
825 3892 896 3942 tam
919 3882 1118 3945 oscitanter.
1144 3888 1200 3946 Tu
1215 3884 1315 3958 istuc,

275 3987 330 4049 M.
347 3983 470 4056 Calidi,
496 3984 563 4044 nisi
578 3983 753 4066 fingeres,
778 3985 826 4044 sic
848 3985 997 4063 ageres?
1018 3985 1225 4065 praesertim
1239 4007 1317 4046 eum

274 4085 343 4148 ista
370 4085 562 4169 eloquentia
590 4086 783 4148 alienorum
811 4085 986 4148 bominum
1013 4087 1169 4166 pericula
1193 4085 1316 4167 defen·

275 4185 356 4246 dere
386 4189 553 4250 acerrime
583 4191 714 4258 soleas,
746 4199 844 4249 tuum
872 4186 1093 4269 negligeres?
1122 4189 1180 4250 ubi
1200 4188 1313 4258 dolor,

274 4281 332 4342 ubi
352 4287 460 4346 ardor
488 4289 614 4363 animi,
648 4289 708 4371 qui
739 4290 843 4352 etiam
876 4310 922 4350 ex
948 4285 1141 4374 infantium
1167 4288 1317 4370 ingeniis
