2992 4840
241 372 301 437 238

242 533 304 595 bus
326 553 350 593 a
370 553 406 595 ae
427 531 679 616 promulgatis,
708 553 805 616 quom
830 532 895 594 ait:
932 534 1034 616 Quod
1059 553 1166 596 antam
1196 535 1292 598 nobis

243 635 279 697 in
304 647 496 710 ostentam,
520 635 606 718 ipsis
630 634 666 696 in
692 657 794 698 usam
816 637 1036 718 adportatur.

278 783 304 824 in
325 779 467 838 ostentam]
505 782 612 838 Scaliger
634 783 772 828 coniunxit:
802 781 874 824 nobie
896 781 1066 834 inostentum,
1088 783 1155 838 ipris
1174 784 1291 839 inarum,

314 871 346 913 ita
371 875 397 912 nt
424 870 575 913 inortcntum
601 874 665 913 esset
689 871 876 928 inostensam,
910 869 1012 912 inuram
1042 869 1189 914 inusitatum.
1244 873 1293 916 Sed

316 959 350 1001 ait
364 958 465 1012 Festos,
488 963 611 1001 attentam
631 956 689 1013 (non
703 954 866 1012 incelentam)
886 969 930 1011 pro
944 959 1054 1014 prodigio
1070 957 1216 1002 substantive
1236 960 1292 1012 dici,

315 1048 371 1090 ilem
393 1047 508 1090 adiective
531 1059 574 1100 pro
594 1050 724 1090 ostentato.
760 1045 795 1088 Ea
813 1059 852 1088 res
877 1045 967 1098 (risseio
986 1042 1059 1101 qnae)
1083 1046 1182 1099 plebeiis
1204 1051 1294 1090 tantum

316 1135 468 1189 ostenditur,
492 1134 585 1188 patricii
606 1139 684 1178 antem
704 1147 731 1177 ea
751 1135 872 1177 fruuntur.

310 1281 440 1344 Ellendt
466 1280 644 1362 suspicatur
663 1303 696 1362 p.
714 1281 832 1342 XLIV
857 1279 955 1344 latere
976 1279 1189 1364 fragmentum
1213 1283 1295 1363 apud

247 1395 330 1446 anot.
359 1386 398 1446 ad
422 1383 618 1448 Herennium
643 1384 708 1446 IV.
739 1406 769 1446 c.
787 1385 840 1446 37.

358 1641 388 1695 ’1.
423 1638 523 1696 Oratio
546 1639 576 1694 iu
596 1638 627 1693 P.
648 1637 799 1707 Popillium
820 1637 977 1694 Laenatem
1000 1639 1181 1710 prorostris.

315 1796 356 1861 C.
383 1797 549 1859 Gracchus
574 1795 718 1859 tribunus
748 1796 795 1878 pl.
828 1819 857 1859 a.
886 1798 946 1858 631
973 1797 1063 1876 (123)
1091 1796 1196 1878 legem
1225 1796 1298 1861 tulit

251 1904 289 1963 de
314 1899 462 1962 libertate
487 1898 625 1974 civium,
655 1897 722 1975 nti,
754 1899 780 1960 si
807 1900 878 1985 quis
902 1899 1105 1984 magistratus
1132 1902 1170 1962 de
1194 1899 1297 1982 capite

252 2003 333 2066 civis
368 2001 493 2065 romani
528 2000 646 2063 iniussu
671 2000 786 2082 populi
819 2000 1005 2077 iudicasset,
1036 2005 1075 2064 de
1101 2002 1168 2065 eius
1194 2003 1299 2084 capite

250 2105 364 2188 populi
386 2116 468 2167 esset
493 2103 726 2166 animadversio
757 2106 810 2182 (v.
833 2105 983 2188 Gattting
1004 2107 1124 2169 Gesch.
1150 2110 1183 2169 d.
1212 2112 1298 2168 rlim.

252 2209 390 2270 Staatsv.
417 2229 451 2288 p.
478 2207 572 2284 135),
605 2217 635 2268 ct
661 2228 730 2267 omn
758 2227 793 2269 ea
823 2206 876 2268 lex
907 2208 1029 2289 perlata
1058 2221 1162 2284 essct,
1195 2208 1300 2271 statim

252 2311 293 2374 P.
321 2309 495 2391 Popillium
525 2311 697 2372 Laenatem
726 2307 757 2370 in
784 2307 831 2370 ins
863 2310 1010 2386 vocavit,
1042 2311 1098 2396 qui
1124 2310 1155 2372 in
1182 2333 1301 2375 consu·

252 2415 315 2477 latu
340 2435 368 2475 a.
387 2414 449 2474 622
472 2413 562 2492 (132)
586 2411 730 2474 crudeles
755 2411 958 2498 quaestiones
984 2416 1021 2476 de
1045 2413 1142 2478 sociis
1170 2412 1302 2477 Tiberii

253 2516 396 2578 Gracchi
420 2525 620 2578 exercuerat.
667 2517 834 2579 Gracchus
859 2513 965 2591 iussit,
988 2527 1022 2576 nt
1041 2515 1070 2578 ei
1087 2538 1167 2602 aqua
1188 2529 1218 2579 et
1233 2513 1302 2599 igni

251 2617 510 2681 interdiceretur.
556 2615 733 2698 Popillius,
757 2639 821 2681 non
838 2629 1022 2699 exspectato
1040 2618 1153 2699 populi
1168 2617 1302 2693 iudicio,

254 2719 287 2781 in
313 2719 442 2781 exilium
469 2731 584 2800 sponte
612 2719 707 2794 abiit,
732 2723 812 2782 unde
838 2731 951 2800 pastea
978 2742 1008 2782 a.
1033 2721 1093 2782 033
1115 2723 1205 2798 (121)
1230 2731 1305 2803 post

253 2842 360 2884 neceni
386 2820 445 2884 Cai
464 2821 604 2884 Gracchi
621 2843 680 2902 per
702 2823 745 2883 L.
767 2821 906 2884 Bestiam
931 2822 1170 2885 restituebatur.
1203 2821 1302 2886 Cous.

254 2925 343 2988 Plnt.
373 2922 415 2988 C.
446 2925 588 2987 Gracch.
622 2927 652 2988 1.
682 2922 756 2988 Cic.
784 2947 845 3006 pro
875 2923 915 2989 C.
947 2923 1084 2988 Rabirio
1114 2925 1150 3002 1,
1184 2926 1235 2986 12.
1268 2946 1303 3005 p.

255 3025 363 3089 Domo
391 3028 449 3104 31,
474 3028 526 3090 82.
563 3029 656 3090 Brut.
683 3014 839 3102 31,128.
874 3026 1016 3090 Verrina
1038 3029 1075 3103 5,
1100 3028 1155 3090 63.
1190 3025 1305 3092 Catili-

255 3126 341 3189 naria
370 3131 405 3202 1,
433 3133 482 3190 11.
523 3131 572 3192 De
597 3130 698 3218 legib.
723 3131 762 3203 3,
788 3134 846 3204 11,
872 3130 924 3192 26.

319 3266 406 3328 Duas
435 3268 617 3330 Gracchum
644 3269 805 3332 orationes
832 3274 870 3331 de
898 3267 1044 3350 Popillio
1071 3267 1235 3341 habuisse,
1265 3290 1306 3330 cx

256 3367 345 3432 Festi
372 3368 556 3434 testimonio
585 3383 719 3452 apparet
746 3396 780 3454 p.
808 3374 888 3448 150,
919 3372 974 3433 ubi
1000 3371 1123 3434 Mtiller
1153 3374 1303 3433 adnotat:

255 3473 369 3534 altera
390 3475 504 3536 oratio
526 3474 563 3534 in
586 3477 624 3536 P.
644 3475 827 3556 Popillium
847 3486 923 3537 erat
943 3497 1010 3556 pro
1034 3474 1171 3547 rostris,
1194 3475 1307 3535 altera

256 3575 387 3638 circum
412 3576 651 3639 conciliabula.

323 3713 447 3776 Gellius
472 3716 543 3789 xl,
573 3715 624 3777 13.
670 3717 865 3798 Legebatar
895 3717 1010 3780 oratio
1037 3720 1075 3781 C.
1101 3715 1247 3780 Gracchi
1272 3714 1308 3775 in

257 3817 296 3880 P·
323 3817 518 3900 Popillium.
564 3821 604 3882 In
634 3817 708 3880 eius
731 3819 902 3882 orationis
932 3819 1108 3902 principio
1143 3821 1310 3880 collocata

256 3920 359 3980 uerba
383 3931 464 3981 sunt
486 3920 685 3982 accuratius
708 3920 1003 4005 modulatiusque,
1031 3943 1135 4004 quam
1159 3933 1309 3982 ueterum

258 4033 439 4082 aratorum
469 4023 681 4083 consuetudo
696 4019 795 4111 fert.
841 4028 895 4086 Ea
925 4025 1048 4098 verba,
1084 4023 1186 4086 sicuti
1210 4023 1306 4096 dixi,

258 4124 450 4205 composita
473 4125 556 4184 haec
578 4137 677 4185 aaut:

213 4227 357 4306 „Quae
388 4247 448 4287 vos
478 4227 599 4308 cupide
623 4249 686 4308 per
716 4229 817 4289 hosce
843 4248 953 4291 annos
978 4227 1176 4310 appretiatis,
1209 4238 1311 4309 atque

262 4325 437 4400 notanimis,
467 4348 509 4388 ea
532 4329 563 4390 si
588 4341 714 4391 temere
741 4329 984 4411 repudiaritis,
1014 4330 1132 4390 abesse
1155 4348 1222 4391 non
1247 4349 1311 4409 po-
