2992 4844
1191 391 1251 454 303

208 569 263 610 nas
278 543 430 628 pecunias
445 557 607 626 rapuerat,
632 558 662 608 et
685 569 714 609 a.
739 549 799 611 619
822 548 912 632 (105)
937 569 953 610 a
974 547 1117 612 Cimbris
1132 549 1250 613 cladem

209 661 395 731 acceperat,
426 660 456 710 et
478 661 643 729 praeterea
676 649 762 732 plebi
791 653 835 714 ob
857 651 960 734 legem
982 651 1198 727 iudiciariam,
1221 675 1251 718 a.

208 753 269 815 618
298 752 387 834 (106)
418 751 528 825 latam,
559 750 678 814 invisus
709 765 793 826 erat,
822 776 838 814 a
869 753 911 818 C.
941 756 1097 816 Norbano
1120 756 1250 819 tribuno

206 855 253 936 pl.
270 877 300 916 a.
319 855 379 917 659
403 855 471 932 (95)
495 853 665 915 maiestatis
687 855 864 936 postulatus
886 855 971 918 etin
993 856 1122 918 exilium
1140 857 1251 919 missus

210 969 269 1019 est.
295 959 338 1018 L.
363 955 518 1030 Crassus,
542 955 597 1040 qui
622 956 817 1038 Caepionem
847 970 936 1019 antea
958 957 991 1020 in
1012 963 1155 1039 roganda
1179 959 1251 1042 lege

206 1059 370 1120 iudiciaria
395 1058 575 1133 adiuvernt,
606 1070 640 1120 ut
670 1081 763 1141 supra
797 1059 933 1123 vidimus
956 1082 991 1141 p.
1015 1061 1109 1135 299„
1132 1060 1163 1123 in
1187 1064 1251 1127 hoo

208 1182 336 1245 quoque
358 1161 516 1243 periculo,
542 1161 600 1223 etsi
623 1161 760 1236 frustra,
784 1185 853 1225 eum
878 1161 1030 1227 defendit.

271 1281 342 1350 Cic.
365 1283 466 1344 Bruto
491 1282 544 1343 tl.
591 1285 655 1345 Est
678 1283 781 1344 etiam
805 1287 844 1347 L.
870 1284 989 1347 Crassi
1011 1283 1045 1344 in
1069 1288 1249 1348 consulatu

204 1406 271 1467 pro
292 1389 335 1465 Q.
366 1386 536 1466 Caepione
566 1383 770 1474 defensione
799 1387 935 1456 iuneta;
964 1406 1032 1448 non
1055 1387 1187 1461 breuis,
1211 1401 1250 1451 ut

206 1488 381 1561 laudatio,
406 1500 444 1549 ut
466 1488 581 1551 oratio
604 1501 737 1563 autem,
762 1488 884 1551 breuis.

244 1656 282 1694 eat
299 1649 386 1709 etium]
423 1653 466 1697 int.
486 1653 575 1696 oratio.
615 1653 640 1696 ln
658 1647 806 1708 defensione
827 1653 911 1696 iuncta
931 1655 986 1696 latet
1004 1655 1097 1700 vitium.

207 1885 235 1937 7.
277 1881 374 1938 Oratio
394 1897 446 1952 pro
465 1881 562 1939 Manio
583 1882 669 1938 Curio
695 1883 771 1953 apud
798 1885 991 1940 centumviros
1011 1889 1111 1942 eontra
1131 1885 1167 1954 Q.
1189 1887 1251 1945 Μυ-

592 2003 667 2058 eium
687 2003 865 2060 Scaevolam.

269 2154 361 2215 Haec
390 2174 483 2215 eausa
517 2153 709 2216 hereditaria
739 2166 786 2215 est
819 2165 887 2218 acta
923 2176 950 2222 a.
979 2156 1036 2216 661
1069 2157 1153 2236 (93),
1187 2177 1251 2242 quo

205 2276 288 2318 anno
306 2258 347 2320 Τ.
365 2254 519 2318 Manilius
542 2267 674 2336 praetor
695 2253 911 2318 iurisdictioni
933 2258 1072 2318 urbanae
1088 2269 1248 2338 praeerat.

206 2356 264 2419 Lis
300 2368 368 2420 erat
408 2356 491 2419 inter
531 2357 676 2419 Manium
711 2357 843 2420 Curium
880 2369 911 2418 et
952 2360 1005 2420 M.
1052 2358 1249 2438 Coponium.

209 2459 345 2522 Crassus
365 2459 458 2524 Curii
480 2471 634 2540 patronus
660 2471 744 2531 erat,
770 2460 813 2538 Q.
840 2458 970 2522 Mucius
986 2459 1143 2522 Scaevola
1167 2482 1250 2541 pon.

205 2561 288 2624 tifex
309 2562 462 2624 maximus
487 2560 641 2642 Coponio
666 2563 786 2623 aderat.
1314 2548 1315 2552 ¹

267 2682 424 2746 Boethius
448 2682 669 2762 Commentar.
698 2681 731 2743 in
755 2681 829 2744 Cic.
861 2680 986 2762 Topica
1009 2681 1032 2744 l.
1057 2683 1089 2743 t.
1114 2704 1147 2763 p.
1172 2682 1248 2745 311.

205 2788 244 2848 ed
266 2786 368 2854 Orell,
414 2789 530 2849 Causa
562 2786 716 2848 Curiana
735 2782 822 2874 fuit
845 2785 1055 2847 larriusmocli.
1100 2785 1250 2866 Quidam

201 2902 455 2971 praegnantem
487 2909 635 2950 uxorem
682 2888 876 2969 relinquens
915 2887 1055 2968 ser-ipsit
1089 2887 1250 2949 heredem

201 3004 422 3073 postumum,
458 2991 555 3074 eique
595 2991 703 3052 alium
735 2990 911 3052 substituit
943 2988 1152 3062 seeundum,
1191 2989 1251 3071 qui

205 3094 332 3157 Curius
364 3093 567 3166 vocabatur,
602 3113 643 3154 ea
672 3092 885 3167 conditione,
916 3103 973 3166 ut,
1000 3091 1032 3154 si
1051 3103 1247 3173 postumus,

204 3195 264 3279 qui
285 3195 380 3256 intra
401 3217 532 3257 menses
555 3196 670 3256 decem
704 3194 891 3275 proximas
920 3205 1140 3268 nasceretur,
1168 3205 1249 3256 ante

206 3309 413 3372 moreretur,
433 3319 537 3380 quam
552 3297 587 3358 in
608 3285 709 3360 suam
731 3300 874 3359 tutelam
892 3297 1114 3379 pervenisset,
1133 3295 1170 3356 id
1185 3307 1246 3370 est,

204 3411 283 3462 ante
314 3399 423 3462 obiret
461 3400 569 3474 diem,
604 3421 707 3484 quam
744 3411 987 3463 testamentum
1020 3399 1097 3462 iure
1118 3395 1251 3488 faeere

204 3513 338 3575 posset,
363 3503 534 3565 secundus
567 3506 664 3564 heres
698 3504 892 3564 succederet
900 3526 911 3574 ;
948 3501 1041 3585 quod
1072 3501 1103 3563 si
1132 3501 1179 3561 act
1215 3500 1253 3561 id

204 3614 338 3685 tempus
364 3606 592 3686 peruenisset,
623 3627 691 3688 quo
719 3604 788 3666 iam
808 3605 919 3678 firmo
941 3604 1070 3666 iudicio
1092 3603 1126 3665 in
1150 3623 1251 3664 suam

204 3709 350 3768 tutelam
383 3720 539 3788 receptus
569 3708 645 3769 iure
678 3707 769 3768 ciuili
802 3706 960 3768 instituto
987 3717 1105 3786 posset
1127 3703 1249 3766 herede

205 3805 368 3894 defungi,
383 3811 553 3872 secundus
570 3813 686 3884 heres,
705 3809 741 3870 ia
751 3820 802 3870 est
812 3809 938 3872 Curius
954 3829 1022 3868 non
1038 3805 1251 3868 succederet:

204 3928 292 3990 quae
320 3924 462 3975 uocatur
489 3911 689 3974 substitutio
716 3911 915 3992 pupillaris.
960 3908 1164 3990 Quaesitum
1186 3915 1248 3980 est,

203 4029 249 4070 an
278 4014 406 4076 valeret
432 4014 484 4076 ita
515 4013 675 4074 instituta
704 4013 808 4074 rotie.
861 4015 1008 4076 Crassus
1038 4007 1149 4088 igitur
1172 4009 1251 4085 plu·

203 4113 295 4175 rima
314 4116 462 4197 protulit
495 4116 674 4194 exempla,
709 4113 831 4194 quibus
862 4115 913 4174 ita
941 4109 1120 4171 institutus
1152 4109 1250 4170 heres

204 4217 409 4280 obtinuisset
423 4217 665 4285 hereditatem,
691 4236 778 4296 puae
793 4213 1033 4293 exemplorum
1047 4229 1250 4282 commemo-

203 4319 296 4382 ratio
318 4319 449 4381 iudiees
471 4317 587 4381 movit.
907 4306 912 4312 ’
