2992 4840
1192 389 1252 453 237

236 531 274 579 M.
288 531 384 594 illusio]
422 539 460 594 qui
481 551 599 584 summum
620 543 785 602 magistratum
804 545 880 590 Tenui
903 545 1035 594 obtinebat.

237 640 416 702 exigerentur]
452 645 577 699 „exirent
588 650 642 694 cod.
657 649 718 708 neg.
735 653 816 696 erdem
831 665 900 698 manu
915 657 1067 702 correctione
1080 657 1182 715 illatum,
1197 659 1249 705 eine

270 729 343 775 dubio
356 745 385 776 ex
397 733 532 792 antiquiore
545 736 653 782 coelice.“
689 737 813 786 Duebuec.

233 835 329 896 touton]
366 842 497 897 elegantes.

233 942 377 1002 destitutus]
414 947 432 990 i.
447 961 470 991 e.
490 949 643 998 constitutus.
679 951 779 996 Plautus
796 953 892 1000 Rudent
905 953 930 1009 3,
946 955 970 1016 5,
985 952 1028 1002 11.
1053 956 1093 1002 Itu
1104 956 1153 1004 duo
1165 957 1247 1004 decti-

267 1033 315 1078 tuit
332 1034 410 1094 signo
428 1031 469 1078 lre'o
487 1049 544 1080 cum
561 1037 643 1093 clnuie
662 1051 753 1088 senex.
790 1041 910 1088 Cnseilius
934 1046 996 1099 apud
1014 1045 1119 1090 Nonium
1143 1043 1244 1102 pseu.

269 1119 393 1166 Dertituit
403 1135 490 1167 omnes
506 1137 593 1170 servor
606 1124 641 1170 od
651 1140 765 1172 mensum
778 1135 836 1174 unte
848 1143 886 1176 se.
919 1131 1016 1188 Lipsius
1028 1133 1135 1189 Epistol·
1146 1135 1244 1191 Quaest.

270 1204 351 1263 4,10.
372 1209 434 1266 Onu.
450 1211 481 1255 '1'-
497 1209 521 1256 1.
537 1225 560 1268 p.
576 1207 635 1262 558.

231 1315 315 1374 uirgis
335 1313 438 1376 corrue]
473 1329 551 1373 poena
564 1331 700 1368 servorum.

230 1417 332 1480 Caleni]
370 1436 472 1480 qnorum
492 1425 605 1481 oppidum
622 1426 708 1489 Celes,
727 1443 774 1472 non
793 1431 845 1476 iere
863 1433 965 1487 amplius
983 1446 1025 1478 sex
1044 1435 1118 1479 millia
1131 1449 1145 1478 e
1159 1435 1242 1481 Teano

266 1515 383 1557 remotae.
421 1512 535 1558 Monoert
547 1513 615 1557 ltalia
631 1511 654 1558 1.
670 1528 694 1569 p.
708 1509 770 1565 511.

229 1615 369 1678 Ferentini]
407 1619 578 1675 Ferentinum,
599 1622 710 1678 oppidum
724 1622 795 1668 Latii.

164 1763 166 1768 .
226 1723 440 1784 prostornoeter]
476 1727 756 1784 magistratusromnni,
779 1733 860 1776 consul
879 1734 915 1777 vel
933 1738 1045 1788 praetor,
1067 1735 1239 1780 inciritatibus

262 1809 343 1858 latinis
361 1827 480 1860 summum
499 1815 625 1872 imperium
642 1831 756 1863 exercere
777 1818 897 1864 solebant.
935 1820 1043 1865 Niebuhr
1057 1823 1119 1870 llist.
1136 1823 1166 1869 n.
1180 1829 1199 1868 t.
1214 1820 1237 1872 3,

263 1915 284 1956 p.
305 1896 365 1947 62⁴.

228 2030 261 2060 ex
284 2012 366 2078 Ario]
403 2019 431 2062 in
451 2017 539 2064 Arium
565 2020 662 2076 Lipsius
682 2021 821 2066 Electouum
843 2020 866 2069 1.
891 2020 931 2068 10.
953 2023 983 2067 Τ.
1000 2021 1023 2068 1.
1045 2037 1068 2079 p.
1091 2021 1149 2070 102.
1173 2025 1236 2081 opp.

261 2105 377 2160 probante
389 2107 485 2152 Ellendt
497 2120 521 2163 p.
533 2108 625 2160 XLlll.
640 2114 664 2154 et
677 2109 796 2156 llallisclse
809 2110 1038 2168 Litteraturzeitung
1050 2109 1124 2157 1831.
1135 2113 1234 2158 ianuar.

261 2207 285 2248 p.
300 2189 341 2239 93.
357 2194 396 2239 ubi
412 2196 528 2253 legimus:
548 2210 602 2241 cnon
616 2210 681 2242 inuss
701 2197 729 2242 in
740 2197 829 2242 Arium
847 2200 922 2252 lesen,
941 2213 989 2242 was
1002 2201 1061 2243 euch
1074 2201 1178 2244 nechher
1189 2213 1239 2258 pro

260 2283 343 2342 Ieguto
356 2285 486 2328 erfordeut.
523 2285 591 2328 Denn
614 2285 792 2329 derAusdruclt
811 2297 858 2342 pro
870 2285 955 2344 legato
973 2292 1039 2340 passt
1057 2301 1102 2330 nur
1121 2289 1161 2330 fur
1180 2290 1235 2342 deu,

258 2371 300 2413 der
319 2383 364 2414 von
378 2371 438 2414 Rom
457 2385 499 2415 nus
518 2373 556 2415 die
571 2371 837 2416 Gesandtschnltsstelle
856 2371 984 2416 heltleidet.
1011 2373 1103 2418 Recte:
1125 2375 1159 2418 sio
1172 2376 1235 2418 enini

260 2471 345 2502 sensus
362 2459 496 2503 verborum·
511 2466 609 2514 apertus
628 2463 674 2504 est.
707 2460 739 2502 At
751 2460 871 2516 quomodo
890 2460 948 2502 hacc
971 2463 1094 2514 corruptio
1114 2461 1173 2504 oriri
1194 2473 1235 2514 po·

259 2544 343 2591 terat?

222 2685 269 2727 pro
281 2670 375 2732 legato]
413 2673 429 2719 i.
448 2685 469 2720 e.
491 2673 608 2731 legatione
633 2671 719 2717 libera.
756 2669 862 2718 Ellendt.

222 2796 247 2839 in
266 2794 366 2856 lectica]
402 2797 514 2844 Lectione
533 2803 582 2841 tuin
600 2802 709 2844 recentes
728 2799 752 2842 in
772 2811 815 2842 usu
834 2802 919 2852 eraut,
939 2811 982 2841 nec
998 2797 1140 2854 trequentes
1163 2803 1229 2842 extra

258 2885 341 2929 urbem
358 2886 576 2941 conspiciebantur.
605 2885 654 2930 Eos
673 2887 737 2930 enim
758 2887 852 2930 denium
871 2890 925 2940 post
943 2884 1033 2928 bellum
1045 2885 1162 2930 Punicum
1176 2886 1234 2928 Asin

262 2974 352 3017 devicta
372 2988 417 3017 una
436 2988 488 3017 cum
508 2974 609 3030 reliquis
627 2974 746 3018 Asiaticae
766 2974 873 3018 luxuriae
894 2973 1023 3032 generibus
1036 2971 1138 3016 Romam
1155 2974 1233 3016 illatus

258 3073 328 3116 esse,
347 3061 443 3116 Lipsius
461 3062 531 3105 docet
547 3061 686 3105 Electonum
708 3059 731 3106 1.
756 3059 796 3107 10.
817 3076 841 3117 p.
858 3058 917 3107 702.
938 3060 1053 3116 probante
1074 3061 1182 3106 Beckero
1206 3063 1229 3104 in

256 3148 327 3194 Gallo
346 3154 364 3195 t.
380 3149 404 3199 1.
425 3164 452 3206 p.
469 3147 528 3195 210.

219 3272 249 3319 de
263 3273 499 3335 piebeVenurino]
541 3275 645 3334 Legatue
667 3275 723 3335 ille,
745 3275 784 3318 ria
801 3265 878 3330 Appia
896 3288 909 3318 e
926 3273 1002 3318 Rorua
1024 3276 1164 3331 proiectus,
1191 3288 1233 3330 per

253 3365 383 3408 Venusiam
408 3364 570 3408 Brundusium
592 3363 723 3421 tendebat,
759 3362 799 3407 ubi
820 3377 903 3408 nevum
925 3364 1072 3408 conscendit.
1108 3364 1165 3408 vid.
1184 3361 1234 3405 Lu·

253 3452 301 3506 puli
321 3452 370 3496 lter
388 3451 537 3496 Venusinam
556 3465 578 3507 p.
598 3444 658 3499 305.

218 3573 357 3636 mortuum]
394 3577 484 3621 Mortui
507 3577 569 3622 enini
594 3576 746 3621 honestiores
767 3575 850 3618 lectica
873 3576 954 3619 efferri
976 3575 1097 3619 solebant.
1135 3575 1231 3628 Lipsius

251 3663 330 3714 Elect.
350 3679 374 3721 p.
390 3659 450 3710 101.

218 3789 349 3834 uerberari
367 3786 452 3850 iussit]
478 3791 501 3834 id
516 3803 623 3834 summae
637 3793 689 3834 erat
703 3786 839 3842 superbiae,
862 3793 887 3832 ut
903 3787 975 3830 horno
986 3788 1093 3841 privatus
1111 3787 1141 3840 (is
1156 3787 1228 3837 cuim,

249 3880 289 3936 qui
311 3871 388 3923 libera
407 3879 525 3934 legatione
545 3878 669 3932 utebatur,
690 3875 797 3930 privatus
811 3872 879 3931 erat)
902 3889 942 3927 se,
963 3880 1082 3929 temqunui
1101 3871 1229 3928 magistra·

249 3973 286 4025 tus
309 3971 387 4020 esset,
406 3970 512 4024 gereret.

242 4113 357 4175 Festus
381 4135 416 4194 p.
440 4113 514 4173 201.
559 4113 759 4182 Ostentum,
784 4131 848 4194 quo
872 4126 956 4170 nuno
982 4101 1100 4164 utimur
1126 4101 1227 4164 intec-

180 4216 251 4276 clusn
275 4212 426 4296 proffigii
451 4211 536 4287 vice,
559 4209 638 4294 quin
662 4208 909 4291 participialiter
932 4223 1062 4288 quoque
1089 4201 1150 4264 ilici
1173 4226 1229 4269 so·

178 4315 266 4379 liunn
283 4315 344 4392 sit,
368 4337 431 4380 uon
455 4313 583 4378 dubium
607 4308 685 4376 fecit
701 4309 793 4373 etiam
816 4315 855 4378 G.
872 4306 1047 4374 Gracchus
1069 4309 1122 4370 De
1141 4307 1227 4391 legi·
1252 4359 1290 4370 ..
