2992 4844
252 370 315 432 314

252 549 340 612 opus
366 549 439 592 esse
471 526 582 602 discit,
614 537 815 609 tantumque
844 546 866 589 a
891 525 1102 608 poenitentia
1131 527 1215 590 dicti
1236 529 1296 592 ob-

241 630 343 722 fuit,
379 643 416 694 ut
455 631 559 694 etiam
597 633 639 694 L.
673 632 821 704 Crasso,
861 651 1016 692 stammas
1049 629 1231 713 dignitatis
1264 646 1298 696 et

253 733 464 818 eloquentiae
480 733 569 808 uiro,
593 732 630 794 id
651 732 686 794 in
709 731 810 795 curia
831 732 985 815 grauiter
995 729 1140 818 ferenti
1157 755 1299 798 manum

252 837 347 900 iniici
368 837 513 900 iuberet.
557 839 619 901 Ille
654 835 781 900 reiecto
812 836 949 908 lictore,
983 838 1064 900 Non
1093 857 1146 912 es,
1172 837 1297 921 inquit,

253 941 355 1016 milri,
389 941 563 1022 Philippa,
598 942 736 1014 consul,
773 937 855 1022 qaia
892 959 933 1000 ne
963 960 1029 1021 ego
1065 940 1203 1022 quidem
1235 941 1300 1026 tibi

252 1055 394 1107 senator
416 1065 506 1110 sum.

313 1151 364 1211 lo.
390 1145 641 1212 saresberiensis
671 1147 757 1227 Nug.
788 1142 869 1208 Cur.
903 1148 938 1222 7,
963 1144 1015 1205 25.
1061 1145 1143 1207 Non
1166 1166 1223 1218 es,
1245 1147 1298 1208 in·

252 1250 344 1334 quit,
370 1250 543 1334 Philippa,
568 1249 652 1312 mihi
673 1251 793 1312 consul
801 1293 808 1323 ,
838 1247 920 1330 quia
946 1267 1006 1308 nec
1029 1267 1095 1330 ego
1118 1249 1179 1310 tibi
1201 1269 1298 1310 sena·

250 1365 307 1415 tor
328 1373 417 1415 sum.

576 1531 608 1588 11
663 1530 762 1586 Oratio
784 1547 837 1602 pro
857 1530 970 1586 Pisone.
1078 1607 1085 1618 ι

317 1661 420 1726 Causa
435 1663 578 1742 privata:
605 1683 670 1744 quo
693 1682 775 1723 anno
799 1661 838 1722 sit
860 1673 940 1735 acta,
961 1683 1022 1724 non
1047 1672 1182 1724 constat.
1207 1664 1296 1724 Hen-

253 1765 380 1826 riebsen
404 1767 442 1832 ad
466 1761 540 1827 Cic.
566 1766 604 1825 de
634 1764 726 1828 Orat.
752 1765 780 1838 2,
806 1767 857 1840 70,
883 1764 943 1826 285
967 1775 1065 1846 putat,
1090 1766 1133 1826 L.
1158 1762 1296 1846 Calpur-

252 1866 336 1929 nium
353 1867 516 1941 Pisonem,
534 1866 695 1929 consulem
717 1887 746 1929 a.
765 1867 825 1928 Oli
842 1868 942 1944 (tlt),
961 1888 1029 1930 esse
1043 1866 1295 1948 intelligendum.

253 1973 362 2054 Atque
378 1970 580 2032 Drurnannus
593 1981 616 2030 t.
635 1971 665 2032 t.
682 1991 715 2050 p.
731 1970 770 2031 63
794 1969 920 2044 scribit,
939 1969 965 2032 si
984 1972 1026 2031 L.
1041 1968 1120 2033 Piso
1139 1970 1248 2033 consul
1263 1993 1292 2032 a.

232 2074 315 2134 bili
337 2074 425 2152 (tlt)
447 2093 520 2134 reus
542 2071 592 2149 sit,
617 2093 741 2134 causam
765 2085 835 2135 ante
864 2095 976 2135 annurn
1001 2076 1061 2135 art
1085 2070 1173 2155 (107)
1196 2087 1296 2135 actam

253 2198 340 2253 esse,
365 2197 435 2237 curn
458 2174 515 2237 illo
538 2197 620 2237 anno
644 2198 660 2236 a
686 2175 852 2258 Tigurinis
877 2199 986 2238 caesus
1009 2188 1103 2239 esset.

318 2277 390 2342 Cic.
423 2281 461 2340 de
494 2278 585 2343 Orat.
616 2278 652 2354 2,
690 2280 746 2352 70,
782 2280 854 2342 285.
900 2280 953 2343 Ab
982 2281 1045 2342 hoe
1067 2301 1147 2342 uero
1170 2283 1297 2344 Crasso
1374 2303 1379 2310 ·

252 2379 521 2471 nihilfacetius.
556 2382 641 2444 Cum
677 2382 832 2444 laesisset
873 2383 969 2445 testis
1000 2383 1105 2446 Silus«
1125 2383 1294 2456 Pisonem,

251 2487 344 2568 quod
357 2505 393 2547 se
414 2486 448 2546 in
471 2505 549 2546 eum
571 2485 711 2547 audisse
733 2485 899 2551 dixisset:
922 2488 1038 2548 Potest
1052 2485 1154 2562 fieri,
1172 2487 1294 2570 inquit,

225 2588 337 2662 Sile,
367 2599 404 2650 ut
434 2587 482 2660 is,
512 2588 602 2649 unde
634 2599 667 2650 te
700 2588 839 2650 audisse
871 2588 969 2662 dieis,
1005 2588 1118 2650 iratus
1150 2589 1295 2652 dixerit.

252 2691 385 2754 Annuit
413 2691 517 2754 Silus.
548 2693 663 2753 Potest
696 2691 820 2763 etiam,
854 2703 892 2752 ut
925 2703 963 2752 tu
986 2711 1054 2752 non
1085 2703 1174 2753 recte
1197 2693 1296 2754 intel·

252 2793 393 2855 laxeris.
422 2794 465 2858 ld
486 2813 619 2876 quoque
640 2804 713 2856 toto
743 2794 854 2875 capite
882 2795 1024 2868 annuit,
1050 2805 1087 2856 ut
1110 2817 1146 2856 se
1169 2797 1297 2859 Crasso

253 2897 364 2958 daret.
409 2899 526 2958 Potest
547 2895 650 2958 etiam
666 2895 778 2971 fieri,
807 2896 937 2979 inquit,
962 2908 1000 2959 ut
1022 2897 1179 2986 omnino,
1204 2898 1297 2978 quod

252 3012 285 3060 te
307 2999 444 3064 audisse
467 2999 563 3074 dicis,
590 3019 776 3082 aramquarn
798 2999 967 3061 audieris.
994 3003 1067 3062 Hoc
1089 3000 1139 3062 ita
1155 3011 1296 3081 praeter·

252 3101 543 3183 exspectationem
565 3101 710 3176 accidit,
742 3113 779 3164 ut
802 3113 921 3164 testem
945 3102 1099 3164 omnium
1122 3103 1214 3164 risus
1237 3103 1297 3164 ob-

252 3215 381 3266 rueret.

341 3379 386 3436 12.
428 3381 527 3439 Oratio
545 3398 597 3453 pro
616 3381 651 3439 C.
675 3383 775 3452 Sergio
801 3381 889 3439 Orata
908 3388 1008 3438 contra
1027 3381 1203 3439 Considium¹

316 3511 420 3576 Causa
451 3512 589 3594 privata.
622 3512 663 3578 C.
695 3513 828 3598 Sergius
861 3515 960 3577 Orata
992 3512 1024 3576 in
1052 3513 1151 3576 fundo
1174 3533 1231 3576 suo
1255 3515 1296 3574 ad

251 3619 351 3678 lacurn
374 3616 546 3678 Lucrinum
570 3637 682 3700 aquam
706 3615 867 3697 publicam
895 3617 1038 3679 insuunt
1062 3639 1151 3678 usum
1170 3626 1295 3678 vertere

252 3703 380 3800 coip-it,
405 3722 486 3780 unde
511 3717 668 3782 Considio
692 3719 886 3800 publicano,
911 3717 966 3801 qui
989 3719 1092 3780 lacurn
1115 3718 1294 3793 locaverat,

251 3825 394 3883 damnum
419 3831 580 3883 exortum.
611 3820 732 3884 Rasin
756 3820 1010 3883 controversiam
1036 3819 1133 3883 venit.
1159 3819 1295 3884 Crassus

252 3923 369 4007 Sergio
394 3926 519 3998 aderat,
549 3927 643 3987 arnbo
665 3921 857 3998 familiares,
890 3935 920 3985 et
951 3935 1083 4008 uterque
1106 3923 1236 3985 luxuria
1259 3944 1296 3984 ac

251 4024 474 4088 delicatissimo
501 4024 581 4088 ritae
606 4047 723 4108 genere
747 4024 896 4086 celebris.

316 4127 430 4190 Valet.
450 4129 544 4190 Max.
562 4131 591 4203 9,
618 4131 647 4202 1,
674 4131 704 4190 1.
749 4130 787 4190 (l.
812 4129 956 4212 Sergius
976 4131 1159 4203 Oretana
1171 4132 1292 4211 gulam

251 4232 405 4311 Neptuni
433 4231 581 4294 arbitrio
609 4231 795 4293 subiectam
826 4233 982 4306 haberet,
1013 4231 1207 4314 preculioriu
1229 4229 1295 4294 sibi

251 4333 364 4392 maria
392 4333 620 4414 excogitauit,
649 4335 834 4398 aestuariis
865 4333 1115 4416 intercipiendo
1136 4333 1292 4423 fluctus,
