2984 4842
301 392 363 452 150

367 549 447 612 Tac.
483 549 521 609 de
554 545 723 610 Oratorib.
762 566 791 608 c.
832 544 882 613 tt.
935 547 1029 610 Nam
1063 546 1098 607 ln
1132 546 1349 610 orationibus

302 649 469 714 minorem
499 670 574 712 esse
592 645 708 737 sama
746 667 809 710 sua
846 647 952 710 etiam
983 647 1228 746 admiratores!
1247 650 1350 713 Bruti

289 752 475 844 fatentur,
493 751 561 813 nisi
571 748 681 839 forte
702 750 884 833 quisquam
905 762 967 812 aut
979 751 1141 816 Caesaris
1154 773 1222 832 pro
1238 753 1346 816 Decio

303 855 456 920 Samnite
470 865 531 916 aut
546 853 677 916 Bruti
696 874 774 935 pro
792 853 1004 916 Deiotaro
1026 875 1126 936 rege
1149 865 1348 938 ceterosque

278 957 454 1020 'eiusdem
480 955 692 1019 lentitudinis
721 977 762 1016 ac
789 955 920 1037 teporis
945 955 1052 1018 libros
1074 955 1173 1039 legit,
1199 955 1268 1020 nisi
1288 955 1349 1040 qui

301 1071 335 1122 et
356 1058 512 1122 carmina
533 1057 928 1122 eorundem'mirantur.

1020 1164 1037 1196 0

475 1237 504 1294 6.
544 1235 684 1292 Laudatio
703 1234 744 1292 Μ.
765 1235 857 1292 Porcii
877 1233 995 1292 Catonis
1016 1232 1168 1290 Uticensis.

365 1351 412 1414 Ea
435 1347 556 1430 scripta
578 1358 624 1412 cst
647 1369 677 1410 a.
703 1347 763 1410 709
786 1349 867 1424 (ts).
893 1347 945 1410 Μ.
969 1345 1110 1410 Porcius
1132 1345 1227 1418 Cato,
1257 1344 1348 1406 Bruti

301 1451 493 1528 avunculus,
524 1450 636 1514 Uticae
665 1471 699 1512 se
729 1447 890 1516 interemit
911 1471 941 1514 a.
967 1448 1027 1511 708
1050 1449 1130 1527 (lb),
1154 1469 1220 1532 qno
1245 1445 1346 1509 minus

299 1556 358 1616 sub
379 1553 518 1618 Caesare
541 1552 699 1618 dictatore
724 1552 846 1616 viveret
869 1551 921 1614 vel
944 1549 1090 1614 serviret.
1114 1548 1346 1614 Laudationem

301 1654 435 1721 Catonis
458 1675 522 1720 uon
545 1656 647 1718 solnm
665 1655 793 1728 Brutus,
818 1657 873 1717 sed
889 1653 1007 1718 Cicero
1031 1673 1159 1736 quoquc
1183 1663 1214 1713 ct
1228 1650 1347 1715 Fadius

301 1757 411 1820 Gallus
451 1756 621 1838 scripsere.
667 1755 789 1820 Cacsar
830 1754 1054 1820 Anticatonem
1097 1752 1188 1816 libris
1222 1755 1346 1815 duobus

301 1857 480 1939 rescripsit.
509 1858 614 1921 Etiam
639 1859 835 1923 Octavianus
861 1860 1024 1942 Augustus
1040 1856 1221 1937 Rescripta
1236 1859 1347 1918 Bruto

301 1961 342 2024 de
358 1964 487 2025 Catone
504 1961 697 2041 composuit.
721 1960 886 2023 Drumaun
909 1971 933 2022 t.
957 1961 987 2028 t.
1004 1979 1038 2041 p.
1058 1960 1110 2022 27.
1127 1970 1152 2020 t.
1171 1960 1202 2020 3.
1218 1980 1252 2038 p.
1272 1957 1346 2020 758.

365 2047 486 2127 Cicero
511 2064 550 2126 ad
572 2061 715 2125 Atticum
744 2063 801 2137 13,
832 2062 883 2124 16.
929 2062 1017 2144 Legi
1045 2062 1224 2143 epistolam
1246 2059 1346 2129 (Cae-

300 2165 412 2242 saris):
439 2167 547 2228 multa
569 2165 610 2226 de
634 2187 709 2228 meo
724 2170 872 2238 Catone,
896 2185 965 2248 quo
986 2164 1186 2245 saepissime
1200 2163 1348 2244 legendo

300 2289 334 2330 se
356 2267 438 2328 dicit
457 2267 696 2349 copiosiorem
712 2266 882 2357 factum,
915 2266 1018 2329 Bruti
1047 2269 1176 2330 Catone
1202 2269 1289 2328 lecto
1310 2285 1347 2326 se

300 2369 366 2434 sibi
387 2369 496 2470 uisum
518 2369 697 2432 disertum.

334 2509 409 2559 Brun
426 2510 528 2574 Catone]
565 2513 656 2558 Caesar
681 2515 872 2569 reprehendebat
899 2513 966 2558 Brnti
987 2514 1147 2558 laudationem
1166 2512 1267 2557 Catonis
1286 2517 1345 2556 tarn·

369 2615 440 2659 quam
453 2603 588 2660 languidam
602 2607 626 2646 et
644 2603 758 2647 oratoriis
778 2601 906 2647 luminibus
926 2606 1056 2654 carentem,
1071 2601 1206 2656 librumque
1220 2599 1346 2644 Ciceronis

369 2689 531 2744 praelerebat.

365 2804 439 2870 Cic.
457 2809 497 2869 ad
515 2807 618 2871 Attic.
647 2809 701 2882 li,
726 2809 778 2870 21.
824 2808 911 2892 Legi
933 2807 1035 2870 Bruti
1056 2788 1238 2890 epistolaln
1253 2825 1347 2866 eam·

300 2930 364 2994 pue
386 2909 449 2972 tilri
478 2910 612 2985 remisi,
644 2931 726 2972 sane
756 2931 825 2973 non
853 2910 1043 2992 prudenter
1070 2908 1274 2989 rescriptam
1298 2907 1348 2968 ad

300 3031 341 3084 ea
369 3032 456 3093 quae
488 3012 709 3096 requisieras.
734 3092 737 3102 Ι
764 3013 831 3076 sert
861 3013 934 3094 ipse
968 3011 1107 3084 uiderit,
1137 3029 1348 3094 quamquam

300 3111 386 3172 illud
407 3113 556 3193 turpiter
579 3115 732 3196 ignorat.
779 3119 943 3178 Catonem
966 3114 1120 3195 primum
1141 3112 1348 3173 sententiam

297 3223 398 3292 putat
421 3215 462 3274 de
485 3215 782 3277 animaduersione
816 3215 967 3288 dixisse,
1001 3236 1105 3298 quam
1127 3233 1244 3274 omnes
1267 3225 1348 3275 ante

300 3312 464 3376 dixerant
484 3328 625 3398 praeter
655 3321 857 3387 Caesarem,
891 3326 923 3376 et
952 3337 1029 3375 cum
1052 3313 1162 3395 ipsius
1185 3315 1348 3377 Caesaris

299 3425 371 3476 tant
398 3415 667 3505 seuerafuerit,
703 3416 762 3496 qni
795 3428 868 3475 tum
896 3415 1075 3496 praetorio
1103 3417 1177 3475 loco
1201 3414 1345 3489 dixerit,

299 3520 536 3578 cornilanam
562 3527 663 3596 putat
696 3516 842 3577 leniores
869 3514 1004 3603 fuisse,
1036 3516 1169 3589 Catuli,
1196 3516 1345 3589 Servilii,

301 3621 535 3690 Lucullorum,
561 3618 740 3691 Curionis,
765 3617 947 3701 Torquati,
973 3619 1242 3700 Lepittaettit,
1265 3622 1346 3684 Vol-

300 3717 394 3791 catii,
418 3719 545 3800 Figuli,
572 3724 708 3795 Cottae,
734 3725 774 3784 L.
800 3722 979 3794 Caesaris,
1004 3725 1042 3784 G.
1066 3721 1214 3792 Pisonis,
1239 3721 1346 3782 etiam

301 3823 402 3884 Man·
447 3822 665 3892 Glabrionis,
700 3824 826 3896 Silani,
866 3827 1038 3886 Murenae
1084 3823 1346 3906 designatorum

301 3925 492 3985 consulum.
548 3927 618 3986 Cur
652 3947 737 4006 ergo
770 3925 805 3986 in
838 3925 1042 3986 sententiam
1073 3925 1242 3989 Catonis?
1263 3923 1346 4007 quia

301 4025 410 4088 verbis
436 4027 717 4088 luculentioribus
748 4039 779 4088 et
807 4028 966 4108 pluribus
995 4050 1068 4089 rem
1089 4028 1232 4089 eandem
1252 4045 1344 4086 com-

300 4127 539 4198 prehenderat.
585 4130 645 4190 Me
668 4138 783 4190 autem
806 4129 860 4190 hic
882 4130 1014 4201 laudat,
1038 4129 1130 4211 quod
1153 4125 1342 4198 retulerim,

300 4246 368 4286 non
398 4229 490 4309 quod
518 4226 764 4315 patefecerim,
798 4226 890 4312 quod
918 4233 1117 4292 cohortatus
1146 4230 1230 4302 sim,
1252 4228 1347 4310 quod

301 4323 443 4406 denique
476 4340 556 4388 ante
591 4350 693 4411 qaam
733 4335 963 4402 consulerem,
1001 4332 1073 4411 ipse
1106 4329 1344 4392 indicaverim.
