2992 4840
617 553 791 624 Fragmenta
813 552 933 608 incerta.
1069 547 1081 556 ''
1113 547 1146 570 'l

227 742 258 764 κ
316 699 473 766 Priscian.
501 713 525 769 t.
544 703 575 768 1.
601 725 636 786 p.
653 703 728 768 369.
773 701 931 766 Laelius:
953 697 1112 781 Impubes
1130 695 1295 780 libripens

250 825 407 870 essenon
428 817 543 888 potest
559 827 666 891 neque
686 804 877 881 antestari,
900 800 1296 890 προὸιαμαρτυρηθῆναι.

285 966 399 1027 Laetius]
421 983 467 1014 non
488 973 547 1015 satis
568 975 678 1026 constat,
703 969 732 1019 C.
754 967 863 1014 Laelium
880 969 1016 1022 Sapientem
1033 965 1070 1013 hic
1088 965 1208 1022 intelligi;
1227 963 1296 1020 trag-

319 1063 424 1102 msutum
450 1059 515 1103 eninr
542 1059 622 1114 potius
651 1059 744 1102 auctori
771 1059 865 1101 cuidam
886 1057 914 1100 ds
935 1056 987 1099 iura
1010 1054 1162 1098 tribuendum
1186 1053 1296 1104 videtur,

320 1147 385 1190 velut
402 1146 486 1191 Laelio
506 1145 601 1200 Felici,
622 1148 688 1190 cuins
709 1146 796 1191 lihrnm
815 1143 844 1188 'ad
865 1145 895 1200 Q.
914 1143 1020 1188 Mucium
1039 1142 1179 1186 Scaevolam
1198 1139 1292 1183 Gellius

320 1235 399 1278 laudat
422 1229 462 1290 15,
484 1231 527 1280 27.
548 1231 731 1292 (r.Maiansius
745 1231 792 1277 r.2
815 1246 839 1287 p.
852 1227 925 1284 2⁰8.)
955 1230 1044 1286 Erant,
1068 1230 1107 1286 qni
1127 1227 1196 1272 Livio
1215 1229 1296 1270 trade·

287 1333 289 1339 ⁴
319 1327 386 1376 rent,
408 1327 432 1364 et
452 1323 474 1366 in
495 1322 548 1378 ipsa
569 1323 672 1366 editione
693 1320 885 1364 Drakenborehii
902 1324 919 1364 t.
934 1318 1005 1362 xlv.
1027 1331 1051 1373 p.
1073 1311 1121 1359 810
1144 1317 1184 1360 ed.
1202 1317 1292 1372 Stnttg.

319 1411 381 1454 inter
401 1409 534 1468 fragmenta
554 1411 606 1454 sius
629 1411 727 1468 legitur.
766 1409 833 1452 Alius
852 1412 888 1452 est
905 1408 934 1464 Q.
950 1406 1061 1460 Laelius,
1082 1418 1151 1461 quem
1175 1417 1247 1447 unum
1267 1415 1296 1446 ea

318 1499 465 1553 principibus
484 1498 647 1557 grammaticis
671 1497 774 1552 appellat
795 1495 919 1540 Charisius
942 1509 966 1550 p.
981 1489 1022 1539 81.
1062 1493 1107 1536 Sed
1125 1491 1238 1536 Dnchner·
1261 1487 1292 1534 L.

319 1584 406 1630 Aelius
425 1590 599 1640 vererumne,
620 1585 689 1642 idque
707 1585 794 1640 probo.

284 1678 417 1740 libripens]
436 1681 495 1727 lisia
515 1683 556 1726 das
576 1684 639 1726 rbrn.
653 1681 806 1726 Privatrecht
827 1695 850 1736 p.
868 1675 926 1726 139.

285 1777 423 1838 antestari]
454 1792 478 1824 v.
495 1778 611 1824 Analecta
629 1779 725 1823 Krchtii
746 1780 774 1822 ad
794 1783 812 1823 t.
828 1772 853 1822 2.
873 1791 897 1833 p.
912 1775 971 1823 525.
1001 1778 1147 1832 interpretas
1161 1775 1190 1818 ad
1204 1773 1292 1817 Horat.
1352 1793 1354 1800 ·

321 1867 397 1912 Satir.
412 1863 436 1923 1,
458 1865 482 1922 9,
503 1863 545 1914 lb.
569 1865 629 1912 licia
644 1868 662 1911 1.
677 1869 693 1911 1.

325 2085 388 2144 XV.
419 2087 451 2144 P.
475 2085 615 2144 Cornelius
635 2085 729 2160 Scipio
748 2087 921 2145 Aemilianus
939 2085 1090 2157 Atriconns
1109 2087 1210 2140 minor.

314 2227 415 2290 Natus
437 2239 485 2292 cst
512 2250 543 2292 a.
560 2229 621 2292 569
655 2227 745 2310 (185)
777 2227 934 2306 (decessit
963 2225 1044 2289 enim
1071 2247 1153 2288 anno
1182 2223 1293 2286 aetatis

251 2329 348 2394 LVI.
365 2352 394 2393 a.
409 2354 441 2392 u.
459 2331 547 2411 625).
565 2330 665 2395 Coni.
684 2329 816 2395 Clinton
833 2329 921 2394 Fasti
935 2331 978 2392 Τ.
996 2331 1028 2392 3.
1042 2351 1076 2412 p.
1092 2328 1145 2392 59.
1165 2327 1295 2389 Ellendt

250 2443 352 2494 autem
380 2433 493 2496 scribit
514 2456 549 2516 p.
565 2435 701 2498 XXVI.
710 2478 719 2510 ,
744 2434 877 2497 natalem
903 2431 1064 2514 Scipionis
1091 2452 1203 2494 annum
1228 2451 1295 2493 esse

251 2535 311 2598 572
343 2535 394 2598 vel
425 2537 499 2599 513.
541 2536 734 2602 Plutarchus
764 2559 863 2611 vero,
895 2535 985 2600 cuius
1015 2534 1098 2598 infra
1128 2535 1296 2596 afferemus

250 2638 372 2712 verba,
401 2637 489 2702 testis
517 2649 586 2715 est,
610 2638 795 2722 Scipionem
824 2651 930 2702 natum
955 2660 1022 2702 esse
1049 2660 1078 2700 a.
1099 2640 1157 2700 571
1184 2637 1291 2716 (183);

250 2738 362 2802 scribit
382 2738 482 2815 enirn,
509 2762 580 2803 eum
603 2723 761 2804 mortuum
786 2764 854 2806 esse
881 2741 965 2804 LIV
989 2737 1098 2802 aetatis
1126 2761 1222 2803 anno.

314 2842 361 2904 A.
383 2841 443 2902 603
467 2843 556 2922 (151)
582 2842 727 2906 tribunus
747 2844 878 2908 militum
898 2844 930 2906 in
947 2839 1137 2906 Celtiberia.

312 2944 356 3006 A.
381 2945 441 3006 605
465 2945 556 3025 (119)
580 2957 691 3008 contra
715 2946 997 3030 Carthaginienses
1018 2942 1157 3008 feliciter
1174 2955 1296 3028 pugnat

250 3055 282 3107 et
300 3044 474 3109 exercitum
499 3047 629 3110 Manilii
649 3049 788 3113 consulis
808 3061 927 3113 servat.

313 3147 358 3210 A.
379 3147 439 3210 606
463 3149 553 3229 (118)
581 3171 716 3236 reguum
735 3152 925 3216 Masinissae
947 3149 1031 3214 inter
1053 3148 1225 3214 filiuseius
1247 3146 1294 3211 di-

250 3248 336 3312 visit.
994 3249 999 3264 ’

313 3353 357 3416 Α.
382 3354 441 3416 607
465 3354 576 3435 (117),
606 3358 678 3417 dum
705 3355 895 3420 aedilitatem
922 3367 1064 3440 peteret,
1094 3355 1203 3418 consul
1227 3354 1293 3415 iac·

248 3465 299 3516 tus
322 3467 385 3531 est,
411 3459 588 3521 XXXVII
605 3479 705 3521 annos
726 3470 836 3538 natus,
860 3459 985 3543 legibus
1000 3459 1134 3522 solutus.
1170 3457 1295 3519 Bellnm

249 3556 405 3619 Punicum
435 3558 560 3623 tertium
593 3560 736 3624 coniecit
759 3573 791 3625 et
820 3584 861 3626 ex
883 3562 999 3626 Africa
1024 3559 1236 3642 triumphavit
1264 3580 1294 3621 a.

249 3658 440 3740 cos(1ns).

312 3759 487 3827 Censuram
508 3764 608 3848 gessit
637 3785 668 3828 a.
687 3767 747 3830 612
771 3767 875 3846 (112).

312 3864 436 3929 Consul
462 3867 576 3930 iterum
600 3880 727 3931 creatur
755 3891 784 3932 a.
807 3869 869 3931 620
891 3865 995 3954 (131),
1019 3869 1202 3953 bellumque
1226 3869 1295 3930 Nn·

248 3967 419 4031 mantinum
443 3968 474 4032 ei
497 3972 656 4033 decretum
681 3982 740 4036 est.
778 3972 823 4036 A.
842 3971 903 4034 622
924 3973 1013 4051 (132)
1034 3974 1071 4035 de
1093 3969 1293 4035 Numantinis

246 4069 470 4154 triumphavit.

312 4174 357 4236 A.
381 4174 441 4236 625
469 4174 575 4254 (129),
605 4197 674 4238 curn
698 4174 841 4242 ferveret
866 4178 982 4243 seditio
1009 4201 1026 4242 a
1052 4178 1093 4244 C.
1118 4177 1290 4250 Graccho,

249 4268 292 4338 C.
318 4273 493 4355 Carbone,
524 4277 576 4341 M.
599 4276 717 4342 Fulvio
742 4279 861 4345 Flacco
887 4280 1064 4346 triumviris
1094 4280 1181 4364 agris
1208 4275 1291 4340 divi-
