2992 4840
243 343 306 408 ttt

245 503 293 565 sul
323 525 353 567 a.
376 504 438 567 639
463 505 567 582 (115),
596 515 626 566 et
655 500 807 586 princeps
834 515 971 566 senatus.
1018 503 1146 570 Censor
1173 527 1204 569 a.
1230 507 1291 569 ott

245 605 346 688 (109).
372 604 493 669 Consul
509 604 623 668 iterum
646 627 676 668 a.
695 607 753 667 ott
771 607 870 686 (107).
905 607 1069 669 Drumann
1083 609 1126 671 Τ.
1142 609 1170 670 1.
1189 631 1223 694 p.
1237 610 1290 672 95.

309 719 429 779 Extant
457 717 633 799 fragmenta
660 737 723 782 oon
750 717 927 782 orationum
954 721 1078 793 solum,
1110 723 1165 782 sed
1187 719 1291 784 libro-

245 841 314 882 rum
341 840 470 904 quoque
500 822 538 882 de
566 819 629 882 vita
653 821 736 897 eius,
771 843 852 905 quae
883 821 1015 904 collegit
1044 822 1169 886 Krause
1192 823 1292 886 Vitae

245 933 276 984 et
300 922 478 1006 fragmenta
501 934 642 985 veterum
669 923 898 986 historicorum
925 945 1129 988 romanorum
1155 947 1189 1007 p.
1215 925 1289 988 996.

311 1032 430 1097 Cicero
457 1036 560 1098 Bruto
587 1035 639 1098 99.
685 1039 738 1098 De
764 1039 897 1098 Scauro
923 1038 970 1116 et]
984 1036 1116 1100 Rutilio
1143 1037 1291 1100 breviter

245 1138 323 1201 licet
349 1137 480 1211 dicere,
512 1158 661 1219 quorum
685 1149 807 1200 neuter
833 1139 960 1200 summi
994 1137 1147 1202 oratoris
1172 1139 1292 1202 habuit

245 1239 382 1303 laudem
404 1251 438 1302 et
459 1251 602 1322 uterque
623 1239 657 1302 iu
682 1240 799 1303 multis
821 1241 936 1303 causis
954 1253 1110 1303 versatus
1131 1253 1218 1304 erat.
1250 1245 1290 1306 ln

246 1341 451 1427 quibusdam
487 1341 654 1404 laudandi
688 1342 773 1413 viri;
809 1342 947 1405 etiamsi
980 1344 1128 1406 maximi
1160 1343 1292 1428 ingenii

246 1457 466 1519 evanescent,
488 1444 686 1526 probabiles
708 1457 821 1506 tamen
846 1445 1029 1508 industria.
1074 1449 1291 1529 Quamquam

245 1549 297 1612 his
319 1547 454 1632 quidem
471 1567 538 1609 uon
560 1547 700 1609 omniuo
719 1547 913 1629 ingenium,
941 1547 1003 1610 sed
1024 1549 1218 1610 oratorium
1238 1549 1290 1610 in-

246 1650 386 1732 genium
410 1647 538 1738 defuit.
564 1684 603 1695 -
622 1683 671 1708 .—
708 1651 750 1712 In
776 1649 899 1712 Scauri
921 1650 1099 1724 oratioue,
1126 1651 1291 1732 capientis

246 1751 395 1814 hominis
415 1763 448 1814 et
473 1751 574 1826 recti,
599 1751 755 1833 grauitas
777 1773 911 1814 surnma
937 1763 969 1813 et
995 1753 1166 1814 naturalis
1189 1775 1291 1835 quae·

247 1854 329 1916 dam
352 1852 464 1916 inerat
486 1853 694 1929 auctoritas,
724 1874 792 1915 non
814 1864 853 1915 ut
872 1875 1030 1930 eausam,
1056 1855 1115 1916 sed
1136 1867 1173 1916 ut
1200 1857 1291 1918 testi·

248 1955 400 2018 monium
423 1955 535 2018 dicere
556 1967 715 2039 putares,
747 1978 824 2018 cum
846 1979 914 2039 pro
941 1979 1001 2020 reo
1027 1958 1166 2020 diceret.
1218 1961 1293 2022 Hoc

249 2058 384 2121 dicendi
403 2080 514 2142 genus
539 2061 585 2120 ad
604 2059 802 2141 patrocinia
824 2061 1041 2124 mediocriter
1060 2073 1180 2144 aptum
1201 2061 1292 2123 vide-

247 2161 372 2233 batur,
396 2161 443 2222 ad
467 2162 679 2224 senatoriam
704 2184 785 2224 vero
806 2165 1067 2237 auctoritatem,
1096 2163 1195 2226 cuius
1218 2175 1293 2226 erat

218 2327 227 2343 θ
246 2262 303 2325 ille
316 2263 492 2346 princeps,
518 2267 568 2327 oei
583 2265 747 2326 maxime.
765 2299 806 2309 -
827 2265 942 2328 Huius
960 2276 995 2328 et
1018 2266 1193 2329 orationes
1213 2277 1293 2328 sunt

247 2375 281 2428 et
305 2377 375 2427 tres
395 2367 442 2427 ad
461 2371 501 2432 L.
519 2366 696 2444 Fufidium
715 2367 794 2429 titri
813 2367 934 2450 scripti
949 2367 989 2430 de
1003 2369 1073 2430 vita
1087 2369 1197 2452 ipsius
1213 2381 1293 2430 aeta

246 2489 330 2531 sane
353 2469 469 2544 utiles,
499 2489 583 2554 quos
607 2490 706 2533 nemo
730 2471 827 2554 tegit.

311 2581 428 2645 ibidem
454 2604 483 2643 c.
502 2582 555 2646 30.
602 2583 776 2646 Habemus
798 2583 909 2666 igitur
935 2584 970 2646 iu
991 2583 1117 2647 Stoicis
1143 2584 1293 2647 oratori-

249 2683 312 2746 bus
331 2684 519 2760 Rutilium,
544 2689 715 2748 Scaurum
736 2687 772 2748 in
788 2687 957 2771 antiquis:
980 2699 1162 2771 utrumque
1179 2699 1294 2748 tamen

248 2785 445 2860 laudemus,
471 2790 634 2870 quoniam
644 2810 709 2869 per
730 2789 808 2851 illos
831 2811 872 2852 ne
892 2791 974 2852 haec
996 2791 1132 2874 quidem
1155 2789 1190 2851 in
1212 2789 1294 2851 civi·

249 2897 319 2952 tate
345 2911 478 2974 genera
498 2892 655 2954 oratoria
676 2892 777 2954 laude
799 2905 999 2954 caruerunt.

313 3002 432 3066 Cicero
463 3005 500 3065 de
527 3004 667 3067 Oratore
692 3008 722 3065 1.
749 3003 802 3066 49.
854 3006 910 3067 Μ.
934 3007 1148 3068 Scaurus-
1173 3024 1293 3088 quam-

249 3116 425 3188 quamest
448 3105 647 3168 indicendo
671 3105 811 3168 minime'
835 3107 1120 3180 contemnendus,
1141 3107 1293 3189 pruden-

248 3205 300 3268 tia
334 3217 447 3268 tamen
477 3230 594 3270 rerum
629 3229 836 3292 magnarum
873 3210 987 3294 magis
1022 3231 1125 3294 quam
1160 3208 1294 3271 dicendi

248 3319 324 3370 arte
344 3307 478 3371 nititur.

315 3409 459 3472 Velleius
483 3413 519 3491 9,
545 3415 577 3477 9.
615 3415 747 3478 Eodem
767 3428 882 3478 tractu
903 3429 1097 3498 temporum
1117 3415 1294 3478 nituerunt

249 3525 408 3575 oratores
435 3515 551 3598 Scipio
569 3518 784 3582 Aemilianus
806 3516 1030 3604 Laeliusque,
1064 3521 1139 3582 Ser.
1165 3518 1292 3589 Galba,

252 3615 321 3680 duo
341 3617 507 3693 Gracchi,
533 3622 569 3682 C.
591 3622 758 3702 Fannius,
782 3623 893 3686 Carbo
910 3623 1086 3704 Papirius.
1110 3642 1170 3700 nec
1191 3640 1294 3702 prae·

250 3721 435 3784 tereundus
465 3724 629 3784 Metellus
656 3725 863 3788 Numidicus
893 3736 927 3787 et
951 3729 1125 3800 Scaurus,
1159 3731 1295 3784 etanta

250 3845 368 3887 onmes
390 3828 431 3885 L.
453 3827 599 3887 Crassus
626 3836 659 3886 et
684 3829 738 3889 Μ.
761 3825 946 3890 Antonius.

313 3953 351 4015 In
377 3974 412 4014 re
433 3951 561 4034 publiea
583 3957 722 4034 gerenda
742 3954 773 4016 in
796 3954 940 4036 partibus
962 3958 1062 4018 stabat
1084 3953 1295 4036 optimatium.

252 4050 373 4117 Cicero
405 4067 488 4118 orat.
517 4078 551 4137 p.
578 4055 684 4120 Sestio
713 4079 742 4118 c.
765 4059 815 4131 17,
839 4059 911 4120 101.
956 4060 1012 4122 Μ.
1036 4061 1191 4122 Scaurus
1212 4075 1296 4138 pro-

248 4168 427 4238 pugnator
461 4157 690 4240 reipublicae,
726 4159 785 4242 qui
813 4181 836 4221 a
865 4162 903 4225 C.
931 4161 1088 4225 Graccho
1115 4179 1222 4242 usque
1250 4154 1298 4218 ad

252 4257 295 4337 Q·
319 4257 465 4322 Varium
490 4259 666 4323 seditiosis
688 4261 844 4326 omnibus
866 4263 1004 4326 restitit.
