2976 4844
295 383 336 445 70

367 547 445 592 torrere
467 547 521 592 vide
545 545 675 590 Schneider
694 546 733 588 nt.
754 543 841 588 Geton.
868 557 889 586 r.
914 537 954 584 10.
993 541 1074 584 hlemn
1093 542 1284 586 emendationem
1300 553 1342 596 ep·

364 636 476 692 probavit
497 635 597 679 mutter.

330 759 500 820 nassiternas]
530 761 678 804 metternas
701 772 745 802 une
768 770 781 800 e
803 757 933 802 Schneider
955 756 984 798 stt
1006 757 1022 797 t.
1046 757 1062 798 t.

327 884 459 948 pedasus]
491 887 615 945 tegendum
632 891 753 943 pertusos
775 897 828 927 earn
850 883 881 928 Α.
902 883 1043 940 Augustino.

559 1117 606 1176 st.
640 1116 740 1176 Oratio
763 1115 901 1171 adversus
924 1113 1075 1184 Lepidum.

361 1249 480 1316 Oratio
507 1247 651 1314 censorin
676 1268 746 1312 esse
773 1245 911 1310 videtur.
957 1244 1109 1308 Niebuhr
1134 1247 1173 1308 ad
1194 1245 1339 1310 Fronto-

293 1376 363 1418 nem
380 1377 414 1436 p.
431 1353 505 1416 133.
530 1356 583 1416 ed.
603 1350 748 1416 Berolin.
795 1351 846 1414 Μ.
868 1349 1039 1413 Aemilium
1060 1349 1229 1431 Lepidum,
1248 1349 1340 1430 prin·

293 1455 398 1538 cipem
413 1466 548 1532 senatus,
563 1453 804 1538 intelligendum
819 1451 1004 1516 arbitratur.
1037 1454 1070 1514 Is
1085 1473 1115 1518 a.
1129 1454 1190 1516 564
1205 1454 1295 1532 (190)
1307 1453 1339 1518 in

292 1561 432 1642 petendo
449 1557 613 1620 consulatu
631 1557 788 1639 repulsam
810 1555 893 1618 tulit.
931 1554 1047 1618 Livius
1059 1557 1112 1631 37,
1127 1557 1179 1619 tt.
1203 1559 1259 1622 M.
1271 1559 1339 1622 Ae·

293 1661 410 1724 milius
430 1659 581 1742 Lepidus
595 1661 731 1742 petebat
746 1659 893 1724 adversa
908 1659 1083 1724 hominum
1089 1657 1223 1748 fama,
1246 1659 1340 1744 quod

289 1764 504 1848 provinciam
511 1761 665 1827 Siciliam
673 1761 812 1844 petendi
823 1781 940 1838 caasa,
955 1784 1023 1827 non
1034 1765 1191 1827 consulto
1202 1775 1336 1839 senatu,

295 1878 333 1930 ut
358 1865 422 1932 sibi
448 1865 486 1927 id
496 1863 630 1956 facere
655 1865 791 1940 liceret,
822 1865 1028 1948 reliquisset.
1072 1866 1235 1929 Petebant
1260 1888 1339 1928 cum

294 1991 335 2032 eo
366 1971 422 2032 Μ.
444 1969 582 2031 Fuluius
607 1967 790 2044 Nobilior,
826 1971 888 2032 Cn.
921 1968 1080 2034 Manlius
1117 1970 1248 2044 Vulso,
1280 1972 1336 2032 M.

296 2074 374 2138 Val.
408 2073 579 2135 Messala.
629 2072 769 2134 Fuluius
796 2073 919 2133 consul
945 2091 1037 2132 unus
1065 2083 1224 2146 creatur,
1260 2093 1339 2134 cum

292 2173 398 2237 ceteri
425 2174 602 2237 centurias
633 2194 702 2237 non
732 2177 949 2254 explessent,
987 2172 1084 2256 isque
1109 2186 1253 2255 postero
1283 2175 1338 2236 die

293 2279 357 2340 Cn.
375 2277 552 2340 Manlium
570 2275 702 2358 Lepido
721 2275 852 2338 deiecto
871 2279 1038 2358 collegam
1058 2276 1162 2339 dixit.
1175 2312 1217 2322 -
1240 2278 1338 2342 Post-

293 2400 329 2442 ea
355 2377 405 2441 bis
440 2378 552 2443 consul
580 2377 684 2440 lactus
715 2399 745 2440 a.
778 2379 839 2440 567
863 2380 952 2456 (187)
982 2391 1013 2442 et
1039 2380 1100 2443 579
1125 2380 1235 2456 (175),
1262 2390 1293 2442 et
1320 2401 1338 2442 a

172 2539 177 2548 .
293 2480 483 2546 censoribus
513 2480 664 2563 princeps
693 2492 817 2543 senatus
847 2480 953 2544 sexies
980 2481 1080 2545 lectus
1111 2493 1170 2545 est.
1223 2480 1338 2545 Livius

292 2584 383 2666 Epir.
412 2586 465 2648 ts.
511 2584 675 2648 Drumann
698 2585 821 2646 Gesch.
846 2585 948 2648 Rome
968 2596 993 2648 t.
1020 2589 1107 2667 t.·p.
1130 2585 1164 2648 3.
1209 2585 1339 2648 Ellendt

290 2707 421 2772 quoque
445 2689 484 2748 ad
508 2689 639 2749 eundem
668 2684 838 2748 Aemilium
864 2685 1043 2750 orationem
1067 2688 1230 2769 pertinere
1256 2686 1337 2750 scri·

290 2789 339 2852 bit
367 2809 402 2870 p.
433 2789 569 2850 XXIV.
605 2787 681 2850 dicit
713 2789 816 2850 enirn:
864 2790 928 2851 hoc
959 2789 1108 2863 addam,
1143 2791 1337 2854 orationem

290 2892 467 2954 adversus
484 2890 654 2973 Lepidum
679 2911 748 2952 non
771 2891 820 2952 ad
847 2891 1050 2964 Porcinam,
1083 2904 1202 2974 utpote
1228 2895 1337 2955 multo

291 2987 485 3067 tenuiorem,
508 2994 569 3056 sed
590 2994 637 3055 ad
659 2994 757 3056 ilbem
783 2991 935 3083 referri,
970 2994 1029 3078 qui
1049 2995 1211 3077 princeps
1236 3015 1337 3058 sena·

290 3111 347 3162 aee
360 3094 459 3188 fuit.

354 3203 418 3264 Sed
441 3199 541 3284 magis
566 3209 613 3263 est
637 3197 830 3273 verosimile,
857 3199 951 3262 alium
976 3200 1134 3282 Lepidum
1155 3223 1223 3264 esse
1243 3201 1336 3264 intel-

290 3305 461 3388 ligendum,
485 3302 540 3388 qui
558 3325 578 3365 a
598 3301 724 3367 Catone
746 3301 777 3365 iu
798 3323 933 3366 censure
954 3316 1081 3368 notatus
1100 3303 1209 3379 suerit,
1234 3321 1336 3384 prop·

289 3419 376 3470 terea
403 3409 492 3491 quod
521 3405 669 3469 iactantia
699 3417 732 3467 et
762 3405 935 3470 ambitione
967 3419 1085 3469 statuas
1117 3405 1170 3466 vel
1197 3403 1259 3466 sibi
1284 3407 1337 3468 vel

290 3507 360 3572 eliis
386 3507 567 3572 hominibus
589 3507 747 3572 immerito
775 3508 985 3572 collocasset:
1013 3507 1169 3570 Catonern
1189 3525 1271 3570 vero
1294 3509 1336 3571 dc

290 3612 402 3695 signis
425 3623 458 3673 et
481 3611 606 3675 tabulis
629 3610 661 3672 in
686 3632 818 3673 censura
840 3607 1054 3702 praecepisse²
1078 3607 1207 3670 scimus.

354 3715 481 3780 Fronto
503 3737 538 3795 p.
558 3715 632 3779 206.
651 3715 701 3776 etl.
719 3715 817 3777 Rom.
851 3716 1017 3776 Catonem
1038 3731 1173 3794 quoque
1196 3711 1232 3774 in
1254 3734 1336 3776 ora·

269 3817 383 3891 ‚tione
399 3818 566 3879 aduersus
581 3815 751 3898 Lepidum
770 3815 909 3876 verbum
926 3813 1063 3878 cantari
1085 3814 1225 3877 solitum
1243 3838 1335 3880 com·

290 3939 521 3993 memorasse,
550 3939 628 3980 cum
657 3917 729 3978 ait:
762 3919 904 3980 Statuas
932 3917 1070 3998 positas
1093 3919 1209 3982 Ochae
1233 3931 1335 4002 atque

286 4023 533 4109 Dionysidoro
557 4017 786 4107 effeminatis,
818 4018 878 4101 qui
901 4020 1059 4102 magiras
1069 4016 1254 4111 facerent.
1293 4020 1336 4084 Id

289 4126 324 4187 in
350 4168 359 4187 .
386 4169 394 4187 .
419 4134 534 4186 meant
559 4165 568 4183 .
595 4166 603 4184 .
630 4165 638 4184 .
668 4121 775 4184 velint
803 4133 883 4203 post
910 4123 1023 4185 redire
1049 4167 1057 4184 .
1083 4167 1093 4186 .
1119 4167 1128 4186 .
1160 4124 1196 4187 in
1221 4143 1297 4185 ea.
1323 4165 1333 4186 .

277 4226 391 4316 facit.
433 4228 670 4308 Opportune.
697 4267 706 4287 .
730 4225 829 4288 hrum
855 4269 863 4288 .
890 4270 899 4288 .
924 4223 992 4289 rim
1025 4226 1188 4290 cantandi
1214 4226 1334 4290 tuden·

288 4331 390 4413 dique
414 4327 552 4390 initium
575 4327 728 4409 capiunt.
774 4332 818 4392 Et
845 4373 853 4390 .
880 4373 888 4390 .
911 4329 1049 4411 paravit
1074 4375 1082 4391 .
1109 4375 1117 4391 .
1145 4373 1153 4391 .
