2976 4844
277 362 316 428 86

349 531 427 576 multe
451 531 554 576 eueeiee
581 530 686 576 uuo-thur
714 513 812 590 pelidem
843 533 907 578 meie
937 531 1032 578 residit
1052 531 1100 578 leue
1123 536 1265 580 sententie:
1296 544 1331 582 tet

349 624 417 679 suut,
438 619 481 677 qui
500 633 545 664 uee
568 625 679 678 equestre
705 618 827 665 trabant:
854 626 888 666 tet
907 627 967 666 eunt
988 623 1044 668 lere
1066 624 1103 666 uel
1120 623 1220 668 numeri
1239 637 1329 684 equum

345 705 475 765 publicum
505 704 660 764 habentium,
693 722 767 768 quem
798 710 865 754 istu:
897 715 932 756 tot
961 715 1020 774 suut
1047 723 1138 766 neret,
1170 713 1214 772 qui
1241 713 1329 773 ruique

349 794 427 854 equiti
446 793 550 840 duntur.
598 795 684 854 Itaque
714 798 762 841 etei
790 797 877 843 multia
903 797 1024 856 partibus
1048 798 1139 856 plures
1168 799 1196 843 in
1220 803 1330 860 equestri

348 881 437 927 ordine
448 878 551 941 suerint
573 889 654 928 uetute
677 879 788 938 Catenis,
815 899 862 929 neu
884 891 967 930 tumen
992 899 1094 930 necesse
1115 891 1168 941 eet,
1185 886 1248 945 plue
1269 886 1330 933 dieo·

349 971 395 1016 bue
417 969 531 1016 millibus
546 967 635 1030 fuisse
658 984 745 1016 nerum
767 973 934 1032 equestrium,
959 986 1005 1018 eeu
1023 974 1113 1031 plures
1134 972 1230 1019 duobus
1251 976 1330 1020 milli·

349 1061 395 1107 bue
417 1069 479 1116 equo
499 1057 599 1115 publice
616 1054 747 1119 futore‘t
763 1083 792 1095 -
823 1061 977 1106 Ruhnkeuius
996 1075 1107 1118 queque,
1134 1075 1187 1106 enm
1209 1063 1254 1107 hee
1273 1065 1329 1108 loeo

315 1169 317 1175 ¹
351 1156 460 1196 uteretur
480 1151 510 1193 ad
533 1149 643 1193 Suetonii
663 1149 764 1196 Crem.
791 1164 812 1194 e.
835 1143 896 1206 10„
918 1149 994 1205 Lipeii
1020 1150 1211 1195 emendationem
1233 1156 1328 1198 secatus

349 1244 401 1296 eet,
426 1239 460 1282 ita
484 1242 510 1282 ut
531 1236 629 1282 Gestiua
649 1237 792 1284 adnotaret:
820 1239 952 1294 „videntur
975 1237 1117 1284 Rubuteuio
1135 1236 1211 1284 luisse
1231 1253 1327 1294 senene,

347 1329 409 1372 hune
433 1327 510 1370 lesum
532 1325 564 1370 ita
586 1319 710 1368 citandt.‘¹

313 1455 339 1496 in
358 1449 457 1510 eudem]
493 1449 627 1511 „Pertinet
657 1449 762 1494 tortasse
790 1448 829 1494 De
858 1450 961 1495 ueribue
989 1450 1147 1508 equestribus
1178 1453 1206 1496 ed
1234 1454 1328 1499 titulum

348 1533 503 1586 eretiouie.“
538 1537 624 1582 Krehl.
665 1536 718 1582 Non
740 1540 875 1584 consentio.

314 1663 407 1723 netum]
438 1665 499 1708 Vide
517 1665 695 1708 adnutnttnnem
714 1664 859 1718 proximum.

344 1782 512 1848 Charisius
538 1805 572 1865 p.
605 1783 658 1847 69.
696 1781 848 1845 Aeribus.
900 1785 1006 1860 Cato,
1039 1795 1078 1846 ut
1104 1785 1211 1866 plura
1243 1805 1328 1846 aera

279 1886 454 1971 equestria
468 1885 586 1965 fiant:
611 1885 761 1950 Aeribus
787 1884 1002 1970 equestribus
1025 1886 1067 1949 de
1094 1887 1227 1951 duobus
1253 1887 1328 1950 mit-

279 1991 369 2054 libus
392 2011 414 2052 a
438 2013 487 2052 ec.

315 2151 331 2180 u
353 2133 404 2194 ee]
436 2167 448 2190 ,‚
456 2134 600 2180 uocabulum
625 2140 734 2178 uetum
760 2149 773 2178 e
801 2133 936 2180 Prieeiunu
962 2136 1069 2193 petitum
1097 2131 1199 2179 exbibet
1224 2132 1325 2180 Puteola.

350 2221 400 2269 Sed
429 2219 513 2268 Codex
541 2228 565 2266 et
591 2220 639 2267 Ed.
663 2236 707 2279 pr.
731 2235 779 2280 pro
803 2236 832 2266 eu
853 2235 909 2268 uoce
928 2228 1064 2280 praestent
1094 2236 1110 2266 u
1132 2236 1174 2266 ee.
1213 2219 1283 2282 Quod
1303 2222 1328 2265 ei

350 2312 508 2370 superiorem
531 2309 603 2354 illum
624 2311 707 2354 lecum
730 2323 746 2353 u
761 2309 896 2354 Peieeiuno
915 2311 1018 2355 titutum
1038 2321 1229 2368 rumperemus,
1257 2309 1327 2353 aeri·

350 2397 456 2445 bendum
477 2397 600 2443 uidebitur
620 2409 656 2441 ue
675 2397 828 2443 durentia
845 2411 895 2456 pro
916 2404 1038 2454 aetum,
1060 2395 1127 2457 qued
1144 2397 1228 2455 ipsum
1246 2397 1327 2442 ulter-0

349 2489 405 2538 luen
423 2485 492 2546 apud
512 2486 675 2532 Prieeiuuum
696 2485 829 2547 tegendum
853 2487 912 2541 erit,
934 2487 1048 2546 quumvis
1067 2485 1105 2532 ibi
1124 2486 1195 2532 nullu
1215 2484 1326 2532 eurietue

348 2576 464 2624 leetieuie
487 2580 611 2620 epotetur.
620 2575 633 2598 “
668 2575 825 2620 Lindemann.

345 2695 476 2760 Paullus
505 2717 540 2777 p.
565 2695 619 2758 ll.
649 2693 798 2758 Aeribus
823 2692 992 2776 pluraliter
1019 2695 1059 2754 ab
1085 2715 1174 2770 aere,
1200 2691 1325 2770 idest,

279 2809 478 2873 aeramento,
506 2796 590 2862 Cato
613 2795 709 2860 dixit.

314 2940 384 3002 Ceto]
426 2943 517 2998 Popma
539 2943 592 2988 huis
617 2943 720 2986 orationi
743 2941 854 2989 inseruit.
906 2941 952 2985 Sed
976 2942 1092 2984 incertum
1116 2945 1170 2986 est:
1196 2941 1325 2995 explicatio

350 3032 432 3085 enim,
462 3023 644 3089 quum'Paulus
666 3031 749 3088 addit,
771 3030 820 3074 utin
839 3041 911 3073 sensu
935 3029 959 3072 id
980 3029 1122 3072 vocabulum
1145 3029 1325 3089 intelligendum

351 3133 403 3165 esse
425 3121 511 3174 docet,
534 3128 604 3177 quam
625 3133 665 3174 eo,
688 3131 735 3175 quo
758 3120 781 3162 in
804 3118 848 3162 hae
870 3117 979 3162 oratione
1002 3121 1141 3172 usurpatum
1163 3115 1265 3172 videtur,
1289 3122 1325 3162 et·

351 3222 395 3266 qne
410 3209 499 3253 Mttller
517 3209 631 3252 adnotat:
657 3219 726 3261 ‚mon
744 3204 775 3251 de
797 3203 942 3264 stipendiis,
962 3204 1008 3251 secl
1025 3204 1055 3250 de
1074 3203 1159 3250 aereis
1177 3205 1246 3250 eneis
1263 3218 1325 3248 ueru

345 3297 433 3356 posuit
453 3292 586 3342 Cato.“-
615 3295 675 3339 Item
697 3295 793 3339 Frennd
815 3293 838 3338 in
860 3293 960 3342 Lexieo.

342 3419 379 3482 In
406 3415 484 3482 edit.
509 3437 562 3497 pr.
590 3413 676 3478 aliud
697 3411 834 3478 Catonis
855 3413 1070 3498 fragmentum
1093 3435 1134 3478 ex
1155 3411 1325 3478 Prisciano

281 3524 323 3584 Τ.
350 3523 381 3584 i.
404 3541 439 3601 p.
464 3517 526 3581 332
549 3517 613 3579 hue
634 3515 811 3592 retulimus,
838 3519 927 3602 quod
950 3538 1033 3580 nuuc
1055 3512 1187 3579 incertis
1204 3511 1326 3576 adseri·

279 3626 415 3688 bendum
438 3618 631 3684 existimavi.

548 3861 596 3919 ts.
628 3860 727 3918 Oratio
750 3862 786 3918 ad
810 3859 868 3916 litis
891 3857 1048 3914 censurias.

344 4015 422 4078 Eam
447 4010 531 4075 Cato
553 4007 666 4072 habuit
692 4028 808 4072 censor
829 4007 868 4068 ad
891 4003 1058 4092 populum,
1080 4017 1246 4096 autequam
1265 4031 1324 4073 uo·

279 4130 380 4181 tarum
403 4117 554 4178 redderet
574 4109 744 4186 rationem,
767 4131 848 4196 quae
867 4109 982 4174 multas
1002 4109 1222 4178 excitaverant
1237 4109 1323 4175 lites.

282 4221 492 4302 Quapropter
516 4212 651 4279 Ursinus
675 4215 859 4278 emendabat
883 4214 932 4276 cul
950 4225 1050 4278 notas
1073 4212 1263 4278 censorias.

345 4323 390 4384 At
416 4317 556 4381 fortasse
580 4314 680 4399 magis
702 4337 782 4381 vero
808 4329 855 4380 est
880 4315 999 4394 simile,
1028 4327 1184 4379 tumeam
1209 4313 1323 4380 dictam
