2970 4836
1159 383 1197 445 37

184 540 208 581 ri
228 537 359 596 cuperent]
388 539 413 582 ln
434 542 515 586 codice
535 543 606 586 dubis
629 549 692 587 sunt.
725 544 880 588 Lindemann.
913 545 977 589 ilsec
1000 545 1071 590 serbe
1093 546 1197 591 loclesse

222 629 308 684 legatis
328 627 457 685 llergetum
475 629 599 675 tribuenda
615 637 679 678 suut.
718 631 791 679 Cant.
808 631 890 676 Livius
907 635 924 676 1.
943 629 984 686 34,
1010 632 1050 677 ll.

214 744 386 808 Charisius
410 769 443 827 p.
469 749 541 810 132.
566 754 737 812 Tertium.
771 753 827 814 M.
850 753 936 814 Cato
957 752 998 813 de
1016 756 1199 817 consulatu

149 869 232 912 suo:
256 848 295 909 id
309 870 376 929 ego
392 850 509 931 primo
525 852 638 914 minus
653 853 899 925 animadverti,
918 855 1056 917 veniunt
1071 854 1198 918 iterum

150 962 252 1033 utque
283 950 425 1011 tertium
454 955 714 1018 tumultuosius.
751 955 936 1018 Timidius.
972 956 1067 1020 Idem
1090 957 1126 1020 in
1141 978 1198 1021 ea·

150 1052 225 1112 dem
253 1055 365 1114 Cato:
392 1055 575 1128 Censores,
602 1058 661 1138 qui
681 1060 827 1138 posthac
842 1058 958 1134 fient,
973 1057 1197 1149 formidulo-

150 1153 222 1215 sius
250 1165 355 1237 utque
381 1155 523 1237 segnius
547 1171 649 1241 atque
675 1160 831 1222 timidius
854 1183 921 1242 pro
945 1162 1120 1244 republica
1146 1163 1198 1226 ni-

150 1267 280 1318 tentur.

184 1401 298 1460 veniunt]
329 1405 425 1448 Hostes.

185 1531 320 1588 censores]
352 1532 429 1578 Nemo
452 1539 531 1590 pulei,
560 1531 676 1576 Gelonem
700 1535 722 1576 id
745 1535 773 1578 de
796 1547 838 1576 sus
859 1547 959 1576 ceusnrs
982 1535 1080 1578 dicere:
1112 1548 1198 1579 censor

219 1622 286 1663 enim
307 1621 352 1664 luit
372 1637 395 1665 u.
422 1621 470 1668 570
492 1620 575 1677 (181).
619 1620 704 1665 Oratio
730 1625 809 1664 sutem
834 1622 861 1664 de
887 1622 1010 1666 consulatu
1033 1635 1077 1665 suo
1101 1637 1123 1668 s.
1148 1619 1197 1668 560

217 1706 296 1764 (wi)
314 1710 377 1752 dictu
394 1712 495 1754 videtur.
530 1709 579 1752 Nec
598 1709 698 1765 intelligi
720 1713 813 1763 potest,
835 1711 954 1765 quomodo
975 1710 1036 1753 Caio
1058 1711 1140 1754 decem
1156 1726 1198 1754 su·

217 1797 255 1839 nis
283 1802 338 1849 post
360 1800 510 1841 consulatum
531 1799 558 1840 de
579 1797 651 1840 rebus
673 1799 695 1839 iu
715 1798 838 1840 consulatu
860 1810 904 1840 suo
921 1800 996 1854 gestis
1017 1798 1040 1841 in
1061 1801 1098 1842 ius
1116 1801 1198 1842 vocari

216 1885 337 1938 potuerit.

213 2000 383 2066 Charisius
410 2025 446 2084 p.
476 2003 549 2066 128.
573 2007 724 2084 Quanto.
749 2006 836 2066 Cato
858 2003 899 2064 de
918 2005 1101 2067 consulatu
1117 2026 1199 2068 suo:

154 2106 325 2180 Videtotc‚
355 2117 485 2188 quanto
511 2127 608 2168 secus
630 2127 696 2187 ego
704 2103 878 2195 fecerim.

213 2205 386 2270 Charisius
410 2230 445 2288 p.
469 2206 542 2269 131.
575 2211 680 2270 Secus
707 2228 768 2286 pro
796 2205 900 2267 aliter.
942 2203 1025 2268 Cato
1051 2207 1092 2268 de
1117 2229 1197 2269 con-

151 2313 270 2372 sulatu
289 2331 372 2372 suo:
396 2314 501 2373 Secus
520 2321 668 2373 aetatem
687 2331 828 2392 agerem
847 2330 951 2392 quam
969 2307 1020 2372 iili
1034 2309 1197 2390 egissent.

184 2453 235 2514 illi]
271 2457 363 2500 Inimici
385 2457 442 2516 mei,
465 2457 528 2500 inter
547 2469 607 2512 quos
629 2454 716 2508 Galba,
739 2455 836 2512 Furius,
862 2453 930 2506 Piso,
955 2454 1089 2513 Scipiones,
1108 2453 1198 2497 Acilius

219 2543 333 2598 Glabrio,
358 2544 389 2589 T.
408 2545 566 2587 Flamininus.

215 2661 386 2726 Charisius
400 2685 434 2744 p.
453 2662 528 2726 133.
555 2661 728 2726 Vicissim.
752 2662 838 2723 Cato
857 2659 898 2720 de
916 2659 1098 2721 consulatu
1113 2679 1199 2721 suo:

154 2766 210 2846 qui
233 2765 402 2828 maximis
428 2746 557 2827 vicibus
579 2786 619 2824 ac
644 2762 805 2826 vicissim.
840 2846 842 2851 Ι

187 2908 294 2967 uicibus]
327 2908 443 2964 Vocibus,
466 2910 565 2954 Pulsch.

215 3032 331 3092 Festus
355 3053 389 3110 p.
411 3030 482 3091 154.
514 3028 766 3092 Mediocriculo
794 3049 866 3090 usus
893 3027 1000 3089 estin
1025 3049 1065 3091 ea
1097 3049 1201 3110 quam

155 3131 246 3195 dixit
277 3136 361 3196 Cato
389 3132 425 3193 in
456 3135 658 3193 consulatu:
687 3130 917 3192 'ridibundum
953 3131 1201 3212 magistratum

154 3255 278 3316 genere
300 3236 470 3315 pauculos
495 3233 667 3308 homines,
705 3232 985 3295 mediocriculum
1006 3233 1199 3295 exercitum

156 3337 284 3400 obuiam
309 3337 400 3399 duci.

188 3483 214 3525 in
236 3481 381 3542 consulatu]
417 3481 455 3526 Dc
478 3483 610 3526 consulatu
637 3482 788 3530 scribentium
813 3495 881 3532 esse,
912 3480 984 3524 etism
1007 3480 1036 3523 C.
1061 3479 1092 3523 Ο.
1112 3481 1201 3552 lililller

221 3572 309 3615 indicet

189 3695 292 3754 genere]
325 3675 472 3751 Corruptum
494 3701 539 3739 est.
573 3697 598 3738 ln
624 3695 700 3740 Paulo
722 3700 787 3739 recle
812 3696 893 3738 deest:
923 3690 1122 3737 Mediocriculus
1147 3694 1200 3749 ipse

229 3779 287 3826 Calo
301 3784 399 3840 posuit,
423 3797 479 3826 cum
501 3783 554 3830 ait:
574 3781 736 3827 ridibundum
755 3783 953 3842 magistratum,
972 3781 1096 3836 pauculos
1118 3777 1202 3823 homi-

223 3884 277 3923 nes,
297 3870 505 3914 mediocriculum
524 3870 664 3914 exercitum
684 3870 780 3913 chriam
798 3868 866 3914 duci.

217 3991 331 4052 Festus
355 4011 388 4070 p.
414 3989 488 4050 286.
520 3987 747 4070 Rectofronte
769 4000 901 4049 ceteros
924 3988 1022 4069 sequi
1042 3984 1072 4046 si
1094 3983 1199 4050 norit,

156 4093 239 4154 Cato
274 4092 310 4152 in
343 4092 586 4154 dissertatione
617 4092 828 4153 consulatus.
870 4087 1028 4170 Antiquae
1059 4084 1092 4145 id
1122 4103 1200 4146 con·

155 4193 326 4256 suetudinis
352 4192 425 4267 luit,
455 4203 487 4254 ut
510 4215 579 4255 cum
608 4191 652 4254 ait
675 4190 795 4254 Ennius
819 4209 948 4270 quoque
962 4207 993 4268 „a
1015 4186 1123 4266 stirpe
1145 4204 1201 4245 su·
