2976 4844
1159 337 1222 400 103

170 488 290 572 risque
309 484 566 555 Rhodiensibus
589 491 626 556 in
650 490 867 556 contionibus
894 513 1015 556 eorum
1039 492 1086 554 ad
1109 515 1221 576 popu·

169 594 242 656 lum
255 589 493 682 factasunt,
521 603 579 668 ut,
607 594 639 657 si
660 615 739 676 pace
764 615 835 658 non
872 606 981 669 teret,
1006 595 1221 661 Rhodienses

170 716 289 776 regem
309 694 477 756 adversus
498 698 665 776 populum
692 717 877 760 romanum
901 697 1116 762 adiutarent.
1152 699 1221 764 Sed

170 799 304 862 nullum
334 819 437 878 super
464 818 506 860 ea
532 821 569 860 re
592 799 768 880 publicum
791 801 965 862 decretum
977 798 1127 891 factum
1153 814 1219 866 est.

169 902 218 964 At
244 899 303 964 ubi
327 903 450 964 Perses
475 901 583 964 uictus
608 914 796 985 captusque
812 915 876 977 est,
902 904 1115 968 Rhodienses
1135 927 1216 986 per-

170 1003 318 1066 timuere
341 1002 383 1066 ab
403 1023 468 1076 ea,
498 1025 585 1086 quae
612 1006 842 1086 compluriens
867 1006 903 1068 in
927 1006 1079 1070 coetibus
1100 1007 1222 1090 populi

170 1116 251 1166 acta
276 1104 434 1188 dictaque
467 1118 585 1182 erant,
619 1110 821 1190 legatosque
853 1112 1001 1173 Romam
1030 1109 1218 1186 miserunt,

170 1207 231 1293 qui
255 1207 485 1270 temeritatem
506 1209 725 1292 quorundam
745 1212 970 1293 popularium
996 1233 1142 1276 suorum
1163 1213 1220 1274 de·

169 1321 412 1392 precarentur,
437 1323 470 1374 et
486 1310 604 1387 fldem
624 1313 873 1396 consiliumque
892 1313 1069 1395 publicum
1089 1337 1221 1397 expur-

170 1425 310 1494 garent.
366 1413 491 1495 Legati
519 1427 706 1499 postquam
740 1419 887 1479 Romam
921 1429 1087 1480 venerunt
1118 1429 1152 1480 et
1183 1417 1220 1480 in

171 1528 332 1580 senatum
364 1515 557 1582 intromissi
588 1529 689 1593 sunt,
725 1519 902 1602 uerbisque
928 1519 1131 1602 suppliciter
1152 1542 1221 1602 pro

172 1640 281 1684 causa
311 1641 378 1682 sua
399 1617 521 1709 factis
557 1643 576 1682 e
612 1642 712 1685 curta
748 1634 995 1687 excesserunt:
1032 1623 1227 1686 sententiae

172 1721 298 1804 rogari
323 1735 483 1804 coeptae,
512 1745 656 1808 cumque
676 1725 809 1806 partim
834 1738 1036 1788 senatorum
1061 1726 1103 1788 de
1129 1728 1222 1790 tho·

172 1824 349 1892 diensilrus
374 1839 603 1910 quererentur
627 1831 713 1906 (non
733 1840 1004 1911 quaererentur,
1029 1839 1062 1890 ut
1084 1826 1118 1890 iu
1140 1827 1220 1892 edit.

172 1926 273 1993 Liou.
294 1925 446 2012 legitur),
470 1932 623 2012 maleque
642 1929 816 1992 animatos
838 1951 897 1993 eos
907 1927 1037 2020 fuisse
1056 1930 1220 2006 dicerent,

172 2033 363 2115 bellumque
392 2031 462 2094 illis
479 2030 696 2118 faciendum
723 2044 922 2108 censerent,
950 2045 1025 2096 tum
1050 2037 1106 2098 M.
1135 2037 1224 2100 Cato

172 2134 359 2216 exsurgit,
387 2146 420 2199 et
446 2135 596 2216 optimos
615 2135 883 2220 fidissimosque
912 2137 1047 2210 socias,
1073 2157 1222 2220 quorum

173 2237 297 2320 opibus
317 2236 523 2318 diripiendis
541 2238 828 2321 possidendisque
850 2259 919 2301 non
938 2239 1044 2320 pauci
1062 2262 1110 2302 ex
1128 2260 1222 2302 sum-

174 2340 324 2404 matibus
356 2341 440 2404 uiris
476 2341 598 2404 intenti
634 2338 835 2431 infensique
872 2353 998 2416 erant,
1035 2338 1222 2431 defensum

173 2455 479 2528 conservatumque
498 2443 633 2526 pergit,
658 2445 918 2528 orationemque
941 2443 1097 2507 inclitam
1118 2443 1219 2519 dicit,

175 2566 263 2631 quae
286 2557 319 2607 et
342 2567 500 2610 seorsum
510 2543 655 2636 fertur,
680 2545 913 2628 inscriptaque
938 2557 990 2608 est
1012 2548 1096 2610 Pro
1118 2547 1223 2610 Rno-

174 2647 317 2712 diensi
324 2649 413 2723 bus,
440 2660 474 2712 et
496 2648 531 2710 in
549 2647 670 2731 quinto
689 2647 877 2730 Originum
899 2647 988 2710 libro
1004 2646 1136 2730 scripta
1156 2658 1221 2710 est.

238 2748 355 2814 Livius
386 2771 536 2834 quoquc,
568 2762 737 2833 postquam
768 2771 835 2814 rem
862 2748 1066 2814 Rhodiorum
1091 2747 1224 2832 copiose

174 2851 260 2918 libro
286 2854 337 2928 45,
363 2853 505 2916 20-24
529 2851 691 2934 exposuit,
718 2850 765 2916 sic
790 2851 873 2916 finiit
900 2874 972 2934 cap.
1002 2853 1061 2917 25:

237 2954 466 3034 Infestissimi
492 2955 639 3020 Rhodiis
668 2967 786 3030 erant,
818 2956 878 3039 qui
902 2958 1061 3018 consules
1082 2947 1244 3037 praeto-⁸

176 3079 272 3123 resve
308 3069 370 3121 aut
404 3057 513 3140 legati
549 3069 730 3140 gesserant
764 3058 800 3119 in
837 3057 1050 3122 Macedonia
1084 3059 1222 3121 bellum.
1335 3047 1339 3054 ’

174 3161 370 3227 Plurimum
392 3181 536 3224 causam
560 3181 683 3222 eorum
707 3156 840 3222 adiuvit
861 3162 918 3223 Μ.
941 3159 1086 3224 Porcius
1113 3163 1220 3234 caeo,

175 3264 235 3348 qui
264 3284 369 3345 asper
396 3263 538 3345 ingenio
570 3274 645 3325 tum
678 3265 786 3326 lenem
816 3262 1000 3345 mitemque
1026 3273 1222 3325 senatorem

176 3365 260 3448 egit.
305 3368 391 3432 Non
422 3365 576 3428 inseram
604 3364 831 3429 simulacrum
858 3365 926 3428 viri
952 3364 1103 3446 copiosi,
1134 3385 1224 3447 quae

176 3468 321 3544 dixerit,
338 3465 550 3556 referendo:
569 3467 712 3548 ipsius
731 3467 877 3529 oratio
892 3467 1062 3548 scripta
1085 3478 1219 3541 extat,

176 3570 363 3652 Originum
391 3573 511 3653 quinto
540 3570 628 3633 libro
658 3568 803 3632 inclusa.
847 3569 993 3634 Rhodiis
1018 3590 1224 3650 responsum

175 3671 227 3734 ita
261 3672 435 3735 redditum
469 3685 538 3748 est,
573 3683 612 3737 ut
644 3667 705 3734 nec
737 3674 854 3734 hostes
877 3671 1016 3748 fierent
1045 3693 1106 3733 nec
1137 3672 1224 3734 socii

172 3787 431 3856 permanerent.

237 3876 396 3940 Salustius
431 3876 569 3942 Catilina
600 3897 631 3939 c.
656 3876 709 3940 51.
756 3879 894 3958 Magna
925 3875 1009 3938 mihi
1039 3875 1137 3956 copia
1172 3885 1224 3936 est

175 3979 404 4056 memorandi,
429 3983 469 4044 P.
493 3983 545 4054 0.,
574 4001 661 4062 quae
686 3999 786 4062 reges
811 3991 913 4061 atque
932 3977 1055 4059 populi
1084 3977 1140 4040 ira
1161 3987 1224 4036 aut

176 4081 419 4146 misericordia
439 4082 580 4164 impulsi
598 4085 685 4144 male
708 4079 955 4152 consuluerint,
984 4077 1045 4140 sed
1065 4097 1108 4138 ea
1131 4079 1222 4138 malo

176 4184 311 4260 dicere,
337 4205 425 4268 quae
451 4185 601 4248 maiores
623 4184 735 4248 nostri
760 4194 884 4246 contra
906 4177 1094 4241 lubidinem
1115 4177 1225 4240 animi

175 4288 232 4352 sui
264 4299 357 4352 recte
389 4300 492 4373 atque
524 4286 645 4352 ordine
665 4282 807 4372 fecere.
850 4282 945 4346 Bello
975 4279 1224 4350 Macedonico,
