2992 4840
1192 399 1251 462 207

241 559 335 620 Titius]
373 562 407 606 sio
425 559 509 613 scripsi
531 569 574 612 pro
592 556 711 616 Cincius,
739 561 800 615 quod
824 561 895 618 rotgo
918 557 1017 620 iegitur,
1043 567 1139 606 auctore
1162 565 1249 608 ioerine

274 649 458 692 saresberiense
477 649 505 690 de
527 646 600 703 Nugis
622 645 756 691 Curiatium
777 643 802 702 Β,
823 644 845 692 7.
868 660 891 702 p.
906 645 962 694 55⁶.
983 649 1020 704 qni
1035 650 1154 694 Macrobii
1173 653 1251 696 iseum

273 740 301 780 sd
322 737 423 780 verbum
443 735 582 778 transtulit:
605 732 671 778 Num
692 732 777 778 Titius
797 735 823 778 in
845 734 964 778 rumiens
988 737 1055 796 Iegis
1077 735 1189 782 Fanniae
1210 740 1252 783 ob-

273 824 328 867 iicit
346 823 431 866 secudu
451 835 513 874 suo,
542 820 607 880 estod
628 834 732 877 porcum
756 820 896 864 Troianum
917 823 1012 866 mensis
1033 820 1159 882 inserunt,
1180 839 1250 885 quem

274 911 313 954 illi
335 910 391 954 ideo
412 909 450 952 sie
473 908 608 962 vocabunt,
635 909 708 966 quusi
726 909 788 952 uliie
809 909 915 952 inclusis
930 910 1082 954 animalibus
1101 912 1247 970 gravidum,

272 999 338 1043 sicut
354 997 483 1041 Troianus
502 997 545 1039 ilie
568 1009 644 1052 eqieus
665 994 791 1054 gravidus
812 997 920 1040 ermetis
936 993 1000 1054 suit,
1038 999 1101 1052 diii,
1125 1005 1151 1043 ut
1171 1001 1249 1046 Baite-

273 1099 315 1129 rus
333 1087 356 1129 in
378 1084 457 1128 indice
478 1085 556 1141 tegunt
579 1097 601 1125 s·
620 1083 677 1142 iege
695 1082 795 1127 Fennis
817 1084 978 1138 erirntuerie,
1011 1088 1034 1129 et
1054 1086 1156 1131 Fischer
1179 1087 1246 1132 zeit-

273 1173 344 1218 teiein
364 1174 393 1216 ad
414 1186 436 1216 e.
454 1166 500 1216 593
521 1175 613 1226 pient,
638 1177 661 1216 et
679 1185 702 1216 o.
726 1172 810 1216 Cincio
828 1173 930 1228 quodem
949 1178 997 1217 ete
1011 1174 1078 1220 'l'ilio
1098 1176 1174 1234 legem
1189 1177 1248 1220 Fam

273 1263 335 1305 niam
353 1260 427 1304 foisse
447 1260 577 1304 defensam.
616 1259 662 1304 Sed
679 1261 764 1303 meiius
783 1265 833 1315 eet,
858 1261 972 1306 ioannem
993 1264 1059 1320 sequi
1079 1264 1249 1310 saresberien·

271 1363 340 1402 sem,
364 1353 388 1391 ut
407 1347 446 1404 qui
466 1360 548 1392 ierem
568 1349 745 1390 demonstrasse
765 1347 826 1390 riom
849 1348 966 1392 videatur.

234 1486 339 1530 pereum
359 1468 515 1529 Troianum]
552 1471 611 1516 Teio
638 1469 766 1516 artificium
786 1470 878 1516 ouiioee
903 1472 928 1516 in
957 1486 1031 1516 soene
1055 1475 1246 1520 Trimalchionis

272 1561 383 1604 convivas
408 1559 545 1618 exhilarat,
568 1564 665 1604 auctore
687 1559 803 1604 Petronio
822 1572 843 1606 c.
865 1555 910 1617 td,
937 1560 975 1604 ubi
997 1561 1116 1620 tegimus:
1146 1564 1245 1606 stricto-

198 1701 201 1707 ,
271 1662 316 1707 que
341 1647 472 1690 venatorio
493 1646 575 1690 cultro
600 1647 667 1690 iuius
692 1646 749 1704 apri
774 1644 931 1690 veliementer
950 1649 1096 1708 percussit,
1122 1663 1156 1692 ex
1173 1650 1245 1693 cuius

265 1736 347 1794 pdugu
367 1733 436 1778 turdi
453 1734 622 1778 evolaverunt.
660 1735 765 1779 Beckers
784 1732 868 1779 GaiIus
891 1731 951 1778 2'r.
977 1749 1000 1790 p.
1023 1732 1081 1779 188.
1123 1738 1195 1780 Geni.
1216 1739 1244 1780 de

271 1823 307 1866 his
326 1823 418 1866 artibus
436 1822 552 1879 Btittigeri
574 1819 709 1870 (tomment.
737 1819 788 1868 Ein
806 1818 1096 1868 untiierKiielieusetted
1112 1838 1160 1869 due
1173 1821 1243 1871 Rom.

271 1911 358 1954 Kieine
381 1909 499 1953 Schriften
522 1908 552 1952 T.
566 1903 589 1956 3.
614 1922 637 1964 p.
654 1905 713 1954 217.

268 2087 388 2165 Querat
419 2083 554 2146 forsitan
583 2081 717 2167 aliquis,
752 2087 834 2146 unde
873 2082 1020 2145 habuerit
1054 2085 1246 2148 Macrobius

202 2185 379 2250 orationem
413 2183 508 2260 Titii,
548 2184 605 2269 qui
642 2183 780 2268 antiquis
814 2184 999 2249 oratoribus
1040 2188 1246 2249 adnumeran-

200 2291 257 2350 dus
278 2299 338 2350 est.
384 2287 540 2372 Equidem
570 2286 735 2368 suspicor,
773 2299 879 2349 vetera
907 2287 1106 2372 eloquentiae
1134 2309 1245 2352 monu—
1288 2283 1290 2286 ’

201 2402 302 2453 menta
340 2389 433 2452 etiam
466 2400 532 2450 turn
562 2388 706 2450 extitisse
738 2388 770 2450 in
799 2387 918 2476 Licinii
945 2389 1091 2450 Muciani
1125 2409 1243 2470 opere,

202 2492 256 2577 qui
285 2513 365 2555 aevo
393 2489 585 2572 Vespasiani
612 2489 817 2571 imperatoris
848 2499 1013 2553 oratorum
1039 2511 1245 2552 romanorum

202 2594 363 2658 orationes
380 2593 432 2656 ool
442 2593 566 2675 legerat
591 2605 623 2654 et
648 2591 680 2654 in
706 2611 800 2654 unum
828 2610 945 2672 corpus
966 2594 1148 2672 redegerat.
1184 2589 1187 2596 ⁴

593 2841 698 2900 XXVI.
731 2839 848 2898 Cincius.

263 2995 452 3078 Legendum
475 2995 514 3058 0.
532 2989 663 3067 Titius,
688 3003 722 3052 ut
746 2989 842 3071 paulo
866 2999 938 3052 ente
962 2987 1157 3066 dictumest.

561 3241 681 3300 XXVII.
713 3241 879 3298 Favorinus.

263 3391 379 3457 Omnia
396 3392 534 3467 incerta,
557 3412 673 3456 nonies
695 3390 835 3457 oratoris
856 3394 1043 3469 absurdum,
1067 3397 1122 3456 sed
1145 3415 1162 3456 a
1185 3414 1242 3458 co-

198 3493 321 3558 dicibus
348 3494 465 3571 Gellii,
500 3493 555 3579 qui
582 3496 686 3556 adhue
715 3505 787 3558 eunt
813 3493 941 3572 collati,
972 3493 1126 3558 medicina
1157 3496 1242 3558 nulia

200 3597 343 3660 affertur.

260 3707 417 3790 Legimus
451 3729 585 3793 namque
616 3709 699 3788 apud
727 3705 864 3768 Gellium
894 3706 949 3780 15,
979 3707 1010 3771 8.
1058 3713 1170 3770 Locus
1195 3729 1242 3770 eac

197 3811 354 3873 oratione
387 3810 595 3874 Favorini
628 3808 788 3872 veteris
820 3809 1025 3871 oratoris
1052 3810 1093 3870 de
1118 3829 1241 3871 coena·

198 3933 275 3974 rum
305 3923 408 3994 utque
440 3912 603 3974 luxuriae
632 3909 925 3992 opprobratione‚
956 3931 1023 3993 quo
1054 3931 1138 3970 usus
1168 3920 1237 3982 est,

197 4035 275 4074 cum
313 4016 451 4095 legem
487 4014 701 4075 Liciniam
736 4012 784 4074 de
823 4023 967 4074 sumtu
1012 4010 1241 4073 minuendo

195 4116 320 4176 suasit.
365 4119 452 4179 Cum
476 4117 668 4195 legeremus
691 4113 936 4176 orationem
962 4121 1146 4172 veterem
1172 4117 1241 4175 Fa.

196 4216 338 4278 uorini
347 4258 356 4290 ,
381 4235 450 4278 non
465 4199 623 4276 indiserti
639 4214 717 4290 viri,
733 4235 837 4298 quom
852 4214 1044 4277 orationem
1058 4219 1182 4286 totam,
1203 4226 1243 4276 ut

196 4317 391 4380 meminisse
403 4337 596 4399 possemus,
617 4317 698 4382 odio
717 4339 790 4382 esse
804 4317 915 4380 hercle
934 4309 1132 4377 istiusmodi
1147 4335 1244 4380 sum.
