2992 4840
263 340 324 404 236

266 499 439 564 nonnullis
467 499 602 562 videtur
626 499 796 575 seuerior,
827 499 966 574 acrior,
996 500 1212 585 ampliorque
1237 523 1312 566 csse

266 605 324 668 M.
354 602 490 676 Tullio,
510 599 617 691 ferri
646 601 683 663 id
710 601 770 686 qui
795 603 939 684 potest?
982 603 1197 685 Legebamus
1226 606 1314 669 adeo

265 727 375 788 nuper
409 705 602 769 orationem
632 705 819 767 Gracchi
842 707 901 767 De
923 705 1096 786 legibus
1120 711 1314 788 promul·

265 809 407 891 gatis,
437 808 474 870 in
500 829 570 891 qua
594 809 649 871 M.
669 806 830 870 Marium
855 818 887 868 et
909 807 1079 890 quosdam
1100 831 1147 870 ex
1170 810 1313 874 munici·
1405 859 1411 874 .
1487 863 1488 898 ,

260 910 332 994 piis
354 911 486 975 Italicis
501 911 662 972 honestos
678 909 771 972 viros
796 908 904 990 uirgis
921 931 986 990 per
1004 910 1172 973 iniuriam
1193 934 1313 976 caesos
1478 923 1488 980 t

263 1035 287 1076 a
313 1013 575 1097 magistratibus
597 1012 720 1094 populi
747 1011 900 1086 romani,
924 1024 1054 1094 quanta
1077 1014 1237 1076 maxima
1259 1015 1312 1076 in.-

263 1116 358 1180 uidia
374 1127 507 1198 potest,
532 1115 766 1198 conqueritur.
814 1114 929 1180 Verba
950 1117 1033 1176 haec
1054 1128 1157 1178 sunt:

211 1258 260 1298 s
325 1221 451 1300 Nuper
466 1222 624 1281 Teanum
638 1216 829 1280 Sidicinum
848 1219 967 1279 consul
988 1217 1096 1292 uenit,
1120 1240 1216 1281 uror
1235 1218 1309 1282 cius

263 1321 374 1396 discit,
398 1342 434 1383 se
452 1320 489 1381 in
514 1319 644 1382 balneis
667 1319 823 1380 virilibus
850 1318 961 1381 lavari
984 1321 1078 1382 velle.
1123 1322 1310 1402 Quaestori

262 1423 415 1489 Sidicino
436 1442 460 1483 a
476 1425 531 1487 M.
550 1421 672 1486 Mario
693 1421 813 1482 datum
827 1431 877 1484 est
892 1421 1087 1503 negotium,
1112 1423 1164 1485 uti
1178 1423 1308 1486 balneis

262 1526 506 1609 exigerentur,
531 1524 589 1607 qui
615 1523 832 1586 lavabantur.
879 1525 980 1586 Uxor
1012 1525 1188 1588 renuntiat
1214 1526 1307 1602 uiro,

260 1650 389 1712 parum
415 1627 483 1689 cito
511 1626 576 1689 sibi
599 1627 736 1688 balneas
758 1625 908 1688 traditas
930 1648 1004 1688 esse
1031 1638 1065 1690 et
1088 1649 1216 1709 parum
1235 1631 1310 1690 lau-

263 1744 319 1794 tas
337 1729 477 1821 fuisse.
537 1728 673 1795 Idcirco
702 1730 806 1810 palus
836 1728 1021 1792 destitutus
1050 1742 1102 1792 est
1138 1730 1174 1792 in
1193 1728 1310 1820 foro,

262 1856 369 1919 eoque
394 1833 564 1895 adductus
590 1853 674 1894 suae
699 1831 847 1894 ciuitatis
868 1834 1102 1898 nobilissimus
1128 1838 1230 1899 homo
1250 1839 1306 1900 M.

261 1935 417 2000 Marius.
473 1934 686 2000 Vestimenta
715 1935 871 1997 detracta
904 1948 1007 2012 sunt,
1046 1937 1155 2021 uirgis
1188 1959 1308 2002 caesus

261 2050 325 2102 est.
370 2039 488 2103 Caleni
510 2037 568 2100 ubi
588 2037 626 2098 id
642 2037 847 2114 audierunt,
874 2039 1078 2117 edixerunt,
1103 2061 1144 2103 ne
1165 2041 1243 2125 quis
1270 2041 1307 2104 in

261 2141 392 2204 balneis
415 2140 539 2204 lavisse
566 2142 678 2216 vellet,
705 2161 783 2202 cum
808 2140 1037 2224 magistratus
1066 2163 1233 2205 romanus
1261 2143 1309 2206 ibi

260 2256 362 2307 esset.
407 2243 579 2307 Ferentini
608 2242 651 2305 ob
680 2243 824 2305 eandem
851 2265 994 2306 causam
1017 2259 1164 2326 praetor
1189 2256 1306 2308 noster

260 2359 459 2432 quaestores
482 2344 596 2428 arripi
622 2345 746 2420 iussit,
780 2349 871 2409 ulter
902 2367 939 2409 se
965 2348 1006 2410 de
1038 2369 1139 2412 muro
1165 2348 1303 2423 deiecit,

259 2452 349 2514 alter
364 2470 515 2532 prensus
541 2459 575 2510 et
596 2448 706 2532 uirgis
725 2469 843 2512 caesus
862 2461 927 2512 est.

322 2553 404 2616 Item
427 2553 602 2615 Gracchus
625 2550 688 2614 alio
715 2551 748 2613 in
771 2552 845 2616 loco
873 2551 916 2614 itu
944 2551 1040 2616 dicit:

206 2730 253 2755 e
322 2659 463 2737 Quanta
485 2654 590 2716 libido
613 2665 808 2737 quantaque
834 2654 1102 2737 intemperantia
1126 2656 1174 2720 sit
1196 2657 1304 2720 homi·

258 2777 342 2820 num
356 2757 642 2832 adolescentium,
667 2778 774 2819 unum
789 2761 986 2840 exemplum
1004 2760 1098 2821 vobis
1112 2760 1304 2822 ostendam.

258 2859 326 2924 His
350 2858 451 2922 annis
476 2859 601 2940 paucis
630 2882 676 2921 ex
704 2859 792 2922 Asia
821 2860 948 2923 missus
980 2872 1056 2934 est,
1089 2861 1148 2943 qui
1176 2883 1242 2941 per
1269 2861 1307 2922 id

258 2974 393 3044 tempus
419 2961 662 3044 magistratum
688 2982 757 3025 non
784 2975 944 3045 ceperat,
975 2965 1077 3026 homo
1104 2961 1303 3025 adolescens

255 3087 324 3147 pro
348 3067 476 3146 legato.
520 3068 557 3129 Is
580 3063 616 3126 in
639 3065 760 3126 lectica
767 3062 980 3154 ferebatur.
1020 3067 1065 3129 Ei
1088 3064 1222 3128 obuiam
1243 3065 1303 3126 bu·

258 3167 377 3229 bulcus
401 3167 442 3228 de
465 3167 562 3248 plebe
588 3168 765 3232 Venusina
786 3169 894 3241 veuit,
925 3179 959 3229 ct
976 3189 1041 3249 per
1065 3167 1196 3240 iocum,
1225 3188 1302 3228 cum

258 3269 439 3352 ignoraret
459 3269 518 3352 qui
528 3268 717 3358 ferretur,
742 3270 900 3351 rogauit,
923 3290 1006 3332 num
1031 3282 1205 3333 mortuum
1214 3265 1303 3357 fer·

258 3382 348 3433 rent.
394 3370 457 3433 Ubi
483 3371 521 3433 id
545 3373 694 3446 audiuit,
719 3372 873 3434 lecticam
894 3371 995 3435 iussit
1018 3371 1162 3453 deponi,
1185 3381 1303 3452 strup-

253 3474 323 3557 pis,
342 3475 465 3556 quibus
480 3475 599 3536 lectica
613 3475 766 3557 deligata
780 3487 868 3550 erat,
894 3495 1001 3558 usque
1023 3475 1110 3538 adeo
1130 3470 1305 3536 uerberari

256 3577 379 3652 iussit,
404 3577 485 3639 dum
511 3577 662 3639 animam
688 3575 834 3666 efflauit.

195 3740 198 3750 ¹
292 3728 405 3775 Gracchi
422 3730 452 3776 dc
470 3731 570 3790 legibus
585 3730 769 3792 promulgatis]
807 3733 850 3776 Hic
865 3734 932 3776 locus
946 3745 975 3776 cx
988 3746 1015 3776 ea
1029 3736 1095 3786 parts
1108 3731 1225 3775 orationis
1238 3743 1302 3773 sum·
1472 3774 1488 3820 t

325 3825 363 3862 tus
383 3824 436 3873 est,
461 3820 484 3862 iu
505 3833 549 3875 qun
571 3817 647 3878 legem
667 3833 734 3864 suem
752 3818 782 3863 de
795 3818 914 3864 libertate
925 3820 1018 3864 civium
1039 3820 1104 3874 plebi
1118 3817 1301 3862 commendavit.

291 3922 405 3969 Teanum
417 3923 571 3982 Sidicinum]
590 3925 734 3980 Catapaniue
747 3926 870 3980 oppidum.
888 3902 948 3970 vrbe
962 3926 1075 3970 Muuuert
1089 3925 1158 3970 ltalia
1175 3922 1198 3972 1.
1209 3937 1233 3979 p.
1242 3919 1300 3970 772.

324 4013 523 4071 Distinguendum
541 4027 554 4056 u
572 4013 656 4056 Teano
675 4015 759 4067 Apulo.

289 4131 317 4161 re
337 4119 364 4162 in
381 4117 479 4162 balneis
497 4115 627 4176 virilibus]
664 4118 712 4161 iun
731 4121 753 4164 id
770 4122 863 4180 siguum
876 4121 1030 4179 arrogantiae
1051 4123 1074 4164 et
1092 4117 1219 4174 superbius
1239 4121 1300 4162 erat.

289 4223 435 4282 quaestori]
473 4225 535 4270 idem
554 4227 709 4286 magistratus
728 4240 781 4272 esse
801 4227 912 4283 videtur,
939 4229 978 4285 qui
997 4227 1088 4272 Romae
1107 4225 1193 4270 sedilis
1213 4223 1298 4280 appel-

326 4313 397 4354 latur.
