2958 4840
241 353 303 418 ur
404 439 407 452 .

310 531 370 576 qnae
388 519 477 576 alioqui
496 519 607 577 coniungi
626 531 673 563 nan
692 519 780 570 retent,
803 521 828 560 at
843 513 992 573 felicitatem
1003 512 1111 576 sortiter
1121 511 1209 575 serre.
1238 516 1295 561 tto·

312 607 389 652 mines
408 606 517 652 affectet·
535 608 585 662 ipse
606 605 671 650 Nero
690 607 714 649 in
733 606 842 650 cretione
868 605 897 648 ed
916 610 1024 650 senatum
1051 605 1080 648 dc
1103 608 1181 648 morte
1207 605 1295 649 metris

312 708 369 740 snae
387 696 465 741 dixit:
483 693 587 740 Salvum
605 707 644 738 me
662 707 728 746 eree,
749 690 830 738 adbuc
848 706 894 737 nec
911 691 986 736 eredo
1003 705 1049 736 nee
1066 689 1174 752 gaudeo.

510 839 641 898 cxm.
665 838 746 896 Gaiae
768 835 869 895 Caesar
889 835 1025 910 Caltqtdc.

303 999 405 1062 Natus
423 1006 470 1060 est
489 1018 519 1061 a.
544 999 604 1062 765
628 997 682 1076 (12
704 1019 738 1079 p.
759 995 840 1076 Ch.)
866 997 998 1060 Sueten.
1020 993 1129 1078 Calig.
1152 996 1183 1064 8.
1209 994 1291 1059 Vid.

241 1099 374 1166 Clintaa
394 1102 438 1164 ad
456 1101 491 1162 b.
513 1120 544 1162 a.
591 1100 727 1182 Accepit
742 1098 917 1180 imperium
942 1119 968 1166 e.
998 1099 1060 1164 790
1082 1098 1164 1178 (37).
1191 1095 1293 1161 Occi·

242 1201 327 1267 ditur
353 1225 383 1266 a.
412 1203 473 1266 794
499 1203 577 1278 (41).
1194 1217 1196 1222 ·

307 1304 412 1369 Tacit.
436 1304 553 1369 Annei.
578 1303 638 1376 13,
661 1303 693 1367 3.
739 1302 877 1367 Primus
903 1326 952 1366 ex
983 1303 1047 1378 iis,
1078 1303 1139 1387 qui
1166 1323 1289 1366 rerum

239 1409 344 1491 potiti
365 1419 457 1482 sunt,
483 1409 580 1472 Nero
601 1408 733 1468 alienae
750 1402 950 1494 facundiae
971 1407 1081 1488 eguit.
1110 1426 1191 1467 nam
1220 1405 1292 1468 dic·

246 1523 343 1574 tator
364 1513 494 1574 Caesar
514 1509 659 1572 summis
680 1508 878 1572 oratoribus
896 1510 1063 1582 aemulus,
1087 1520 1120 1570 et
1129 1511 1293 1590 Augusto

237 1626 380 1696 promta
411 1625 444 1675 et
468 1611 672 1704 profluens,
712 1632 799 1694 quae
828 1612 961 1674 deceret
986 1610 1193 1691 principem,
1223 1611 1294 1672 elo-

243 1717 387 1799 quentia
396 1713 495 1804 fuit.
542 1714 702 1777 Tiberius
732 1725 843 1777 artem
874 1735 1006 1796 quoque
1036 1713 1196 1786 callebat,
1223 1733 1293 1796 qua

242 1819 344 1880 cerba
366 1817 586 1896 expenderet,
612 1827 684 1876 tum
707 1816 839 1877 validus
860 1815 1015 1881 sensibus
1043 1827 1105 1878 aut
1136 1817 1292 1879 consulta

239 1920 435 2000 ambiguus.
457 1919 562 1983 etiam
585 1916 646 1982 cat
668 1918 829 1988 Caesaris
851 1918 991 1980 turbata
1013 1938 1108 1982 mens
1136 1917 1205 1980 vim
1235 1917 1290 1977 di·

240 2021 339 2084 cendi
361 2042 427 2084 non
450 2020 619 2102 corrupit.

304 2151 439 2215 Sueten.
464 2148 570 2233 Calig.
594 2151 646 2213 53.
692 2154 753 2216 Ex
784 2150 974 2230 disciplinis
1002 2151 1197 2214 liberalibus
1226 2151 1291 2212 mi-

241 2253 373 2316 nimum
408 2252 617 2327 eruditioni,
653 2253 865 2338 eloquentiae
898 2253 1088 2336 plurimum
1130 2253 1288 2325 attendit,

238 2355 457 2440 quantumuis
474 2352 656 2441 facundus
677 2368 709 2418 et
730 2367 900 2434 promtus,
924 2356 1042 2438 utique
1064 2356 1095 2418 si
1118 2376 1288 2440 peroran-

241 2457 324 2520 dum
345 2457 381 2520 in
403 2457 551 2539 aliquem
573 2470 674 2519 esset.
719 2461 817 2522 lrato
845 2470 879 2519 et
911 2459 1012 2520 verba
1040 2469 1073 2520 et
1103 2458 1292 2526 tententiae

241 2559 483 2641 suppetebant,
513 2560 755 2643 pronuntiatio
776 2581 909 2644 quoque
931 2572 965 2623 et
993 2583 1081 2634 voa,
1117 2574 1155 2623 ut
1183 2579 1291 2642 neque

240 2663 358 2726 eodem
371 2663 446 2725 loci
471 2684 558 2744 prae
580 2662 707 2724 ardore
729 2673 932 2728 consisteret
960 2675 992 2726 et
1016 2663 1247 2725 exaudiretur
1268 2683 1293 2722 a

237 2767 363 2846 procul
383 2766 566 2829 stantibus.
600 2767 833 2828 Peroraturus
854 2765 1056 2830 stricturum
1076 2785 1113 2828 se
1134 2764 1292 2827 lucubras

239 2866 347 2930 tionis
368 2888 452 2929 suae
473 2870 579 2929 telum
603 2867 810 2940 minabatur,
835 2866 946 2928 lenius
968 2865 1181 2949 comtiusque
1204 2865 1291 2929 scri·

241 2969 342 3032 bendi
362 2990 472 3051 genus
494 2970 581 3032 adeo
601 2981 838 3044 contemnent,
871 2982 908 3030 ut
930 2973 1094 3034 Senecam
1122 2980 1194 3030 tum
1217 2987 1292 3030 ma·

245 3071 341 3134 :rime
369 3074 558 3154 placentem
588 3071 845 3137 commissiones
877 3092 1004 3136 merasx
1022 3091 1223 3153 componere
1257 3081 1292 3132 et

243 3191 385 3238 arenam
408 3195 482 3236 esse
503 3173 578 3238 sine
599 3177 689 3238 calce
711 3173 852 3240 diceret.

303 3292 420 3358 Dionis
445 3295 610 3374 Excerpta
641 3293 796 3356 Vaticana
824 3315 858 3375 p.
893 3294 968 3356 531.
1021 3288 1123 3369 Γάϊος
1154 3293 1291 3381 Καῖσαρ

241 3391 350 3485 ῥήτωρ
365 3382 551 3482 ἧνᾶριστος
562 3399 618 3460 καὶ
632 3391 763 3488 γλώσσῃ
780 3397 819 3487 τῇ
830 3391 976 3480 ‘Ettttt
991 3400 1046 3460 καὶ
1060 3395 1098 3487 τῇ
1110 3389 1293 3480 Ῥωμαίοις

241 3499 367 3588 πατρίῳ
394 3492 527 3586 σφόδρα
550 3492 730 3582 ἠσκημένος
752 3512 857 3580 (quem
880 3497 985 3559 locum
1011 3495 1155 3558 Talelius
1181 3495 1212 3557 in
1235 3495 1291 3562 lib.

241 3600 293 3674 59,
318 3603 369 3664 11.
392 3599 546 3678 inseruit).
590 3601 708 3663 Eadem
734 3603 830 3663 verba
853 3599 1002 3683 leguntur
1020 3598 1052 3660 in
1069 3597 1199 3680 losephi
1220 3599 1291 3660 Aa·

242 3700 440 3787 aquitanus
455 3704 603 3779 urst,
624 3705 656 3766 5.
1208 3689 1222 3704 ”

305 3802 418 3867 Suidas
441 3807 483 3865 T.
506 3807 535 3866 1.
559 3805 654 3867 Fasc.
679 3805 739 3872 ΙΙΙ.
762 3827 795 3886 p.
821 3805 912 3868 1059.
960 3798 1063 3880 Γάϊος
1084 3804 1230 3892 Καῖσαρ,
1251 3795 1291 3880 ὃς

241 3901 409 3986 ἐπεκλήθη
432 3901 657 3988 Καλλι-γόλας,
679 3903 855 3992 ῥητορικὴν
877 3901 991 3992 τέχνην
1012 3907 1194 3994 ῥωμαικῶς.

307 4009 484 4092 Caligulam
520 4005 684 4088 scripsisse
715 4007 896 4082 orationes,
926 4021 1057 4071 testatur
1082 4007 1290 4093 'l'ranquillus

240 4109 440 4195 aliorumque
464 4109 629 4190 rescripsit
652 4109 860 4172 orationibus.

305 4215 437 4276 Suetou.
464 4211 570 4294 Calig.
595 4211 647 4274 53.
689 4213 824 4274 Solebat
846 4212 948 4276 etiarn
971 4213 1149 4296 prosperis
1171 4223 1289 4274 orato·

242 4332 320 4372 rum
341 4313 531 4376 actionibus
553 4313 775 4387 rescribere,
797 4326 830 4376 et
860 4337 1067 4396 magnorum
1100 4315 1135 4376 in
1168 4325 1291 4376 senatu
