2984 4842
255 339 316 414 tte

318 506 392 573 Cic.
428 508 521 570 Brut.
551 529 582 569 c.
609 507 661 568 70.
714 507 753 570 0.
779 504 968 568 Memmius
992 508 1033 566 L.
1049 503 1094 594 f.
1124 503 1307 595 perfectus

252 611 398 686 Litteris,
421 610 482 674 secl
503 610 661 693 graecis,
671 604 899 696 fastidiosus
920 626 1005 668 sane
1024 605 1233 680 latinarum,
1250 629 1308 670 ar-

252 725 361 796 gutus
384 723 505 776 orator
525 712 700 796 uerbisque
725 709 845 782 dulcis,
874 708 935 771 sed
945 707 1104 797 fugiens
1120 729 1189 771 non
1206 709 1308 773 morlo

255 813 407 890 dicendi,
447 836 564 877 uerum
605 814 710 877 etiam
750 811 929 894 cogitandi
964 811 1137 885 laborem,
1172 824 1308 874 tantum

255 917 321 981 sibi
329 917 370 980 de
367 915 550 1007 facultate
560 916 727 990 detraxit,
737 924 905 999 quantum
917 911 1091 976 imminuit
1100 913 1306 977 industriae.

436 1093 461 1149 l.
504 1092 603 1150 Oratio
624 1097 724 1150 contra
746 1091 786 1147 M.
809 1092 954 1147 Licinium
975 1091 1134 1146 Lucullum.

321 1208 404 1268 Aeta
436 1217 484 1270 est
519 1226 612 1270 causa
646 1227 674 1270 a.
707 1206 768 1268 688
793 1204 873 1283 (66).
912 1203 954 1267 C.
982 1201 1153 1266 Memmius
1177 1215 1309 1268 auctore

260 1307 323 1372 Cn.
345 1305 504 1389 Pompeio
526 1309 579 1371 Μ.
608 1309 794 1382 Lucullum,
822 1305 916 1370 Lucii
942 1306 1091 1381 fratrem,
1116 1327 1205 1369 rcum
1232 1305 1310 1369 iecit

258 1432 366 1475 earum
392 1431 517 1484 rerum,
551 1431 649 1494 quas,
685 1431 755 1472 cum
784 1409 890 1472 Sullae
925 1420 1078 1493 quaestor
1113 1407 1243 1484 suisset,
1278 1431 1307 1470 a.

258 1513 319 1575 666
337 1513 405 1591 (88)
421 1511 454 1574 in
472 1511 644 1594 provincia
662 1511 822 1596 gessisset.
852 1512 1074 1576 Absolvcrunt
1086 1526 1160 1573 'eum
1175 1510 1308 1574 iudices.

320 1615 410 1678 Plut.
444 1614 574 1677 Lucull.
607 1615 661 1676 37.
717 1609 761 1678 ‘0
791 1617 826 1679 δὲ
858 1609 1074 1690 Λούκουλλος
1103 1608 1232 1698 ἀναβὰς
1264 1608 1311 1689 εἰς

253 1710 389 1799 Ῥώμην
411 1717 542 1803 πρῶτον
562 1723 622 1800 μὲν
644 1717 805 1799 κατέλαβε
829 1711 887 1781 τὸν
909 1712 1055 1805 ἀδελφὸν
1078 1711 1222 1805 Μάρκον
1243 1709 1309 1781 ὑπὸ

259 1820 365 1884 Γαΐου
379 1817 535 1902 Μεμμίου
550 1811 834 1906 κατηγορούμενον
852 1812 908 1907 ἐφ’
932 1809 981 1894 οἷς
998 1817 1114 1902 ἔπραξε
1130 1812 1305 1904 ταμιεύων,

258 1913 380 1984 Σύλλα
401 1914 654 2008 προςτάξαντος.
673 1914 822 1986 Ἕκείνου
847 1913 880 1984 δ’
904 1913 1140 2012 ἀποφυγόντος
1162 1923 1213 1986 ἐντὶ
1236 1919 1311 1986 τοῦ·

259 2045 316 2088 τον
332 2015 432 2088 αὐτὸν
449 2015 467 2086 ὁ
484 2023 640 2108 Μέμμιος
651 2016 922 2108 μεταβαλόμενος
938 2018 1106 2112 παρώξυνε
1123 2019 1182 2089 τὸν
1197 2023 1312 2108 δῆμον.

429 2195 458 2254 2.
499 2197 601 2254 Oratio
620 2199 657 2254 de
677 2197 822 2269 triumpho
843 2198 874 2254 1..
896 2199 998 2255 Licinii
1019 2200 1141 2255 Luculli.

326 2311 407 2374 Acte
426 2322 473 2373 est
488 2309 594 2374 oratic
614 2332 644 2374 a.
671 2311 733 2374 688
756 2309 834 2393 (66).
858 2309 939 2375 Cum
962 2313 1005 2374 L.
1024 2312 1177 2374 Lucullus
1193 2310 1309 2373 bellum

262 2425 373 2476 contra
416 2411 638 2476 Mithridatem
678 2434 788 2498 regem
824 2413 876 2476 diu
917 2411 1084 2496 gessisset,
1122 2435 1179 2476 nec
1208 2424 1311 2478 tamen

261 2513 439 2578 linivisset:
466 2515 642 2597 Pompeius
670 2537 728 2599 per
761 2514 907 2580 tribunos
938 2516 1065 2591 effecit,
1097 2527 1132 2579 ut
1157 2515 1311 2579 Lucullus

260 2616 631 2700 revocaretur,.ipsique
659 2617 826 2700 imperium
850 2622 1064 2682 mandaretur.
1091 2617 1173 2682 Cum
1194 2618 1308 2682 deinde

261 2718 416 2780 Lucullus
448 2720 585 2783 Romam
625 2742 775 2783 reversus
811 2719 1005 2802 triumphum
1045 2732 1187 2803 peteret,
1229 2723 1313 2782 hunc

263 2822 435 2894 honorem,
455 2824 666 2886 detrectantes
691 2823 826 2906 gloriam
849 2821 933 2898 eius,
960 2827 1117 2907 denegare
1141 2821 1313 2902 cupiebant

262 2920 354 2984 amici
376 2923 537 3004 Pompeii.
580 2925 669 2988 luter
691 2947 747 2989 ecs
773 2937 842 2988 erat
869 2923 911 2989 C.
940 2925 1132 2998 Memmius,
1158 2923 1212 3008 qui
1236 2945 1311 2986 ora·

261 3023 380 3086 tionem
401 3037 512 3088 contra
532 3026 728 3110 triumphum
751 3027 881 3090 Luculli
900 3027 980 3110 egit.
1006 3029 1049 3090 Et
1068 3050 1127 3111 per
1142 3026 1311 3090 trienninm

262 3124 331 3188 iere
356 3126 606 3210 impediebatur,
629 3152 694 3214 quc
720 3130 820 3192 minus
839 3150 878 3192 eo
901 3130 1077 3194 frueretur.
1103 3130 1203 3195 Geni.
1220 3129 1309 3193 Plut.

263 3228 391 3299 Lucull.
419 3252 446 3298 c.
468 3231 521 3292 37.
549 3230 631 3294 Ceto
655 3254 683 3298 c.
707 3231 760 3293 29.
789 3225 952 3292 Drumann
974 3243 998 3294 t.
1024 3235 1055 3294 ll.
1080 3255 1114 3313 p.
1145 3235 1216 3293 161.

325 3331 456 3394 Servius
479 3331 510 3395 iu
531 3330 667 3414 Virgilii
692 3331 863 3393 Aeneidem
890 3335 925 3406 l,
948 3331 1019 3390 161.
1058 3335 1096 3396 0.
1120 3332 1310 3394 Memmius

192 3405 246 3448 s
262 3433 303 3495 cie
317 3433 492 3514 triumpho
508 3431 642 3494 Luculli
650 3453 660 3492 .·
673 3435 779 3514 Inque
790 3431 1080 3494 luxuriosissimis
1090 3433 1198 3495 Asiae
1212 3433 1311 3514 oppi-

261 3534 316 3598 dis
334 3533 527 3595 consedisse
543 3542 574 3592 et
594 3553 670 3594 mox
689 3535 796 3616 Inque
815 3533 1095 3615 Gallograeciam
1119 3534 1309 3598 redierunt.

297 3676 326 3721 de
348 3672 474 3732 triumpho
499 3673 610 3734 Luculli]
650 3679 731 3736 Vulgo
756 3679 843 3735 legitur
870 3675 900 3720 cle
927 3675 1053 3734 triumpho
1077 3678 1221 3724 Lucilliano
1249 3678 1309 3724 1111.

331 3763 472 3805 Dueburrue
492 3765 629 3822 ednotuvll,
659 3766 681 3808 in
709 3768 790 3810 codice
815 3766 929 3810 Fulrleusi
954 3767 1032 3810 Servii
1053 3781 1096 3812 nec
1115 3767 1264 3822 Luciliano,
1286 3773 1311 3812 ut

330 3851 496 3903 Burmannus,
525 3865 568 3894 nec
586 3851 733 3907 Luciliurc,
763 3857 788 3898 ut
811 3854 918 3898 Danielis
937 3854 1008 3908 dicit,
1035 3857 1076 3898 sed
1098 3854 1231 3901 Luciliuca
1248 3854 1308 3903 1111.

333 3939 395 3998 legi,
417 3941 477 3983 unde
497 3941 670 3984 restituendum
694 3947 759 3996 putul
784 3940 813 3985 de
837 3939 963 4000 triumphe
981 3940 1082 3986 Luculli
1100 3942 1223 3990 Asiatico.
1262 3943 1310 3987 Sed

334 4030 415 4074 nescio
442 4041 471 4072 un
499 4029 597 4072 Servius
622 4031 763 4085 scripserit:
792 4026 819 4081 G,
849 4027 984 4074 Memmius
1011 4029 1042 4074 de
1066 4029 1192 4089 triumpho
1209 4029 1312 4080 Luculli

333 4118 431 4162 actione
445 4123 545 4175 quarta.
565 4117 623 4161 Veri
643 4118 707 4161 enim
727 4124 764 4162 est
780 4119 868 4172 simile,
883 4119 1024 4163 Memmium
1045 4121 1084 4162 illu
1104 4121 1128 4162 in
1149 4129 1229 4173 cama,
1250 4132 1310 4175 quse

334 4205 420 4248 rnullee
440 4207 494 4250 lites
514 4207 575 4250 inter
600 4205 727 4250 Lucullum
752 4207 868 4252 Catonem
894 4213 963 4264 atque
988 4205 1130 4261 Purnpeium
1153 4207 1309 4261 excitaverat,

335 4292 413 4341 plures
432 4296 555 4337 orationes
575 4294 673 4339 dixisse.
