2958 4840
260 350 323 422 tst

265 512 413 576 sortium
434 507 571 589 imperii
593 505 838 587 iuraturasque
860 503 895 565 in
909 500 1073 588 feminae
1097 501 1198 564 uerba
1211 523 1319 583 prae·

266 613 377 676 torius
403 599 563 674 cobortes
597 608 752 690 idemque
780 605 926 668 dedecus
958 616 1098 666 senatus
1131 615 1164 664 et
1195 602 1319 684 populi

267 712 485 796 speravisset,
508 732 550 773 ac
563 722 743 794 postquam
754 704 908 796 frustra
930 718 1051 786 optata
1072 705 1154 778 sint,
1171 702 1318 793 infensa

266 815 368 878 militi
387 814 611 896 patribusque
633 823 665 874 et
692 811 782 892 plebi
804 811 1026 872 dissuasisset
1054 808 1255 870 donatiuum
1282 819 1318 868 et

262 917 493 1000 congiarium.
516 915 734 996 periculaque
757 913 838 974 uiris
859 911 1049 973 illustribus
1071 909 1313 972 instruxisset.

263 1022 403 1102 Quanto
414 1039 478 1080 suo
492 1017 609 1080 labore
620 1026 868 1097 perpetratum,
887 1035 928 1075 ne
943 1013 1151 1094 irrumperet
1167 1011 1314 1082 curiam,

264 1142 307 1182 ne
314 1120 473 1202 gentibus
487 1119 641 1182 externis
657 1137 826 1197 responsa
840 1117 952 1176 daret.
975 1128 1168 1194 temporum
1183 1136 1318 1196 quoque

265 1221 537 1288 Claudianorum
559 1220 695 1302 obliqua
717 1218 940 1280 insectatione
961 1227 1084 1278 cuncta
1109 1217 1184 1278 eius
1206 1215 1317 1279 domi·

266 1323 417 1386 nationis
427 1321 584 1414 ‚flagitia
606 1322 642 1383 in
671 1333 816 1384 matrem
845 1319 1040 1392 transtulit,
1071 1318 1209 1399 publica
1224 1315 1318 1408 for-

266 1437 352 1488 tuna
387 1425 595 1487 exstinctam
629 1421 802 1513 reserens.
836 1443 982 1505 namque
1016 1433 1049 1483 ct
1081 1419 1317 1508 naufragium

265 1527 449 1589 narrabat.-
470 1527 562 1609 quod
572 1523 776 1616 fortuitum
786 1523 925 1615 fuisse,
951 1524 1026 1607 quis
1048 1523 1137 1584 adeo
1152 1523 1250 1584 hebes
1266 1523 1319 1582 in-

269 1629 443 1690 veniretur
463 1640 502 1690 ut
524 1627 703 1690 crederet?
732 1640 794 1688 aut
814 1650 837 1689 a
860 1627 1001 1688 muliere
1024 1623 1208 1714 naufraga
1235 1625 1317 1686 mis-

268 1750 346 1791 sum
367 1751 444 1790 cum
467 1731 534 1791 telo
556 1749 683 1802 unum,
707 1729 766 1811 qui
788 1731 945 1790 cobortes
967 1741 999 1788 et
1022 1730 1148 1789 classes
1171 1729 1318 1807 impera-

270 1829 358 1891 toris
378 1829 646 1918 perfringeret?
669 1851 755 1911 ergo
775 1851 844 1891 non
860 1830 930 1891 inm
943 1831 1052 1902 Nero,
1075 1829 1174 1891 cuius
1188 1830 1316 1916 imma·

266 1930 359 1992 nitas
381 1931 696 2014 omnium-questus
718 1931 888 2006 anteibat,
914 1933 974 1994 sed
995 1935 1156 1994 Seneca
1177 1952 1317 1992 rumore

263 2031 410 2094 aduerso
443 2045 537 2107 erat,
571 2033 665 2116 quod
703 2033 904 2097 oratione
943 2035 1023 2095 tali
1057 2030 1314 2122 confessionem

265 2133 474 2216 scripsisset.

330 2234 466 2317 Quintil.
490 2238 526 2311 8,
551 2239 590 2314 b,
617 2238 668 2300 18.
712 2238 807 2302 Facit
834 2240 1002 2322 quasdam
1030 2239 1215 2302 sententias
1242 2241 1318 2300 sola

265 2338 518 2420 geminatio.
540 2341 653 2423 qualis
674 2353 726 2403 est
748 2344 894 2404 Senecae
924 2342 959 2403 in
982 2365 1022 2404 eo
1044 2343 1194 2424 scripto,
1225 2340 1319 2424 quod

266 2440 365 2504 Nero
385 2441 432 2502 ad
453 2453 612 2504 senatum
633 2443 727 2505 misit
749 2444 863 2505 occisa
885 2456 1006 2518 matre,
1031 2465 1109 2504 cum
1124 2465 1160 2506 sc
1180 2443 1318 2526 pericli·

266 2552 380 2604 tatum
400 2543 509 2606 videri
530 2547 637 2619 vellet,
661 2547 800 2608 Saluum
828 2567 881 2607 me
901 2568 974 2611 esse
997 2547 1109 2608 adhuc
1132 2568 1192 2608 nec
1214 2546 1318 2610 credo

268 2662 328 2704 nec
350 2645 501 2725 gaudee.

298 2804 325 2849 in
343 2819 372 2850 so
390 2808 497 2866 scripto]
533 2811 551 2857 i.
571 2824 593 2857 e.
615 2812 638 2854 in
659 2823 685 2854 es
705 2813 824 2866 oratioue,
846 2826 916 2869 qnam
934 2814 1032 2858 Tacitus
1051 2813 1158 2882 tradidit.

332 2932 398 2998 Dio
422 2932 551 2998 Cassius
570 2936 590 3002 l.
609 2937 662 3012 61,
687 2939 738 3001 14.
772 2939 819 3031 Τῇ
841 2941 999 3029 γερουσίᾳ
1022 2943 1182 3006 ἐπέστειλε
1197 2941 1319 3020 (Nero)

266 3031 356 3100 cilia
377 3060 410 3101 rs
438 3028 502 3102 ὅσα
522 3035 652 3132 συνῄδει
670 3037 753 3133 αὐτῇ
769 3044 1007 3129 καταριθμῶν,
1028 3049 1085 3108 καὶ
1109 3033 1162 3108 ὅτι
1183 3039 1319 3127 ἐπεβού-

267 3139 361 3201 λευσέ
383 3163 415 3202 τε
438 3135 537 3230 αὐτῷ,
572 3148 628 3206 καὶ
653 3148 858 3232 φωραθεῖσα
884 3143 1002 3224 ἑαυτὴν
1026 3141 1320 3235 ὃισκατεχρήσατο.

263 3241 318 3300 καὶ
336 3239 376 3328 τῇ
395 3246 455 3322 μὲν
469 3243 575 3334 βουλῇ
597 3245 702 3311 ταῦτα
724 3247 911 3312 ἐπέστειλεν.

510 3385 656 3446 CXXXII.
677 3392 804 3448 Decimus
823 3393 935 3450 Laelius
955 3395 1071 3452 Dalbus.

325 3496 412 3559 Puto
436 3496 534 3560 lilium
554 3521 623 3564 esse
646 3503 773 3566 Decimi
794 3505 899 3566 Laelii
920 3506 1012 3568 Balbi
1036 3509 1173 3570 consulis
1200 3529 1229 3570 a.
1254 3510 1316 3594 748

263 3597 324 3674 (b).
366 3599 480 3683 Deque
503 3622 542 3666 eo
558 3605 736 3685 scriptores
766 3607 844 3669 nihil
873 3607 957 3671 aliud
978 3609 1103 3672 referre
1135 3609 1227 3672 video
1256 3609 1318 3672 nisi

262 3700 463 3779 deportatum
488 3724 555 3766 esse
578 3705 609 3767 in
625 3705 758 3770 insulam
775 3723 921 3774 extremo
945 3711 1071 3774 Tiberii
1094 3733 1194 3786 anno,
1211 3711 1244 3774 id
1268 3725 1317 3774 est

261 3819 290 3861 a.
315 3801 375 3862 790
397 3802 475 3879 (37).
522 3807 603 3870 Τεισ.
629 3811 743 3870 Annei·
770 3813 801 3882 b,
827 3814 865 3873 lt?
891 3815 998 3876 ests.
1035 3813 1161 3876 Falster
1184 3813 1216 3875 in
1240 3815 1316 3876 Me·

263 3900 375 3963 mosiis
398 3925 431 3983 p.
462 3907 501 3970 119
532 3908 666 3983 scribit,
695 3911 862 3974 Decimum
890 3915 1035 3978 Laelium
1062 3912 1223 3979 oratorem
1253 3919 1313 3979 sub

269 4002 477 4084 Vespasianis
501 4008 636 4082 vixisse,
664 4013 815 4092 deceptus
840 4027 872 4076 et
900 4016 979 4078 salsa
1008 4019 1149 4080 lectione
1178 4031 1210 4081 et
1231 4021 1314 4082 mals

263 4101 528 4184 interpretatione
552 4113 722 4174 verborum
739 4113 837 4178 Plinii
852 4117 883 4178 in
901 4118 987 4183 Hist.
1007 4121 1082 4181 Nat.
1099 4121 1210 4184 Praei.
1228 4123 1258 4192 §.
1282 4125 1315 4184 7.

328 4205 435 4268 Tacit.
466 4211 553 4273 Ann.
577 4214 607 4286 6,
638 4215 690 4278 ts.
738 4221 876 4281 Laelius
891 4222 1018 4284 Balbus
1040 4222 1131 4283 truci
1153 4225 1315 4304 eloquen-

261 4303 312 4364 tia
334 4306 534 4386 lmbebatur,
557 4329 715 4394 promtus
737 4319 920 4384 adversum
942 4323 1108 4385 insontes.
1186 4369 1190 4378 .
