2984 4842
278 391 342 454 388

283 571 299 611 a
326 548 412 610 Sulla
443 546 598 609 dictatore
622 546 758 628 accepit.
791 545 875 608 Plut.
908 541 1055 624 Pompei.
1082 542 1133 603 13.
1162 541 1326 603 Drumano

284 662 307 713 t.
327 653 356 712 4.
374 672 408 732 p.
434 649 508 712 335.
533 648 657 712 Eclthel
681 650 798 712 Doctr.
827 647 922 708 Num.
947 657 971 708 t.
997 647 1027 708 5.
1049 667 1083 726 p.
1108 641 1182 704 280.
1209 643 1326 704 Postea

283 753 399 817 bellum
423 752 519 834 gessit
544 750 574 813 iu
602 750 758 832 Hispania
786 761 897 813 contra
922 745 1112 820 Sertorium,
1136 747 1217 806 uude
1232 741 1328 805 rediit

283 877 312 917 a.
341 855 403 918 883
433 851 516 936 (71),
544 867 574 916 81
600 857 770 916 secuudum
805 850 998 934 triumphum
1026 848 1105 932 egit.
1144 844 1267 910 Consul
1295 866 1325 904 a.

284 957 345 1020 884
362 955 440 1040 (70),
467 957 591 1039 legibus
615 961 755 1019 solutus:
785 966 918 1017 aetatem
942 952 1023 1015 enim
1039 949 1210 1035 legitimam
1228 967 1327 1011 auno·

282 1082 351 1122 rum
368 1059 407 1121 43
430 1061 673 1135 8888888881,
698 1059 819 1143 quippe
844 1057 882 1120 37
904 1077 1003 1118 88888
1019 1066 1087 1116 erat
1102 1065 1204 1115 uatus.
1229 1053 1326 1114 Anno

284 1163 345 1224 885
368 1162 435 1238 (89)
458 1173 488 1222 et
512 1161 571 1223 888
600 1162 666 1239 (88)
690 1161 814 1224 Romae
840 1158 940 1242 degit.
969 1159 1013 1220 A.
1041 1156 1100 1218 887
1124 1155 1192 1234 (87)
1209 1153 1326 1216 bellum

282 1263 451 1345 piraticum
468 1263 497 1324 ei
515 1267 692 1326 uraudatur.
709 1267 752 1328 A.
774 1265 835 1325 888
856 1263 924 1342 (88)
941 1261 1055 1324 bellum
1074 1256 1326 1319 Mithridaticum

281 1366 433 1441 traditur,
458 1369 539 1428 uude
565 1366 659 1430 rediit
682 1388 710 1434 a.
734 1366 796 1429 893
819 1365 886 1444 (81)
918 1375 949 1426 81
977 1361 1103 1424 tertium
1131 1359 1325 1439 triumphum

283 1469 434 1532 celebrat.
460 1468 583 1532 Consul
608 1469 721 1531 iterum
745 1490 774 1530 a.
803 1469 863 1532 899
890 1469 970 1546 (55).
1000 1463 1123 1528 Consul
1145 1461 1274 1524 tertium
1295 1482 1325 1522 a.

284 1572 344 1632 707
377 1573 459 1650 (m).
496 1571 540 1633 A.
574 1572 634 1633 705
661 1572 729 1646 (19)
766 1571 881 1632 bellum
907 1567 1002 1629 civile
1028 1567 1111 1628 inter
1137 1562 1327 1645 Pompeium

281 1683 313 1734 et
335 1671 505 1734 Caesarem
531 1674 648 1753 erupit.
682 1675 724 1733 A.
754 1675 812 1732 708
837 1670 904 1745 (48)
930 1668 1119 1748 Pompeius,
1144 1687 1161 1726 a
1186 1666 1327 1728 Caesare

282 1773 403 1848 victus,
428 1771 459 1833 in
491 1773 677 1854 Aegyptum
703 1770 788 1850 fugit
810 1770 917 1852 ibique
949 1767 1124 1843 occiditur,
1156 1770 1196 1830 58
1226 1789 1327 1830 88888

281 1884 384 1934 88188.
410 1873 487 1935 Eius
505 1873 599 1936 vitam
625 1871 794 1953 descripsit
815 1872 978 1933 Drumauu
1000 1882 1024 1932 t.
1043 1873 1073 1932 4.
1090 1893 1124 1952 p.
1146 1871 1325 1934 305-558.

345 1991 419 2063 Cic.
444 1995 537 2056 Brut.
561 1993 613 2057 88.
660 1996 764 2056 Meus
787 1993 941 2075 aequalis
963 1997 1024 2056 Cn.
1049 1992 1247 2073 Pompeius,
1272 1991 1327 2052 vir

280 2097 327 2158 ad
354 2097 471 2158 omnia
501 2117 636 2156 summa
666 2105 785 2167 natus,
819 2095 982 2156 maiorem
1012 2095 1147 2157 dicendi
1174 2095 1325 2176 gloriam

280 2198 471 2267 habuisset,
509 2197 577 2258 nisi
615 2219 693 2258 eum
727 2197 870 2260 maioris
902 2197 1037 2278 gloriae
1070 2197 1241 2278 cupiditas
1278 2197 1327 2258 ad

280 2301 414 2362 bellicas
422 2299 541 2361 laudes
553 2300 796 2361 abstraxisset.
808 2303 897 2363 Erat
909 2301 1066 2362 oratione
1078 2301 1164 2361 satis
1173 2301 1321 2378 amplus,

281 2423 354 2463 rem
374 2400 564 2483 prudenter
586 2401 731 2474 uidebat,
755 2402 847 2464 actio
869 2424 949 2464 uero
972 2403 1045 2464 eius
1068 2401 1212 2463 habebat
1232 2413 1265 2462 et
1287 2401 1322 2462 in

279 2524 358 2566 uoce
381 2523 546 2586 magnum
568 2504 784 2586 splendorem
813 2505 903 2566 etin
927 2516 1023 2566 motu
1050 2523 1219 2566 summam
1244 2503 1321 2586 dig·

279 2605 434 2667 nitatem.

342 2723 415 2788 Cic.
439 2749 501 2809 pro
531 2729 602 2810 lege
628 2728 761 2790 Manilia
785 2751 815 2790 c.
845 2730 896 2790 14.
942 2731 1017 2792 lam
1046 2740 1212 2812 parantum
1240 2749 1320 2790 con-

278 2829 370 2904 silio,
395 2842 561 2913 quantum
590 2831 724 2892 dicendi
753 2817 932 2914 grauitate
953 2842 986 2893 et
1014 2831 1114 2912 copia
1136 2833 1260 2903 valeat,
1285 2829 1321 2892 in

276 2917 346 3014 ¹quo
375 2931 451 3013 ipso
481 2933 569 2994 inest
597 2933 766 3015 quaedam
796 2933 949 3016 dignitas
979 2931 1221 3014 imperatoria,
1247 2952 1318 3006 888,

229 3092 231 3096 a
278 3032 449 3115 Quirites,
475 3035 537 3095 888
560 3034 636 3114 ipso
658 3057 705 3096 ex
726 3037 800 3098 loco
822 3057 923 3116 saepe
945 3038 1133 3118 cognostis.

341 3133 414 3196 cie.
447 3138 485 3196 ad
519 3136 659 3197 Atticum
688 3136 719 3197 iu
756 3136 889 3219 epistola
923 3160 953 3199 a.
990 3139 1051 3200 893
1087 3139 1154 3214 (81)
1186 3137 1317 3216 scripta,

277 3235 332 3303 118.
366 3241 395 3298 1.
428 3237 479 3298 14.
534 3239 652 3301 Prima
693 3240 811 3300 concio
847 3240 999 3320 Pompeii
1032 3241 1143 3322 qualis
1165 3239 1318 3328 fuisset,

276 3337 401 3420 scripsi
429 3339 475 3398 ad
511 3353 543 3401 te
578 3353 698 3410 antea,
733 3362 800 3403 888
834 3342 984 3402 iucunda
1017 3341 1171 3411 miseris,
1205 3341 1319 3403 inanis

275 3439 451 3521 improbis,
474 3441 580 3503 beatis
603 3463 671 3506 non
693 3454 814 3526 grata,
840 3445 937 3506 bonis
959 3463 1027 3504 non
1048 3443 1177 3525 gravis,
1202 3443 1318 3524 itaque

263 3539 444 3631 frigebat.

301 3683 432 3746 frigebat]
467 3689 588 3734 Drumauu
603 3696 621 3734 t.
643 3689 666 3736 4,
688 3705 711 3746 p.
733 3688 782 3736 511
802 3693 829 3735 18
849 3693 893 3734 888
913 3693 966 3735 loro
985 3693 1020 3734 sic
1039 3691 1137 3736 scribit.
1153 3692 1223 3734 Seiae
1237 3691 1317 3736 Redcu

344 3775 447 3820 lounteu
468 3778 531 3821 nicht
547 3778 586 3820 l'tir
606 3779 644 3821 ibn
664 3778 811 3836 begeistern,
832 3781 886 3822 weil
905 3793 932 3822 er
950 3777 1026 3823 selbst
1044 3781 1121 3822 uicbts
1140 3779 1224 3822 sublte.

337 3894 481 3958 Velleius
498 3897 536 3972 2,
562 3898 613 3960 29.
657 3900 718 3960 Cn.
736 3899 919 3979 Pompeius
941 3898 1136 3961 innocentia
1150 3898 1312 3974 eximius,

273 3998 455 4059 sanctitate
475 3998 701 4078 praecipuus,
726 4001 974 4082 eloquentia
999 4002 1089 4062 med
1097 4001 1174 4064 ius.

338 4097 472 4176 Quintil.
506 4099 571 4172 XI,
602 4101 637 4172 1,
667 4099 719 4162 38.
769 4105 833 4165 Est
865 4102 958 4184 quod
983 4104 1158 4184 principes
1187 4103 1313 4176 deceat,

272 4196 351 4256 aliis
368 4217 436 4260 non
450 4199 671 4262 concesseris.
716 4205 972 4284 Imperatorum
994 4225 1034 4266 ac
1055 4203 1317 4287 triumphalium

273 4307 435 4374 separata
456 4310 507 4360 est
528 4300 645 4384 aliqua
672 4325 719 4364 ear
738 4315 839 4385 parte
862 4306 953 4368 ratio
975 4306 1204 4389 eloquentiae,
1228 4304 1317 4368 sicut
