2976 4844
236 353 275 416 71

235 514 297 576 tale
324 523 545 595 argumentum
567 513 725 576 orationis
749 535 817 576 esse
844 513 1030 594 opinemur,
1060 515 1183 586 Plinius
1207 539 1282 583 aste·

234 628 287 678 tor
310 626 359 678 est
384 614 416 677 in
446 615 504 678 lib.
527 616 589 688 31,
615 618 646 677 6.
681 619 723 678 L.
746 618 828 681 Piso
852 619 1030 699 prodidit,
1056 623 1111 684 Μ.
1135 623 1283 685 Aemilio

234 723 272 783 G.
295 719 429 800 Popilio
452 722 500 782 ΙΙ.
524 740 614 781 coss.
631 721 676 796 (a.
698 719 773 792 595)
795 741 818 780 a
838 721 1037 784 censoribus
1063 725 1102 786 P.
1121 725 1282 788 Cornelio

234 822 411 903 Scipione,
448 825 504 884 M.
529 821 676 902 Popillio
701 834 838 885 statuas
867 825 962 886 cirea
973 822 1110 914 forum
1136 848 1279 903 eorum,

232 925 291 1008 qui
317 923 562 1006 magistratum
589 931 791 1007 gesseram,
820 927 974 988 sublatas
1001 949 1118 992 omnes
1137 941 1281 1010 praeter

232 1049 309 1103 eas,
337 1049 425 1112 quae
452 1028 575 1110 populi
601 1039 664 1089 aut
688 1041 829 1090 senatus
853 1031 1024 1096 sententia
1049 1043 1200 1094 statutae
1227 1055 1280 1094 es·

232 1143 327 1202 sent;
350 1153 426 1194 earn
452 1153 542 1204 uero,
570 1151 674 1213 quam
698 1132 793 1213 opud
815 1131 935 1196 aetiam
960 1135 1112 1196 Telluris
1136 1135 1280 1196 statuis-

232 1246 282 1298 set
309 1234 374 1300 sibi
397 1237 457 1315 Sp.
478 1233 633 1306 Cassius,
656 1234 716 1318 qui
739 1254 888 1316 regnum
911 1232 1151 1322 affectaverat,
1174 1238 1279 1300 etiam

231 1337 425 1428 conflatam
444 1358 468 1398 o
488 1336 700 1398 censoribus.
753 1337 932 1402 Nimirum
959 1339 995 1400 in
1018 1360 1060 1400 ea
1085 1361 1219 1422 quoque
1242 1363 1279 1402 re

231 1440 413 1502 ambitioni
432 1440 658 1521 providebant
681 1439 732 1500 illi
755 1437 833 1502 uiri.
878 1443 1018 1504 Extant
1041 1444 1216 1506 Catonis
1236 1443 1279 1505 in

230 1564 414 1604 censura
435 1540 813 1630 vociferationes,
837 1543 1038 1604 mulieribus
1058 1546 1224 1606 Romanis
1243 1547 1279 1608 in

228 1646 417 1727 prouinciis
444 1657 580 1706 statuas
604 1643 701 1726 poni.
748 1647 821 1708 Nec
847 1658 961 1708 tamen
978 1647 1094 1729 potuit
1113 1649 1275 1724 inhibere,

232 1770 300 1831 quo
324 1748 438 1809 minus
465 1750 595 1810 Romae
617 1767 750 1829 quinque
772 1761 998 1829 ponerentur,
1023 1751 1126 1812 sicuti
1149 1755 1277 1816 Corne·

229 1852 297 1914 liae
322 1852 559 1913 Gracchorum
579 1850 696 1924 matri,
724 1871 812 1932 quae
827 1849 914 1941 fuit
935 1849 1104 1942 Africani
1129 1854 1278 1917 senioris

223 1954 324 2031 filia.
370 1954 498 2016 Sedens
520 1953 598 2013 huic
618 1953 747 2032 posita,
773 1955 944 2038 soleisque
965 1956 1040 2018 sine
1062 1969 1200 2020 amento
1224 1958 1276 2020 in-

229 2056 353 2140 signis,
382 2055 418 2117 in
442 2054 576 2118 Metelli
593 2055 733 2136 publiea
754 2057 906 2138 porticu,
935 2079 1022 2144 quae
1047 2071 1166 2120 statua
1187 2080 1277 2120 nunc

229 2172 280 2223 cst
306 2161 342 2222 in
365 2159 528 2224 Octauiae
551 2159 727 2240 operibus.
751 2198 791 2208 -
809 2193 848 2204 -·-
874 2161 927 2222 Ex
950 2165 1061 2225 eodem
1088 2159 1195 2226 Plinio
1223 2185 1277 2226 ac-

229 2262 382 2344 cepimus,
410 2261 471 2328 iam
496 2264 535 2322 ab
559 2260 785 2345 antiquissimis
809 2262 1010 2342 temporibus
1034 2266 1190 2329 honorem
1214 2277 1277 2326 sta-

228 2377 352 2428 tuarum
377 2365 499 2428 Romae
526 2363 557 2426 iu
586 2385 643 2424 usu
666 2362 779 2426 fuisse.
824 2366 912 2428 Plut.
939 2364 1024 2430 Cato
1044 2370 1096 2430 19.
1122 2365 1215 2456 Πρὸς
1238 2370 1274 2432 δὲ

228 2465 306 2545 τοὺς
327 2462 584 2550 θαυμάζοντας,
608 2457 660 2531 ὅτι
679 2468 808 2533 πολλῶν
827 2464 953 2548 libaina
971 2471 1170 2554 ανόριαντας
1187 2494 1275 2557 spou-

227 2593 291 2637 rou
302 2571 421 2646 ἐκεῖνος
443 2565 502 2634 οὐκ
518 2569 590 2656 ἔχει,
611 2571 775 2643 »Μᾶλλον
794 2567 869 2660 γὰρ,
894 2571 968 2662 ἔφη,
987 2568 1154 2658 βούλομαι
1174 2576 1275 2654 ζητεῖ-

227 2677 336 2754 σθαι,
363 2670 420 2758 beu
440 2674 470 2737 11
496 2673 574 2757 ἐμοῦ
604 2667 743 2762 ἀνδριὰς
768 2669 807 2739 ob
832 2669 980 2753 κεῖταιῆ
1007 2671 1062 2739 διὰ
1092 2677 1122 2740 τί
1150 2679 1274 2750 usitat:

228 2777 327 2842 Cous.
360 2775 484 2840 Miiller
510 2775 754 2860 Archaeologie
781 2798 815 2856 p.
839 2773 911 2838 166.
970 2775 1106 2858 Pighius
1131 2791 1154 2840 t.
1182 2781 1213 2841 2.
1237 2802 1272 2861 p.

227 2881 286 2943 311
316 2878 448 2942 scribit:
480 2879 637 2940 Latrauit
668 2881 879 2940 uehementer
903 2880 989 2941 Coto
1015 2891 1137 2941 eontra
1162 2893 1273 2944 statu·

226 3004 328 3046 arum
358 2981 497 3056 turbas,
526 2999 670 3063 eamque
693 2979 875 3060 superbam
900 2977 1122 3046 ambitionem
1149 3003 1271 3065 aeger·

227 3087 313 3150 rime
335 3085 427 3157 tulit,
450 3095 484 3150 et
505 3083 609 3150 rerba
632 3082 737 3148 Plinii
763 3079 865 3166 (quae
886 3086 984 3150 modo
1007 3083 1187 3163 attulimus)
1213 3086 1270 3148 cie·

227 3199 423 3254 monstrant
458 3190 568 3258 clare,
600 3185 704 3252 Plinii
735 3198 888 3267 tempore
911 3189 1053 3253 Catonis
1079 3190 1273 3256 orationem

226 3294 277 3358 sie
300 3291 468 3356 statuis
493 3290 584 3354 inter
609 3289 698 3354 alias
720 3288 892 3364 extitisse,
917 3290 1007 3357 sieut
1032 3291 1271 3376 1111111οεί3-

226 3396 296 3460 nis
331 3407 371 3458 et
402 3393 587 3468 tabulis,
622 3392 721 3456 euius
741 3385 895 3458 meminii
914 3397 1048 3458 Festus.
1094 3395 1270 3469 Videmus,

225 3497 405 3562 orationem
436 3497 477 3560 tie
508 3495 621 3578 signis
650 3507 685 3558 et
715 3495 844 3560 tabulis
872 3497 912 3560 ab
943 3497 1048 3566 altera
1067 3497 1115 3566 ¹de
1144 3498 1270 3564 statuis

225 3598 417 3681 distinguis
445 3597 579 3681 Pighio,
602 3597 647 3662 ita
671 3608 704 3662 ut
728 3617 876 3660 nurnsrus
902 3598 1082 3666 orationum
1104 3619 1270 3666 norman*

225 3704 446 3787 gestaris&
476 3701 623 3783 accipere
658 3701 762 3774 rnalo,
798 3699 960 3765 Catonem.
984 3700 1016 3765 iu
1049 3698 1197 3764 oratioue
1227 3701 1270 3768 de

223 3805 336 3888 signis
358 3817 392 3868 et
413 3804 541 3870 tabulis
563 3803 656 3870 stiam
681 3806 720 3868 de
742 3801 854 3868 statuis
873 3799 1088 3881 praecepisse.
1135 3802 1268 3872 Oratio.

224 3929 297 3976 uem
322 3906 461 3973 eiusdem
482 3908 552 3972 sere
575 3905 756 3989 argumenti
780 3902 881 3970 multo
904 3907 1064 3983 postM.
1085 3906 1266 3990 Agrippa,

224 4009 364 4092 Augusti
382 4009 587 4092 temporibus
612 4010 735 4080 clarus,
763 4009 802 4070 de
827 4003 944 4070 tabulis
970 4006 1133 4093 signisque
1160 4008 1268 4091 publi*

224 4113 332 4176 caudis
355 4113 476 4188 habuit,
502 4123 546 4176 ut.
561 4111 645 4176 iufra
669 4108 822 4175 disemus.

289 4217 403 4280 Festus
424 4237 457 4296 p.
478 4212 552 4280 286.
584 4211 880 4294 Redemptitaoere
901 4212 977 4279 item
1000 4228 1032 4278 ut
1050 4214 1266 4286 clamitavere,

224 4324 310 4386 Cato
331 4319 421 4384 idem
443 4318 478 4380 in
501 4338 555 4392 eo,
583 4337 654 4401 pua
678 4317 753 4398 agit
772 4317 950 4400 designas
975 4330 1008 4382 et
1033 4318 1179 4385 tubulis:
1206 4320 1267 4382 bo·
