2966 4842
379 547 405 606 1.
447 547 545 604 Oratio
565 552 665 604 eontra
686 547 719 605 C.
742 546 905 605 Cornelium
927 549 963 604 de
983 550 1144 606 maiestate.

304 665 385 724 Aeta
409 670 456 722 est
478 681 570 722 causa
600 682 630 722 a.
659 661 719 724 689
746 662 825 737 (65).

302 761 459 826 Asconius
477 762 508 825 in
533 761 758 826 Cornelianum
783 785 815 844 p.
846 765 898 829 69.
948 766 1074 830 Manio
1096 765 1227 848 Lepido
1243 768 1284 828 L.

242 865 397 930 Volcatio
426 866 639 940 consulibus,
670 887 739 949 quo
767 887 859 927 anno
883 879 1028 948 praetor
1056 868 1174 931 Cicero
1185 862 1283 956 ficit,

237 989 334 1031 ream
356 968 553 1032 Cornelium
581 968 651 1030 duo
667 960 815 1058 fratres
845 969 994 1032 Cominii
1023 972 1098 1050 lege
1125 968 1285 1034 Cornelio

237 1072 278 1132 de
301 1070 479 1134 maiestate
489 1069 674 1160 fecerunt.
721 1068 854 1134 Detulit
876 1092 999 1133 nomen
1023 1071 1180 1143 Publius,
1206 1071 1284 1132 sub-

236 1173 373 1254 scripsit
406 1173 520 1237 Caius.
560 1172 640 1235 lbid.
677 1194 710 1253 p.
745 1173 796 1234 62.
849 1176 961 1237 Extat
993 1175 1108 1236 oratio
1138 1173 1285 1236 Cominii

237 1275 462 1347 accusatoris,
488 1297 591 1358 quam
615 1297 749 1337 sumere
772 1275 807 1336 in
831 1296 953 1338 manns
976 1288 1026 1338 est
1049 1275 1189 1359 aliquod
1204 1296 1284 1357 ope·

239 1399 300 1440 rae
319 1377 483 1461 pretium,
509 1401 575 1439 non
600 1380 712 1439 solum
730 1388 876 1460 propter
898 1377 1072 1442 Ciceronis
1094 1378 1282 1452 orationes,

238 1501 322 1566 quas
334 1502 402 1564 pro
418 1479 577 1543 Cornelio
599 1480 770 1553 habemus,
795 1479 856 1543 sed
877 1480 980 1544 etiam
1000 1492 1144 1564 propter
1163 1493 1285 1543 semet·

238 1583 363 1666 ipsam.

539 1701 655 1760 xcvn.
695 1702 737 1761 Μ.
761 1702 864 1758 Coelius
886 1703 983 1771 llutus.

301 1815 401 1877 Natus
433 1825 480 1875 est
514 1835 541 1878 a.
576 1814 636 1875 672
671 1813 751 1891 (82).
785 1813 909 1876 Plinius
942 1815 1028 1878 Hist.
1062 1817 1136 1878 Nat.
1167 1818 1201 1889 7,
1229 1815 1282 1877 49.

237 1920 276 1982 C·
299 1915 422 1980 Mario
444 1919 506 1979 Cn.
531 1916 685 1980 Carbone
713 1919 780 1980 111.
805 1939 873 1980 cos.
903 1939 937 1980 a.
970 1918 1005 1980 cl.
1029 1918 1186 2000 quintum
1209 1920 1283 1982 Ka·

234 2018 463 2086 traddonius
487 2020 541 2082 Μ.
565 2017 701 2081 Coelius
724 2017 845 2106 Rufus
868 2032 900 2082 et
923 2024 960 2084 G.
986 2021 1141 2084 Licinius
1161 2023 1284 2084 Caluus

234 2122 353 2186 eadem
376 2120 430 2182 die
461 2119 569 2202 geniti
597 2132 696 2195 sunt,
727 2134 887 2184 oratores
915 2123 1051 2206 qrridem
1080 2123 1198 2196 ambo,
1224 2123 1286 2185 sed

234 2237 348 2288 tomen
371 2223 505 2306 dispari
526 2235 659 2285 euentu.
693 2223 817 2286 Deinde
844 2226 895 2288 M.
922 2223 1043 2288 Crasso
1070 2237 1101 2286 et
1123 2223 1282 2287 Cicerone

234 2327 420 2390 adolescens
442 2347 515 2387 usus
532 2337 578 2388 est
605 2324 730 2388 dicendi
759 2326 929 2411 magistris.
961 2326 1032 2391 Cic.
1057 2348 1091 2407 p.
1110 2325 1227 2390 Coelio
1250 2348 1281 2388 c.

234 2431 266 2493 t.
289 2428 498 2509 Quaesturam
520 2427 658 2491 obtinuit
682 2440 753 2491 ante
778 2451 890 2491 annum
918 2429 980 2491 698
1007 2431 1086 2506 (66),
1112 2451 1177 2513 quo
1201 2448 1283 2512 anno

234 2530 354 2596 Cicero
381 2552 451 2593 eum
470 2529 624 2592 defendit.
653 2529 816 2593 Tribunus
841 2531 944 2612 plebis
971 2553 1001 2593 a.
1033 2533 1092 2592 702
1113 2533 1190 2610 (59).
1216 2534 1282 2593 Ae·

233 2633 305 2696 dilis
322 2632 439 2696 curulis
458 2654 487 2701 a.
511 2633 571 2692 704
595 2635 675 2710 (50).
698 2634 837 2696 Praetor
860 2656 889 2696 a.
918 2635 976 2696 706
1000 2629 1087 2716 (68);
1104 2654 1169 2717 quo
1187 2654 1282 2707 anno,

232 2759 302 2799 cum
319 2758 370 2798 res
390 2756 491 2797 novas
513 2734 689 2807 moliretur,
712 2734 899 2798 interiectus
922 2747 979 2808 est,
1004 2757 1103 2799 annos
1119 2737 1160 2797 8'4
1178 2746 1279 2797 natus.

233 2837 346 2901 Livius
368 2836 459 2918 Epit.
477 2834 569 2904 CXI.
597 2835 695 2900 Conl.
722 2837 885 2900 Drumann
915 2849 936 2906 t.
960 2838 990 2900 7.
1005 2860 1038 2920 p.
1058 2839 1131 2901 1211.
1153 2837 1281 2900 Ellendt

232 2965 263 3023 p.
288 2940 364 3006 CX.

299 3043 419 3108 Cicero
437 3043 539 3106 Bruto
562 3066 591 3105 c.
623 3044 675 3108 79.
720 3047 795 3110 Nec
818 3047 873 3107 M.
891 3045 1043 3107 Coelium
1058 3057 1280 3125 praetereun-

232 3146 315 3207 dum
337 3145 510 3220 arbitror,
535 3168 755 3230 quaecunque
784 3147 857 3208 eius
880 3146 915 3207 in
938 3147 1038 3208 exitu
1061 3149 1111 3208 uel
1120 3144 1284 3235 fortuna

232 3249 284 3310 vel
298 3243 503 3334 mensfuit,
528 3249 602 3331 qui,
628 3249 793 3330 quamdiu
814 3247 1017 3308 auctoritati
1039 3268 1133 3308 meae
1146 3247 1280 3328 paruit,

232 3347 313 3411 talis
343 3347 502 3410 tribunus
534 3349 641 3429 plebis
659 3347 763 3437 fuit,
800 3359 837 3408 ut
870 3367 968 3407 nemo
1002 3359 1124 3408 contra
1157 3347 1283 3410 ciuium

228 3449 445 3534 perditorum
473 3451 677 3530 popularem
707 3447 1003 3527 turbulentamque
1030 3448 1236 3508 dementiam
1257 3471 1282 3510 a

231 3563 355 3614 senatu
369 3564 401 3613 et
417 3572 439 3612 a
457 3551 624 3612 bonorum
646 3569 755 3611 causa
775 3548 908 3611 steterit
929 3549 1161 3610 constantius:
1176 3569 1281 3632 quam

231 3652 306 3718 eius
320 3653 490 3716 actionem
512 3653 657 3713 multum
680 3663 794 3712 tamen
821 3663 854 3714 et
880 3651 1059 3731 splendida
1080 3663 1113 3714 et
1135 3652 1281 3734 grandis

231 3769 263 3820 et
286 3755 403 3819 eadem
426 3752 585 3836 inprimis
601 3751 734 3841 faceta
756 3767 790 3816 et
809 3756 1005 3835 perurbana
1022 3755 1282 3816 commendabat

230 3859 357 3924 oratio.
402 3859 532 3921 Graues
555 3855 629 3918 eius
655 3856 833 3920 concion-es
858 3858 988 3940 aliquot
992 3855 1163 3946 fuerunt,
1182 3877 1281 3918 acres

230 3959 466 4025 accusationes
495 3969 566 4020 tres
596 3981 720 4043 eaeque
749 3979 868 4021 omnes
896 3981 943 4020 ex
973 3958 1178 4040 reipublicae
1200 3978 1280 4020 con-

231 4064 381 4126 tentione
403 4051 599 4141 suscentae3
623 4060 862 4144 defensiones,
888 4061 953 4124 etsi
975 4061 1037 4122 illa
1058 4073 1158 4124 erant
1181 4061 1216 4122 in
1239 4082 1280 4123 eo

233 4165 377 4228 meliora
398 4186 485 4248 quae
507 4164 596 4238 dixi,
623 4184 691 4225 non
713 4163 978 4225 contemnendae
1000 4175 1114 4226 tamen
1131 4183 1278 4245 saneque

231 4265 435 4327 tolerabiles.
500 4267 564 4327 Hic
605 4287 681 4326 cum
726 4285 863 4356 summa
902 4268 1073 4328 uoluntate
1107 4266 1274 4327 horrorum
