2976 4844
1164 376 1218 438 151

207 523 285 597 πρὸς
303 521 333 574 δὲ
354 519 520 596 δήμαρχον]
564 525 664 588 Pighius
692 530 715 576 iu
743 533 877 580 Annalibus
899 537 929 580 Τ.
953 535 977 584 2.
1001 551 1026 593 p.
1053 533 1102 582 438
1120 544 1145 584 st
1169 536 1217 586 499

242 616 302 660 hanc
324 629 421 660 causam
442 615 471 658 1..
492 615 586 661 Licinio
605 617 705 663 Lucullo
730 626 754 664 et
774 627 801 666 Α.
822 624 947 668 Postumio
967 625 1055 670 Albino
1079 627 1218 672 oonsulibus

240 718 302 747 anno
324 697 372 747 501
395 699 468 757 (151)
493 709 571 748 actam
595 706 715 760 opinatur.
762 710 875 769 Legimus
898 714 961 757 enim
983 715 1006 756 in
1028 715 1131 768 epitome
1153 713 1217 758 List-

243 793 281 836 501
304 792 359 836 libri
381 789 431 836 18:
455 789 484 836 L.
501 791 555 840 Lis.
575 791 696 839 Lucullus
715 802 738 839 et
754 795 783 842 A.
801 772 945 844 Postumius
964 814 1031 848 ress.
1056 815 1112 844 curn
1131 801 1218 846 deles.

241 887 294 925 tam
315 895 399 925 serere
421 886 541 940 agerent,
565 896 611 926 nee
632 898 778 944 passuquam
799 888 888 946 gratia
906 887 1074 941 disnitterent,
1098 904 1114 932 α
1134 889 1218 934 tribu.

241 970 282 1014 ns's
300 970 395 1026 plebis,
418 970 461 1028 qus'
476 983 527 1026 pre
547 971 639 1014 amicis
657 973 713 1016 suis
731 975 886 1019 rurationem
907 975 1043 1034 impetrare
1061 989 1110 1020 nors
1126 982 1218 1036 potue-

240 1063 307 1112 rant,
334 1058 361 1102 in
381 1071 511 1102 carcerem
535 1057 652 1104 conducti
675 1066 743 1110 sunt.
780 1062 872 1106 Eorum
895 1077 954 1108 uiuus
976 1069 1040 1119 tune,
1060 1066 1142 1110 adiicit
1160 1065 1218 1124 Pig-

241 1146 313 1201 hius,
341 1149 419 1204 tsgem
442 1149 610 1206 promulgasse
631 1150 736 1207 iniquam
759 1152 869 1205 videtur,
892 1151 932 1208 qui
953 1166 1008 1196 sum
1030 1151 1137 1198 venetis-ii
1159 1153 1220 1198 ints·

242 1235 289 1278 mie
309 1240 434 1290 suspectus
457 1241 529 1296 esset,
549 1251 563 1279 s
585 1238 620 1281 Μ.
638 1237 730 1282 Catone
749 1239 861 1282 sensorio
880 1240 1019 1284 dissuasuro
1037 1243 1113 1299 legem
1131 1254 1217 1296 aspero

241 1324 382 1382 suggillatus
402 1324 455 1372 tuit.
487 1349 517 1358 —
549 1325 666 1381 Equidem
694 1327 775 1370 nescio
800 1341 828 1370 en
851 1326 895 1370 hoe
923 1327 1082 1386 fragmentum
1112 1329 1216 1372 orationi

240 1411 269 1456 sc·
290 1425 317 1454 ss
339 1407 436 1456 Coelius
458 1411 517 1456 trib.
534 1413 573 1470 pt.
594 1411 774 1472 appellavisset
796 1417 831 1458 set
853 1415 884 1466 ei,
911 1429 956 1472 quo
980 1417 1056 1470 (teste
1075 1413 1216 1472 Frontone)

241 1500 336 1544 tribuno
359 1501 434 1554 plebis
455 1502 518 1544 diem
543 1501 610 1560 dixit,
635 1502 802 1547 vindicandum
824 1503 866 1546 sit.

170 1731 235 1788 Vll.
272 1731 331 1788 ru.
353 1731 529 1804 Sempronius
548 1729 704 1801 Gracchus,
729 1739 810 1810 pater
829 1733 887 1791 ru.
906 1741 931 1792 ct
949 1733 999 1793 tut
1019 1733 1215 1793 Gracchorum.

236 1865 337 1926 Natus
363 1884 446 1927 anno
470 1862 602 1927 circiter
626 1865 688 1928 534
709 1861 812 1948 (790).

138 1987 140 1993 ’
236 1966 399 2028 Tribunus
431 1966 535 2047 plebis
568 1988 599 2029 a.
629 1989 661 2029 u.
695 1967 754 2030 557
778 1969 888 2048 (187)ε
928 1966 987 2033 1110
1018 1968 1099 2034 enim
1132 1991 1214 2034 anno

170 2070 213 2132 P.
235 2066 419 2149 Scipionem
447 2069 635 2132 Africanum
666 2069 841 2146 maiorem,
880 2071 936 2155 qui
969 2093 1092 2135 eausam
1122 2072 1215 2134 Lucii

169 2170 279 2234 fratris
322 2173 441 2234 acriter
478 2183 590 2234 eontra
631 2171 780 2235 tribunos
832 2174 1034 2248 defenderat,
1077 2174 1216 2249 adiuvit,

172 2275 260 2337 cuius
286 2273 334 2336 rei
357 2273 459 2357 gratia
482 2273 656 2336 Africanus
685 2274 780 2336 filiam
808 2297 893 2338 suam
921 2275 1097 2354 minorem,
1128 2274 1214 2341 Cor·

170 2377 296 2452 aeliam,
323 2377 352 2440 ei
377 2377 558 2458 despondit.
604 2377 718 2440 Livius
741 2377 764 2439 l.
788 2377 840 2453 38,
865 2381 918 2441 57.

174 2535 176 2542 .
235 2482 424 2544 Praetura.
446 2483 507 2542 574
527 2481 636 2560 (180);
665 2480 839 2562 triumphat
863 2491 1060 2562 propraetor
1079 2483 1118 2543 de
1139 2479 1235 2545 ceu·

169 2582 281 2648 tiberis
303 2605 333 2647 5.
358 2582 417 2646 575
442 2583 545 2662 (178).
591 2581 705 2644 Livius
727 2582 750 2646 l.
778 2582 838 2656 40,
861 2582 915 2645 35.
938 2583 991 2644 44.
1016 2583 1069 2646 47.
1108 2583 1131 2644 l.
1157 2583 1214 2658 41,

236 2789 494 2852 (1000015577
524 2789 634 2868 (177);
670 2786 843 2868 triumphat
875 2789 913 2849 de
948 2785 1058 2849 Sardis
1088 2807 1119 2850 a.
1153 2787 1215 2850 578

168 2893 271 2973 (175).
325 2891 404 2954 Liv.
432 2891 454 2955 1.
479 2892 529 2966 41,
555 2891 589 2955 8.
619 2892 670 2955 tt.
695 2893 747 2954 17.
771 2889 824 2952 98.
879 2891 992 2952 Festus
1014 2911 1049 2972 p.
1072 2889 1134 2952 322
1159 2893 1213 2954 ed.

170 2995 306 3059 Miiller.
697 3019 703 3029 ·

235 3097 360 3161 Censor
372 3131 374 3136 ·
387 3119 417 3161 5.
441 3097 501 3160 585
529 3097 630 3174 (159).

235 3198 360 3263 Consul
385 3198 498 3262 iterum
526 3221 556 3262 5.
584 3200 642 3263 591
667 3197 769 3278 (153).

234 3300 356 3366 Cicero
382 3301 413 3363 in
438 3303 541 3364 Bruto
564 3303 623 3378 20,
650 3301 703 3364 79.
758 3304 847 3366 Erat
877 3299 1000 3362 iisdem
1031 3299 1122 3376 (cuin
1150 3299 1214 3366 Ca·

170 3403 265 3488 tone)
293 3405 505 3487 temporibus
532 3404 589 3466 Ti.
611 3407 788 3468 Gracchus
814 3407 853 3467 P.
864 3400 924 3491 f„
946 3401 1007 3486 qui
1025 3403 1076 3464 bis
1094 3405 1216 3468 consul

170 3520 203 3570 et
231 3529 353 3570 censor
370 3505 604 3596 fuit,··ouius
631 3519 682 3570 est
708 3507 823 3570 oratio
849 3525 977 3586 graeca
1004 3505 1099 3585 apud
1121 3508 1215 3569 Rao-

171 3610 266 3685 dios,
301 3632 402 3693 quem
435 3610 541 3672 ciuem
571 3632 649 3672 eum
678 3629 821 3692 grauem
851 3619 928 3691 tum
962 3606 1094 3668 etiam
1123 3609 1214 3670 elo·

171 3725 367 3796 quantem
395 3724 529 3776 constat
542 3711 681 3802 fuisse.

235 3813 308 3878 Cic.
334 3817 372 3877 de
396 3816 491 3878 Orat.
515 3816 543 3890 1,
563 3815 594 3877 9.
639 3817 720 3896 Ego
743 3835 823 3876 uero
846 3812 877 3875 si
901 3811 999 3874 velim
1020 3822 1054 3873 et
1074 3822 1214 3874 nostrae

171 3917 319 3980 civitatis
355 3918 525 4000 exemplis
558 3917 610 3980 uti
646 3929 679 3980 et
708 3917 878 3992 aliarum,
913 3917 1019 3997 plura
1045 3910 1213 4001 proferre

167 4021 302 4104 possim
332 4020 540 4082 detrimenta
570 4019 716 4102 pstblieis
752 4019 853 4081 rebus
882 4036 986 4098 quam
1014 4013 1215 4075 adiumenta

168 4143 232 4206 per
255 4122 411 4185 homines
430 4123 726 4206 eloquentissimas
751 4120 962 4201 importata,
989 4113 1050 4175 ted
1072 4125 1111 4174 ut
1135 4113 1214 4178 reli·

170 4247 240 4308 qua
265 4225 567 4306 praetermittam,
600 4222 754 4287 omninum
780 4219 864 4283 mihi
892 4215 1010 4280 aisieor
1035 4216 1211 4296 exeeptis,

172 4330 318 4403 Crasse,
349 4327 443 4391 vobis
463 4326 596 4391 duobus
619 4320 915 4408 eloquentissimas
944 4314 1084 4378 audisse
1108 4319 1166 4384 Τι’.
1182 4329 1216 4382 et
1282 4414 1284 4419 .
