2958 4840
241 357 302 422 588

442 516 471 574 d·
494 515 594 572 Oratio
614 515 753 573 adversus
773 516 899 574 Pretium
919 515 1098 573 Atriesnnm.

307 647 391 709 Acta
417 656 465 709 est
486 667 578 708 causa
605 669 633 708 a.
660 645 721 710 823
741 645 820 730 (to).
871 647 976 711 Tacit.
1003 648 1088 714 Hist.
1117 649 1147 722 t,
1176 649 1228 711 tt.

583 785 612 842 t.
635 786 735 843 Oratio
754 803 807 858 pro
827 787 955 860 Spatale.

308 921 539 1002 Argumentum
561 918 624 980 tale
647 930 702 984 est.
738 918 897 996 Maritus,
924 917 980 1003 qui
1008 921 1047 982 18
1074 939 1174 982 annos
1204 929 1294 982 uatus

244 1020 393 1094 decessit,
417 1020 513 1083 uxori
527 1019 691 1095 decimant,
716 1020 879 1083 meretrici
903 1043 981 1085 vero
1004 1033 1148 1102 quartam
1172 1031 1294 1102 partem

245 1121 432 1187 hereditatis
454 1121 585 1205 legavit.
625 1125 720 1188 Uxor
744 1122 819 1186 item
849 1123 1010 1188 rueretrici
1034 1123 1179 1188 intendit.
1212 1125 1296 1184 Tra·

249 1227 361 1290 chalus
376 1231 424 1302 (v.
442 1249 475 1308 p.
493 1228 584 1304 592.)
595 1246 656 1307 pro
677 1247 780 1290 uxore
801 1238 913 1292 contra
929 1227 1080 1310 Spatalen
1098 1225 1295 1289 rueretricem

246 1328 340 1392 dixit.
358 1327 457 1392 Cotti.
476 1327 609 1407 Quintil.
633 1329 665 1403 8,
690 1331 720 1402 5,
746 1330 798 1392 19.

308 1431 444 1512 Quintil.
468 1432 498 1504 8,
525 1434 555 1504 5,
584 1435 634 1497 17.
680 1432 867 1495 Aliunde
893 1431 1054 1514 petita,
1087 1431 1125 1494 id
1159 1444 1229 1504 est,
1260 1431 1297 1493 in

244 1534 352 1598 olium
384 1537 496 1596 loctrrn
534 1557 580 1596 ex
608 1535 679 1596 olio
710 1536 898 1606 translata,
935 1547 973 1596 ut
1003 1557 1084 1616 pro
1119 1537 1296 1616 Spatale

243 1637 399 1720 Crispus,
419 1659 522 1721 quam
544 1637 603 1722 qui
623 1638 781 1699 heredem
803 1650 940 1700 amator
955 1637 1164 1708 instituerat,
1180 1636 1293 1698 deces-

243 1739 299 1814 sit,
322 1760 400 1802 cum
424 1740 562 1802 liaberet
584 1761 695 1801 annos
720 1739 977 1821 duodeuiginti:
993 1742 1024 1804 0
1045 1739 1218 1804 hominem
1241 1739 1293 1800 di-

246 1841 362 1904 vinum
384 1841 445 1924 qui
465 1841 530 1904 sibi
553 1841 716 1903 indulsit!

281 2018 356 2064 quom
375 2002 428 2064 qui]
465 2007 482 2053 i.
502 2020 525 2049 e.
546 2019 616 2062 quern
635 2005 747 2050 heredem
766 2007 903 2051 instituerat
920 2013 1022 2061 ametor,
1043 2008 1082 2064 qul
1102 2009 1222 2064 decessit,
1242 2020 1296 2049 curn

316 2090 416 2138 heberet
433 2107 507 2137 annos
527 2093 621 2138 xvttt.

277 2195 292 2226 o
310 2178 444 2239 dominam]
480 2195 494 2225 a
514 2179 634 2228 hominem
653 2185 728 2227 mirae
748 2183 870 2243 bonitatis,
888 2184 928 2240 qul
948 2187 997 2230 turn
1016 2187 1107 2227 mature
1127 2183 1247 2235 decessit,
1271 2185 1297 2224 nt

316 2271 393 2314 eruica
411 2285 453 2316 sue
473 2271 603 2315 hereditate
618 2285 687 2328 quem
705 2273 839 2316 diutissime
858 2272 990 2316 lineretur.

706 2410 831 2467 Incerta.

204 2547 212 2563 '
310 2536 446 2620 Quintil.
468 2541 505 2616 5,
531 2541 585 2614 18,
610 2541 663 2602 18.
692 2553 729 2602 at
757 2539 899 2623 quidam
925 2539 1198 2602 contradictione
1224 2558 1295 2600 non

247 2643 408 2719 contenti,
426 2654 519 2707 totos
534 2644 638 2706 etiam
653 2644 747 2706 locos
762 2642 949 2724 explicant,
961 2642 1049 2704 scire
1059 2663 1094 2704 ee
1104 2644 1168 2704 hoe
1184 2640 1297 2702 dictu·

246 2768 305 2810 ros
326 2745 546 2808 aduersarios
576 2757 609 2808 et
638 2746 688 2808 ita
714 2757 971 2826 persecuturos.
1029 2744 1132 2826 Quod
1144 2739 1296 2832 factum

245 2859 383 2912 venuste
406 2848 536 2910 nostris
564 2847 775 2930 temporibus
801 2847 901 2909 elusit
927 2846 1047 2912 Vibius
1069 2846 1214 2930 Crispus
1243 2845 1298 2907 uir

245 2949 376 3035 ingenii
404 2949 544 3012 iucundi
570 2962 603 3012 et
632 2950 819 3032 elegantis:
841 2951 919 3031 Ego
943 2971 1040 3022 uero,
1068 2948 1197 3032 inquit,
1224 2948 1297 3011 ista

246 3073 315 3117 non
336 3052 432 3116 dicos
459 3052 543 3136 quid
559 3052 650 3115 enim
671 3053 794 3114 attinet
814 3052 864 3114 lris
887 3051 947 3112 illa
969 3049 1067 3112 dicit

311 3155 447 3236 Quintil.
472 3156 557 3230 8,5,
583 3157 635 3218 15.
680 3159 756 3220 Iam
778 3157 859 3215 lraec
889 3153 1002 3236 magis
1039 3173 1127 3214 noua
1159 3162 1296 3213 senten·

244 3258 374 3321 tiorum
395 3278 537 3339 genera.
583 3261 643 3320 Ex
665 3257 861 3338 inopinato:
884 3267 922 3316 ut
948 3255 1040 3316 dixit
1066 3254 1187 3320 Vibius
1199 3252 1295 3317 Gris-

244 3379 311 3441 pus
333 3357 367 3420 in
390 3379 485 3431 eum,
511 3357 589 3440 qui,
613 3379 690 3418 cum
712 3357 879 3418 loricatus
900 3357 935 3418 in
958 3353 1057 3446 foro
1090 3357 1294 3430 ambularet,

242 3460 498 3543 praetendebat,
523 3459 561 3521 id
581 3480 616 3522 se
640 3471 732 3521 metu
742 3456 894 3548 facere,
919 3459 1016 3542 puis
1039 3457 1119 3521 tibi
1149 3458 1211 3521 sic
1245 3456 1297 3519 ti·

247 3585 359 3627 mere
379 3561 607 3654 permisit?

410 3737 567 3794 CXXXIV.
588 3737 661 3795 Nero
682 3737 812 3795 aaudiat
830 3738 938 3796 Drusus
957 3742 1119 3810 imperator.

310 3897 412 3960 Natus
435 3909 482 3958 est
507 3918 537 3958 a.
561 3897 620 3960 791
649 3897 728 3980 (38).
777 3897 909 3960 Sueton.
936 3900 1025 3962 Nero
1054 3921 1085 3962 c.
1107 3901 1138 3962 5.
1168 3897 1296 3962 Eckhel

231 3997 402 4070 ¹Doctrina
422 4001 561 4062 Numer.
583 4010 608 4061 t.
628 3999 657 4067 5.
681 4021 714 4079 p.
745 3999 820 4063 250.
871 4000 1041 4082 Imperium
1071 3999 1129 4064 init
1154 3999 1295 4064 Claudio

244 4113 371 4164 mortuo
398 4123 428 4163 a.
458 4103 517 4164 807
543 4102 625 4182 (st).
672 4103 825 4166 Mortuus
855 4114 903 4166 est
924 4125 954 4166 a.
985 4103 1045 4166 stt
1077 4105 1159 4184 (51),
1187 4103 1295 4166 XXX

246 4221 346 4266 annos
369 4213 473 4266 natus.

305 4319 436 4386 Sueten.
465 4326 555 4389 Nero
580 4347 609 4388 c.
641 4327 693 4390 st.
748 4327 922 4390 Liberoles
956 4326 1159 4409 disciplinas
1179 4345 1298 4388 omnes
