2970 4836
264 485 427 559 extincta
441 491 509 557 est.
538 479 752 558 Ceterorum
767 494 885 560 autem
899 493 1091 578 oratorum,
1111 489 1168 586 qui
1182 495 1314 588 postea

265 605 454 694 vixerunt,
493 626 572 678 oum
599 606 633 676 in
661 607 843 704 imperium
870 593 974 680 unius
1002 585 1206 682 transiisset
1230 632 1311 682 res·

263 720 429 821 publiea,
468 732 608 797 aetates
652 724 861 823 plerumque
894 728 1067 801 incertae.
1103 738 1186 800 sunt
1219 731 1312 801 enim

262 841 374 934 multi,
395 842 443 915 de
456 843 583 940 quibus
603 843 691 918 nihil
709 844 897 942 quidquam
913 852 1066 941 constat,
1085 870 1155 922 neo
1168 848 1311 944 quando

262 964 334 1034 sint
361 964 435 1035 nati
462 963 655 1058 quandove
695 965 845 1054 mortui,
885 963 1033 1037 relatum
1070 973 1138 1038 est.
1191 966 1310 1041 Porro

262 1101 408 1182 operam
435 1081 541 1173 dedi,
569 1091 608 1154 ut
634 1105 819 1156 causarum
848 1083 893 1155 ab
921 1085 1124 1159 oratoribus
1151 1093 1308 1160 actarum

266 1211 478 1298 argumenta
505 1201 716 1300 diligentius
744 1202 1023 1303 explorarentur
1049 1213 1087 1278 et
1105 1227 1156 1280 ex
1173 1227 1309 1280 memo-

260 1324 316 1394 ria
334 1331 585 1422 repeterentur
603 1331 766 1397 veterum
785 1334 992 1424 temporum.
1021 1325 1100 1416 Qua
1118 1347 1158 1398 re
1176 1325 1309 1400 laetum

266 1451 336 1532 est,
365 1452 404 1516 ut
430 1442 524 1517 haee
552 1443 665 1517 editio
692 1443 835 1516 multum
855 1448 1015 1544 apriore
1033 1445 1309 1536 discedendum

261 1561 429 1659 singulae
457 1585 592 1637 causae
629 1572 814 1660 (qnantum
851 1565 929 1637 lieri
968 1570 1109 1664 potest)
1148 1566 1309 1640 breviter

260 1685 332 1754 rint
358 1692 558 1757 enarratae.
586 1693 746 1782 optoque
772 1684 1021 1776 vehementer,
1051 1693 1088 1756 ut
1122 1694 1159 1758 et
1195 1688 1307 1758 maior

263 1811 300 1876 et
327 1803 455 1877 melior
482 1804 694 1902 eruditeque
722 1805 811 1878 orbe
838 1803 985 1902 dignior
1010 1804 1104 1878 liber
1133 1808 1306 1880 evaserit.

258 1921 432 1998 Ceterum
459 1926 491 1998 si
518 1924 612 2000 liaeo
639 1925 752 2002 editio
789 1924 870 1998 aliis
904 1949 1046 2023 quoque
1079 1924 1305 2000 emendatior

258 2053 364 2140 etque
393 2049 533 2118 auctior
560 2067 646 2119 esse
673 2045 876 2138 videbitur,
913 2045 949 2118 id
976 2068 1047 2118 non
1073 2043 1159 2116 mihi
1185 2044 1303 2119 solnm

263 2168 534 2260 arrogaverim:
562 2189 641 2237 nam
656 2152 754 2238 multi
777 2169 835 2262 qui
857 2189 972 2264 nuper
989 2164 1201 2265 prodierunt
1224 2165 1308 2239 libri

268 2283 450 2382 plurimam
479 2285 633 2359 attulere
660 2286 869 2376 utilitatem,
911 2308 1058 2382 quorum
1084 2286 1307 2384 potissimum

266 2400 396 2477 Orellii
413 2402 688 2504 (lironvastioon2
718 2407 909 2478 Drurnanni
937 2409 1032 2479 vitas
1047 2405 1301 2496 Romanorum,

259 2521 483 2598 Weiehertii
518 2525 694 2624 opuscula
728 2535 833 2623 atque
868 2523 1207 2616 Westermannum‚
1245 2527 1305 2621 qui

255 2643 305 2716 de
327 2645 530 2716 oratoribus
548 2645 668 2718 latinis
688 2649 854 2745 scripsit,
883 2649 1039 2720 nomino.
1067 2667 1137 2719 neo
1154 2645 1303 2716 silentio

252 2763 537 2861 praetereundus
580 2764 793 2839 Friderious
830 2765 1044 2854 Diibnerus‚
1089 2766 1172 2860 qui,
1219 2786 1303 2836 curn

257 2881 381 2954 librum
409 2906 523 2957 meum
550 2889 624 2966 (me
651 2885 790 2983 inscio)
819 2909 851 2957 a.
878 2883 979 2959 183⁷
1006 2883 1158 2958 Parisiis
1192 2904 1304 2982 repe-

259 3010 364 3095 teret,
393 3027 509 3102 panea
534 3004 709 3102 quaedam
737 3005 883 3080 adieoit.
