2992 4840
611 513 716 573 XXIV.
752 513 793 575 51.
816 514 935 587 Seruius.

317 667 370 730 M.
396 665 528 750 Sergius
554 665 637 730 Silus
663 665 749 730 55115
775 664 901 730 Punico
932 666 1072 728 seeundo
1102 661 1295 732 fortitudine

253 781 285 836 et
307 769 423 832 virtute
450 767 565 832 bellica
585 780 754 852 tantopere
779 765 949 844 excelluit,
982 776 1015 828 ut
1041 775 1143 828 statua
1170 781 1295 852 equest-

252 874 297 938 ris
327 869 462 936 honoris
490 893 583 934 causa
616 870 744 954 publice
770 879 975 942 statueretur,
1007 867 1095 932 ouius
1127 868 1295 955 imaginem

254 973 288 1038 iu
304 971 441 1036 denariis
463 974 614 1036 hebernus
637 971 740 1056 gentis
755 971 902 1055 Sergiae.
932 969 1012 1034 vid.
1034 971 1159 1034 Eekhel
1177 973 1295 1036 Doctr.

251 1076 351 1140 Num.
377 1086 401 1138 t.
426 1076 458 1138 5.
481 1097 514 1157 p.
539 1076 613 1138 305.
645 1073 795 1138 Eiusdem
814 1074 851 1136 fit
874 1071 992 1137 mentio
1020 1075 1103 1156 apud
1120 1072 1296 1153 Polybium

251 1175 310 1240 lib.
328 1178 387 1252 31,
410 1177 446 1252 9,
473 1178 505 1240 5.
552 1178 741 1239 Praeturam
765 1173 903 1238 obtinuit
925 1195 954 1237 a.
977 1196 1009 1237 5.
1031 1176 1090 1238 557
1109 1174 1213 1254 (197),
1235 1175 1295 1238 Li·

251 1277 307 1342 vio
327 1289 405 1342 teste
420 1277 479 1342 lib.
501 1279 557 1353 33,
574 1279 627 1342 tt.
656 1274 794 1362 Pighius
810 1275 843 1339 in
858 1277 978 1338 Aoual.
997 1279 1036 1340 ad
1051 1297 1081 1339 a.
1098 1277 1158 1340 555
1174 1300 1207 1360 p.
1220 1277 1293 1341 253.

434 1529 461 1585 1.
492 1527 592 1586 Oratio
614 1544 666 1598 pro
685 1543 735 1597 se,
757 1544 822 1585 sum
844 1529 936 1586 saeris
958 1533 1113 1586 arceretur.

315 1679 395 1740 Eam
423 1674 456 1738 io
484 1687 634 1759 praetura
668 1675 778 1738 habuit
809 1699 838 1740 a.
863 1679 923 1741 557
956 1677 1066 1755 (197),
1096 1698 1166 1739 curu
1193 1675 1294 1738 sacris

254 1788 419 1843 arceretur
445 1801 462 1840 a
485 1777 618 1861 collegis
641 1787 675 1840 ut
695 1777 820 1842 debilis.

316 1917 441 1984 Plinius
464 1916 551 1980 Hist.
579 1920 606 1992 7,
630 1918 683 1979 28.
729 1921 785 1982 M.
812 1919 955 2002 Sergio,
980 1933 1017 1983 ιιι
1042 1919 1179 2002 quidem
1203 1919 1295 1982 arbi·

250 2034 344 2097 tror,
366 2041 465 2084 nemo
480 2039 673 2102 quenquam
691 2021 961 2084 hominumiras
975 2020 1199 2103 praetulerit,
1217 2021 1295 2082 lieet

248 2143 421 2207 pronepos
441 2120 593 2186 Catilina
614 2122 768 2203 gratiam
790 2123 920 2186 nomini
944 2123 1101 2206 deroget.
1137 2122 1294 2186 Secundo

251 2224 422 2308 stipendio
448 2223 611 2284 dextram
634 2243 774 2286 manum
796 2225 968 2308 perdidit,
1000 2225 1183 2308 stipendiis
1209 2225 1295 2286 duo-

251 2328 314 2390 bus
336 2339 390 2389 ter
414 2336 447 2387 et
467 2323 567 2385 uicies
590 2328 789 2389 uulneratus
810 2338 879 2402 est,
902 2329 946 2391 ob
970 2328 1007 2389 id
1029 2340 1154 2389 neutra
1176 2348 1291 2400 mana,

249 2433 375 2492 neutro
391 2427 478 2511 petie
494 2427 584 2490 satis
608 2428 724 2503 utilis,
750 2448 819 2492 uno
839 2440 974 2491 tantum
992 2451 1110 2504 seruo,
1133 2430 1294 2511 plurimis

244 2543 370 2616 postea
398 2529 580 2614 stipendiis
614 2530 733 2592 debitis
767 2531 876 2593 miles.
933 2531 993 2594 Bis
1028 2533 1071 2593 ab
1103 2532 1295 2595 Hannibale

249 2647 372 2718 captus
395 2633 518 2716 (neque
544 2632 634 2695 enim
656 2655 734 2694 cum
749 2634 899 2718 quolibet
925 2635 1022 2697 hoste
1046 2631 1219 2724 resfuit),
1244 2633 1295 2696 bis

249 2737 464 2800 vinculorum
484 2735 558 2798 eius
580 2733 782 2823 profugus,
814 2739 888 2800 XX
906 2738 1079 2800 mensibus
1103 2739 1198 2798 nullo
1224 2757 1294 2799 non

250 2837 306 2900 die
330 2839 366 2900 in
398 2837 528 2898 amenis
558 2849 619 2897 aut
651 2839 871 2919 compedibtts
890 2841 1095 2902 custoditus.
1140 2838 1293 2900 Sinistra

250 2960 355 3003 manu
380 2941 456 3001 sola
481 2949 603 3021 quater·
625 2940 813 3022 pugnauit,
846 2941 979 3004 duobus
1004 2940 1099 3023 equis
1126 2939 1293 3001 insidente

249 3063 290 3104 eo
321 3039 494 3128 suffossis.
546 3044 721 3104 Dextram
752 3042 818 3105 sibi
836 3041 1006 3133 ferream
1028 3040 1150 3132 feeit,
1186 3061 1294 3124 eaque

249 3143 399 3226 religata
413 3143 607 3224 proeliatus
627 3147 831 3209 Cremonam
852 3144 1027 3208 obsidione
1045 3143 1194 3218 exemit,
1216 3146 1292 3208 Pla-

250 3245 397 3308 centiam
418 3255 549 3306 tutatus
577 3255 645 3321 est,
671 3245 831 3308 duodena
852 3259 970 3309 castra
990 3245 1141 3310 hostium
1160 3245 1196 3307 in
1212 3247 1293 3309 Gal·

250 3348 298 3410 tia
322 3348 431 3429 cepit,
467 3369 553 3430 quae
587 3347 705 3409 omnia
735 3367 789 3410 ex
812 3349 1015 3413 oratione
1045 3349 1139 3412 eius
1168 3369 1293 3431 appa·

249 3463 342 3513 rent
364 3451 526 3526 habita,
551 3471 641 3512 cam
664 3450 703 3512 in
722 3462 943 3534 praetura
965 3451 1106 3514 saeris
1128 3471 1292 3514 arsere-

249 3565 319 3615 tur
340 3574 363 3614 a
384 3554 571 3635 collegis
593 3565 639 3614 ut
661 3553 831 3616 debilis.

285 3730 333 3760 uno
353 3721 452 3760 tantum
474 3714 567 3775 servo]
604 3717 780 3762 anser-vatus?
816 3717 1292 3770 8515551551515151551.8555515111

319 3810 337 3849 1.
357 3801 381 3849 3·
402 3818 425 3860 p.
446 3798 493 3848 306
520 3805 554 3848 sic
577 3801 694 3860 explicat:
723 3806 819 3859 „Servo
843 3806 953 3851 bedentet
981 3805 1033 3850 hier
1057 3806 1093 3850 als
1116 3805 1293 3849 Substantivum

318 3907 364 3938 von
387 3905 485 3946 servus,
515 3895 594 3936 salvus
619 3894 686 3938 einen
711 3893 839 3948 Soldaten,
868 3896 911 3939 der
930 3895 992 3939 noch
1015 3897 1059 3938 deu
1082 3893 1212 3940 Gebrauch
1233 3894 1293 3936 atter

318 3983 399 4027 seiner
421 3979 521 4026 Gtieder
539 3979 598 4034 hat,
627 3981 659 4024 im
682 3979 817 4037 Gegensatn
836 3993 881 4024 ton
902 3980 998 4034 debito,
1019 3993 1068 4024 nas
1089 3981 1125 4024 als
1144 3979 1292 4025 Nebeutorm

317 4084 362 4115 rou
382 4067 474 4114 aetate
497 4067 588 4112 Nonius
607 4081 632 4122 p.
648 4064 679 4114 95
702 4080 744 4112 aus
765 4067 857 4114 Ennius
875 4065 999 4116 aufiihrt.“

281 4197 366 4240 sacris
384 4191 525 4251 arceretur]
562 4193 716 4250 magistratus
733 4197 825 4239 romani
844 4197 924 4239 multis
943 4197 1019 4239 saeris
1039 4197 1157 4238 interesse
1171 4195 1291 4247 solebant,

318 4285 381 4327 vetut
397 4281 458 4326 tutu
479 4281 650 4334 Circensibus,
672 4281 899 4337 suppurationibus,
923 4280 1086 4326 lectisterniis.
1118 4281 1173 4324 vid.
1186 4281 1292 4336 Hartung
