<?xml version="1.0" encoding="UTF-8"?>
<!DOCTYPE html PUBLIC "-//W3C//DTD XHTML 1.0 Transitional//EN"
    "http://www.w3.org/TR/xhtml1/DTD/xhtml1-transitional.dtd">
<html xmlns="http://www.w3.org/1999/xhtml" xml:lang="en" lang="en">
 <head>
  <title>
</title>
<meta http-equiv="Content-Type" content="text/html;charset=utf-8" />
  <meta name='ocr-system' content='tesseract 3.04.00' />
  <meta name='ocr-capabilities' content='ocr_page ocr_carea ocr_par ocr_line ocrx_word'/>
</head>
<body>
  <div class='ocr_page' id='page_1' title='image "./oratorumromanor02meyegoog_0141.png"; bbox 0 0 2976 4844; ppageno 0'>
   <div class='ocr_carea' id='block_1_1' title="bbox 1194 351 1261 420">
    <p class='ocr_par' dir='ltr' id='par_1_1' title="bbox 1194 351 1261 420">
     <span class='ocr_line' id='line_1_1' title="bbox 1194 351 1261 420; baseline 0.09 -7"><span class='ocrx_word' id='word_1_1' title='bbox 1194 351 1261 420; x_wconf 74' lang='lat' dir='ltr'><strong>til·</strong></span> 
     </span>
    </p>
   </div>
   <div class='ocr_carea' id='block_1_2' title="bbox 205 503 1254 799">
    <p class='ocr_par' dir='ltr' id='par_1_2' title="bbox 205 503 1254 799">
     <span class='ocr_line' id='line_1_2' title="bbox 206 503 1254 591; baseline 0.005 -22"><span class='ocrx_word' id='word_1_2' title='bbox 206 506 268 570; x_wconf 78' lang='lat'><strong>⁶03</strong></span> <span class='ocrx_word' id='word_1_3' title='bbox 293 503 384 591; x_wconf 83' lang='grc'>(151)</span> <span class='ocrx_word' id='word_1_4' title='bbox 418 519 601 590; x_wconf 88' lang='lat' dir='ltr'><strong>prorogato</strong></span> <span class='ocrx_word' id='word_1_5' title='bbox 630 507 770 590; x_wconf 91' lang='lat' dir='ltr'><strong>imperio</strong></span> <span class='ocrx_word' id='word_1_6' title='bbox 798 507 914 572; x_wconf 91' lang='lat' dir='ltr'><strong>bellum</strong></span> <span class='ocrx_word' id='word_1_7' title='bbox 946 511 1099 574; x_wconf 88' lang='lat' dir='ltr'><strong>adversus</strong></span> <span class='ocrx_word' id='word_1_8' title='bbox 1126 509 1254 574; x_wconf 90' lang='lat' dir='ltr'><strong>Lusita·</strong></span> 
     </span>
     <span class='ocr_line' id='line_1_3' title="bbox 205 609 1253 694; baseline 0.007 -22"><span class='ocrx_word' id='word_1_9' title='bbox 205 630 264 673; x_wconf 91' lang='lat' dir='ltr'><strong>nos</strong></span> <span class='ocrx_word' id='word_1_10' title='bbox 289 609 402 694; x_wconf 82' lang='lat' dir='ltr'><strong>gessit.</strong></span> <span class='ocrx_word' id='word_1_11' title='bbox 448 609 529 674; x_wconf 89' lang='lat' dir='ltr'><strong>Cum</strong></span> <span class='ocrx_word' id='word_1_12' title='bbox 556 610 668 674; x_wconf 90' lang='lat' dir='ltr'><strong>deiude</strong></span> <span class='ocrx_word' id='word_1_13' title='bbox 694 633 723 673; x_wconf 91' lang='lat' dir='ltr'><strong>a.</strong></span> <span class='ocrx_word' id='word_1_14' title='bbox 748 613 809 674; x_wconf 80' lang='lat' dir='ltr'><strong>sot</strong></span> <span class='ocrx_word' id='word_1_15' title='bbox 833 614 923 692; x_wconf 82' lang='grc'>(150)</span> <span class='ocrx_word' id='word_1_16' title='bbox 943 613 1171 678; x_wconf 77' lang='lat' dir='ltr'><strong>Lusitanorum</strong></span> <span class='ocrx_word' id='word_1_17' title='bbox 1196 637 1253 678; x_wconf 84' lang='lat' dir='ltr'><strong>ex-</strong></span> 
     </span>
     <span class='ocr_line' id='line_1_4' title="bbox 205 710 1253 799; baseline 0.006 -24"><span class='ocrx_word' id='word_1_18' title='bbox 205 711 325 775; x_wconf 89' lang='lat' dir='ltr'><strong>ercitus</strong></span> <span class='ocrx_word' id='word_1_19' title='bbox 365 710 396 775; x_wconf 92' lang='lat' dir='ltr'><strong>ei</strong></span> <span class='ocrx_word' id='word_1_20' title='bbox 435 734 469 775; x_wconf 90' lang='lat' dir='ltr'><strong>se</strong></span> <span class='ocrx_word' id='word_1_21' title='bbox 502 713 662 790; x_wconf 79' lang='lat' dir='ltr'><strong>dedisset,</strong></span> <span class='ocrx_word' id='word_1_22' title='bbox 694 715 755 778; x_wconf 88' lang='lat' dir='ltr'><strong>lide</strong></span> <span class='ocrx_word' id='word_1_23' title='bbox 789 713 909 779; x_wconf 87' lang='lat' dir='ltr'><strong>violata</strong></span> <span class='ocrx_word' id='word_1_24' title='bbox 944 715 1062 799; x_wconf 89' lang='lat' dir='ltr'><strong>partim</strong></span> <span class='ocrx_word' id='word_1_25' title='bbox 1095 716 1253 795; x_wconf 88' lang='lat' dir='ltr'><strong>trucidat,</strong></span> 
     </span>
    </p>
   </div>
   <div class='ocr_carea' id='block_1_3' title="bbox 176 813 1257 4299">
    <p class='ocr_par' dir='ltr' id='par_1_3' title="bbox 204 813 1256 2136">
     <span class='ocr_line' id='line_1_5' title="bbox 204 813 1254 903; baseline 0.006 -25"><span class='ocrx_word' id='word_1_26' title='bbox 204 813 320 898; x_wconf 90' lang='lat' dir='ltr'><strong>partim</strong></span> <span class='ocrx_word' id='word_1_27' title='bbox 347 815 381 878; x_wconf 91' lang='lat' dir='ltr'><strong>io</strong></span> <span class='ocrx_word' id='word_1_28' title='bbox 407 815 594 880; x_wconf 85' lang='lat' dir='ltr'><strong>servitutem</strong></span> <span class='ocrx_word' id='word_1_29' title='bbox 623 819 753 895; x_wconf 88' lang='lat' dir='ltr'><strong>vendit,</strong></span> <span class='ocrx_word' id='word_1_30' title='bbox 783 817 894 900; x_wconf 85' lang='lat' dir='ltr'><strong>paucis</strong></span> <span class='ocrx_word' id='word_1_31' title='bbox 920 819 998 903; x_wconf 87' lang='lat' dir='ltr'><strong>fuga</strong></span> <span class='ocrx_word' id='word_1_32' title='bbox 1023 821 1176 894; x_wconf 85' lang='lat' dir='ltr'><strong>servatis,</strong></span> <span class='ocrx_word' id='word_1_33' title='bbox 1205 819 1254 884; x_wconf 92' lang='lat' dir='ltr'><strong>in·</strong></span> 
     </span>
     <span class='ocr_line' id='line_1_6' title="bbox 204 917 1253 1006; baseline 0.005 -25"><span class='ocrx_word' id='word_1_34' title='bbox 204 929 254 982; x_wconf 89' lang='lat' dir='ltr'><strong>ter</strong></span> <span class='ocrx_word' id='word_1_35' title='bbox 276 939 359 1003; x_wconf 89' lang='lat' dir='ltr'><strong>quos</strong></span> <span class='ocrx_word' id='word_1_36' title='bbox 385 917 566 994; x_wconf 81' lang='lat' dir='ltr'><strong>Viriathus,</strong></span> <span class='ocrx_word' id='word_1_37' title='bbox 594 941 667 984; x_wconf 88' lang='lat' dir='ltr'><strong>suae</strong></span> <span class='ocrx_word' id='word_1_38' title='bbox 690 919 794 1004; x_wconf 87' lang='lat' dir='ltr'><strong>gentis</strong></span> <span class='ocrx_word' id='word_1_39' title='bbox 815 921 903 985; x_wconf 87' lang='lat' dir='ltr'><strong>ultor</strong></span> <span class='ocrx_word' id='word_1_40' title='bbox 928 921 1064 991; x_wconf 85' lang='lat' dir='ltr'><strong>futurus.</strong></span> <span class='ocrx_word' id='word_1_41' title='bbox 1108 923 1253 1006; x_wconf 83' lang='lat' dir='ltr'><strong>(Appia-</strong></span> 
     </span>
     <span class='ocr_line' id='line_1_7' title="bbox 204 1023 1256 1104; baseline 0.003 -18"><span class='ocrx_word' id='word_1_42' title='bbox 204 1043 263 1086; x_wconf 87' lang='lat' dir='ltr'><strong>nus</strong></span> <span class='ocrx_word' id='word_1_43' title='bbox 293 1023 432 1104; x_wconf 85' lang='lat' dir='ltr'><strong>Hispan.</strong></span> <span class='ocrx_word' id='word_1_44' title='bbox 460 1043 490 1084; x_wconf 90' lang='lat' dir='ltr'><strong>c.</strong></span> <span class='ocrx_word' id='word_1_45' title='bbox 515 1025 566 1094; x_wconf 79' lang='lat'><strong>59,</strong></span> <span class='ocrx_word' id='word_1_46' title='bbox 592 1025 661 1102; x_wconf 83' lang='lat'><strong>60.)</strong></span> <span class='ocrx_word' id='word_1_47' title='bbox 705 1026 841 1088; x_wconf 89' lang='lat' dir='ltr'><strong>Romam</strong></span> <span class='ocrx_word' id='word_1_48' title='bbox 868 1045 1039 1101; x_wconf 86' lang='lat' dir='ltr'><strong>reversus,</strong></span> <span class='ocrx_word' id='word_1_49' title='bbox 1068 1024 1171 1090; x_wconf 89' lang='lat' dir='ltr'><strong>Galba</strong></span> <span class='ocrx_word' id='word_1_50' title='bbox 1201 1047 1256 1089; x_wconf 89' lang='lat' dir='ltr'><strong>ac-</strong></span> 
     </span>
     <span class='ocr_line' id='line_1_8' title="bbox 205 1125 1254 1213; baseline 0.004 -25"><span class='ocrx_word' id='word_1_51' title='bbox 205 1135 376 1188; x_wconf 87' lang='lat' dir='ltr'><strong>cusatura</strong></span> <span class='ocrx_word' id='word_1_52' title='bbox 407 1126 450 1187; x_wconf 89' lang='lat' dir='ltr'><strong>L.</strong></span> <span class='ocrx_word' id='word_1_53' title='bbox 479 1125 654 1190; x_wconf 88' lang='lat' dir='ltr'><strong>Scribonio</strong></span> <span class='ocrx_word' id='word_1_54' title='bbox 685 1125 815 1190; x_wconf 89' lang='lat' dir='ltr'><strong>Libone</strong></span> <span class='ocrx_word' id='word_1_55' title='bbox 845 1127 976 1191; x_wconf 90' lang='lat' dir='ltr'><strong>tribuno</strong></span> <span class='ocrx_word' id='word_1_56' title='bbox 1002 1129 1071 1210; x_wconf 74' lang='lat' dir='ltr'><strong>pt,</strong></span> <span class='ocrx_word' id='word_1_57' title='bbox 1100 1128 1154 1213; x_wconf 89' lang='lat' dir='ltr'><strong>qui</strong></span> <span class='ocrx_word' id='word_1_58' title='bbox 1180 1151 1254 1193; x_wconf 90' lang='lat' dir='ltr'><strong>auc-</strong></span> 
     </span>
     <span class='ocr_line' id='line_1_9' title="bbox 205 1226 1254 1311; baseline 0.006 -21"><span class='ocrx_word' id='word_1_59' title='bbox 205 1237 277 1292; x_wconf 87' lang='lat' dir='ltr'><strong>tore</strong></span> <span class='ocrx_word' id='word_1_60' title='bbox 301 1226 426 1292; x_wconf 88' lang='lat' dir='ltr'><strong>Catone</strong></span> <span class='ocrx_word' id='word_1_61' title='bbox 451 1229 653 1311; x_wconf 81' lang='lat' dir='ltr'><strong>rogationem</strong></span> <span class='ocrx_word' id='word_1_62' title='bbox 680 1229 745 1295; x_wconf 86' lang='lat' dir='ltr'><strong>fert</strong></span> <span class='ocrx_word' id='word_1_63' title='bbox 769 1232 807 1292; x_wconf 92' lang='lat' dir='ltr'><strong>de</strong></span> <span class='ocrx_word' id='word_1_64' title='bbox 834 1229 996 1292; x_wconf 89' lang='lat' dir='ltr'><strong>Lusitanis</strong></span> <span class='ocrx_word' id='word_1_65' title='bbox 1020 1229 1052 1294; x_wconf 87' lang='lat' dir='ltr'><strong>iu</strong></span> <span class='ocrx_word' id='word_1_66' title='bbox 1076 1230 1254 1296; x_wconf 92' lang='lat' dir='ltr'><strong>libertatem</strong></span> 
     </span>
     <span class='ocr_line' id='line_1_10' title="bbox 204 1329 1255 1419; baseline 0.006 -27"><span class='ocrx_word' id='word_1_67' title='bbox 204 1329 420 1394; x_wconf 76' lang='lat' dir='ltr'><strong>restituendis.</strong></span> <span class='ocrx_word' id='word_1_68' title='bbox 465 1333 574 1415; x_wconf 83' lang='lat' dir='ltr'><strong>Atque</strong></span> <span class='ocrx_word' id='word_1_69' title='bbox 606 1330 733 1396; x_wconf 89' lang='lat' dir='ltr'><strong>nonnisi</strong></span> <span class='ocrx_word' id='word_1_70' title='bbox 768 1330 856 1394; x_wconf 89' lang='lat' dir='ltr'><strong>malis</strong></span> <span class='ocrx_word' id='word_1_71' title='bbox 893 1331 1016 1394; x_wconf 87' lang='lat' dir='ltr'><strong>artibus</strong></span> <span class='ocrx_word' id='word_1_72' title='bbox 1050 1345 1081 1396; x_wconf 93' lang='lat' dir='ltr'><strong>et</strong></span> <span class='ocrx_word' id='word_1_73' title='bbox 1115 1333 1255 1419; x_wconf 89' lang='lat' dir='ltr'><strong>nequitia</strong></span> 
     </span>
     <span class='ocr_line' id='line_1_11' title="bbox 205 1432 1256 1518; baseline 0.006 -22"><span class='ocrx_word' id='word_1_74' title='bbox 205 1432 419 1516; x_wconf 87' lang='lat' dir='ltr'><strong>patriciorum</strong></span> <span class='ocrx_word' id='word_1_75' title='bbox 447 1433 678 1498; x_wconf 79' lang='lat' dir='ltr'><strong>damnationem</strong></span> <span class='ocrx_word' id='word_1_76' title='bbox 702 1454 775 1497; x_wconf 87' lang='lat' dir='ltr'><strong>reus</strong></span> <span class='ocrx_word' id='word_1_77' title='bbox 797 1433 922 1517; x_wconf 83' lang='lat' dir='ltr'><strong>effugit.</strong></span> <span class='ocrx_word' id='word_1_78' title='bbox 970 1436 1178 1518; x_wconf 84' lang='lat' dir='ltr'><strong>Quapropter</strong></span> <span class='ocrx_word' id='word_1_79' title='bbox 1200 1459 1256 1502; x_wconf 93' lang='lat' dir='ltr'><strong>eo·</strong></span> 
     </span>
     <span class='ocr_line' id='line_1_12' title="bbox 207 1535 1254 1622; baseline 0.002 -22"><span class='ocrx_word' id='word_1_80' title='bbox 207 1540 276 1600; x_wconf 91' lang='lat' dir='ltr'><strong>dem</strong></span> <span class='ocrx_word' id='word_1_81' title='bbox 306 1558 390 1601; x_wconf 87' lang='lat' dir='ltr'><strong>anuo</strong></span> <span class='ocrx_word' id='word_1_82' title='bbox 416 1536 582 1601; x_wconf 87' lang='lat' dir='ltr'><strong>sociorum</strong></span> <span class='ocrx_word' id='word_1_83' title='bbox 610 1558 704 1600; x_wconf 88' lang='lat' dir='ltr'><strong>causa</strong></span> <span class='ocrx_word' id='word_1_84' title='bbox 732 1535 835 1618; x_wconf 89' lang='lat' dir='ltr'><strong>prima</strong></span> <span class='ocrx_word' id='word_1_85' title='bbox 867 1539 905 1600; x_wconf 91' lang='lat' dir='ltr'><strong>de</strong></span> <span class='ocrx_word' id='word_1_86' title='bbox 933 1537 1078 1620; x_wconf 90' lang='lat' dir='ltr'><strong>pecuniis</strong></span> <span class='ocrx_word' id='word_1_87' title='bbox 1105 1551 1254 1622; x_wconf 87' lang='lat' dir='ltr'><strong>repetun-</strong></span> 
     </span>
     <span class='ocr_line' id='line_1_13' title="bbox 207 1638 1255 1723; baseline 0.004 -21"><span class='ocrx_word' id='word_1_88' title='bbox 207 1639 255 1704; x_wconf 87' lang='lat' dir='ltr'><strong>dis</strong></span> <span class='ocrx_word' id='word_1_89' title='bbox 286 1640 340 1703; x_wconf 80' lang='lat' dir='ltr'><strong>lex</strong></span> <span class='ocrx_word' id='word_1_90' title='bbox 369 1661 386 1702; x_wconf 89' lang='lat' dir='ltr'><strong>a</strong></span> <span class='ocrx_word' id='word_1_91' title='bbox 421 1641 463 1701; x_wconf 93' lang='lat' dir='ltr'><strong>L.</strong></span> <span class='ocrx_word' id='word_1_92' title='bbox 492 1639 671 1721; x_wconf 90' lang='lat' dir='ltr'><strong>Calpurnio</strong></span> <span class='ocrx_word' id='word_1_93' title='bbox 697 1638 818 1704; x_wconf 86' lang='lat' dir='ltr'><strong>Pisone</strong></span> <span class='ocrx_word' id='word_1_94' title='bbox 846 1639 922 1702; x_wconf 88' lang='lat' dir='ltr'><strong>trib.</strong></span> <span class='ocrx_word' id='word_1_95' title='bbox 954 1639 1001 1723; x_wconf 92' lang='lat' dir='ltr'><strong>pl.</strong></span> <span class='ocrx_word' id='word_1_96' title='bbox 1025 1640 1087 1703; x_wconf 91' lang='lat' dir='ltr'><strong>lata</strong></span> <span class='ocrx_word' id='word_1_97' title='bbox 1112 1653 1170 1706; x_wconf 85' lang='lat' dir='ltr'><strong>est.</strong></span> <span class='ocrx_word' id='word_1_98' title='bbox 1216 1643 1255 1706; x_wconf 91' lang='lat' dir='ltr'><strong>ln</strong></span> 
     </span>
     <span class='ocr_line' id='line_1_14' title="bbox 206 1741 1255 1827; baseline 0.002 -21"><span class='ocrx_word' id='word_1_99' title='bbox 206 1745 267 1806; x_wconf 93' lang='lat' dir='ltr'><strong>hac</strong></span> <span class='ocrx_word' id='word_1_100' title='bbox 291 1764 385 1806; x_wconf 88' lang='lat' dir='ltr'><strong>causa</strong></span> <span class='ocrx_word' id='word_1_101' title='bbox 412 1741 554 1827; x_wconf 91' lang='lat' dir='ltr'><strong>quinque</strong></span> <span class='ocrx_word' id='word_1_102' title='bbox 580 1753 707 1806; x_wconf 87' lang='lat' dir='ltr'><strong>actores</strong></span> <span class='ocrx_word' id='word_1_103' title='bbox 731 1753 877 1825; x_wconf 85' lang='lat' dir='ltr'><strong>egerunt.</strong></span> <span class='ocrx_word' id='word_1_104' title='bbox 922 1744 965 1805; x_wconf 90' lang='lat' dir='ltr'><strong>L.</strong></span> <span class='ocrx_word' id='word_1_105' title='bbox 985 1743 1174 1807; x_wconf 90' lang='lat' dir='ltr'><strong>Scribonius</strong></span> <span class='ocrx_word' id='word_1_106' title='bbox 1196 1745 1255 1808; x_wconf 92' lang='lat' dir='ltr'><strong>Li-</strong></span> 
     </span>
     <span class='ocr_line' id='line_1_15' title="bbox 207 1845 1256 1932; baseline 0.001 -22"><span class='ocrx_word' id='word_1_107' title='bbox 207 1847 252 1910; x_wconf 89' lang='lat' dir='ltr'><strong>ho</strong></span> <span class='ocrx_word' id='word_1_108' title='bbox 271 1845 474 1929; x_wconf 82' lang='lat' dir='ltr'><strong>rogationem</strong></span> <span class='ocrx_word' id='word_1_109' title='bbox 499 1858 611 1908; x_wconf 88' lang='lat' dir='ltr'><strong>contra</strong></span> <span class='ocrx_word' id='word_1_110' title='bbox 627 1846 762 1908; x_wconf 86' lang='lat' dir='ltr'><strong>Galbam</strong></span> <span class='ocrx_word' id='word_1_111' title='bbox 781 1845 1012 1928; x_wconf 83' lang='lat' dir='ltr'><strong>promulgavit,</strong></span> <span class='ocrx_word' id='word_1_112' title='bbox 1035 1867 1166 1932; x_wconf 87' lang='lat' dir='ltr'><strong>eamque</strong></span> <span class='ocrx_word' id='word_1_113' title='bbox 1185 1869 1256 1911; x_wconf 89' lang='lat' dir='ltr'><strong>sua-</strong></span> 
     </span>
     <span class='ocr_line' id='line_1_16' title="bbox 205 1946 1256 2030; baseline 0.004 -18"><span class='ocrx_word' id='word_1_114' title='bbox 205 1969 276 2012; x_wconf 87' lang='lat' dir='ltr'><strong>sere</strong></span> <span class='ocrx_word' id='word_1_115' title='bbox 302 1951 355 2012; x_wconf 90' lang='lat' dir='ltr'><strong>M.</strong></span> <span class='ocrx_word' id='word_1_116' title='bbox 381 1948 466 2012; x_wconf 91' lang='lat' dir='ltr'><strong>Cato</strong></span> <span class='ocrx_word' id='word_1_117' title='bbox 496 1960 527 2011; x_wconf 92' lang='lat' dir='ltr'><strong>et</strong></span> <span class='ocrx_word' id='word_1_118' title='bbox 555 1950 597 2012; x_wconf 93' lang='lat' dir='ltr'><strong>L.</strong></span> <span class='ocrx_word' id='word_1_119' title='bbox 626 1946 798 2013; x_wconf 87' lang='lat' dir='ltr'><strong>Cornelius</strong></span> <span class='ocrx_word' id='word_1_120' title='bbox 825 1947 1002 2030; x_wconf 88' lang='lat' dir='ltr'><strong>Cethegus.</strong></span> <span class='ocrx_word' id='word_1_121' title='bbox 1050 1948 1173 2014; x_wconf 87' lang='lat' dir='ltr'><strong>Contra</strong></span> <span class='ocrx_word' id='word_1_122' title='bbox 1193 1963 1256 2016; x_wconf 82' lang='lat' dir='ltr'><strong>ste·</strong></span> 
     </span>
     <span class='ocr_line' id='line_1_17' title="bbox 205 2049 1255 2136; baseline 0.007 -22"><span class='ocrx_word' id='word_1_123' title='bbox 205 2051 243 2116; x_wconf 93' lang='lat' dir='ltr'><strong>tit</strong></span> <span class='ocrx_word' id='word_1_124' title='bbox 267 2051 391 2128; x_wconf 85' lang='lat' dir='ltr'><strong>Galba,</strong></span> <span class='ocrx_word' id='word_1_125' title='bbox 420 2050 474 2136; x_wconf 88' lang='lat' dir='ltr'><strong>qui</strong></span> <span class='ocrx_word' id='word_1_126' title='bbox 500 2062 551 2114; x_wconf 89' lang='lat' dir='ltr'><strong>ter</strong></span> <span class='ocrx_word' id='word_1_127' title='bbox 577 2049 675 2126; x_wconf 82' lang='lat' dir='ltr'><strong>dixit,</strong></span> <span class='ocrx_word' id='word_1_128' title='bbox 702 2050 750 2114; x_wconf 87' lang='lat' dir='ltr'><strong>bis</strong></span> <span class='ocrx_word' id='word_1_129' title='bbox 777 2061 890 2115; x_wconf 88' lang='lat' dir='ltr'><strong>contra</strong></span> <span class='ocrx_word' id='word_1_130' title='bbox 917 2051 1121 2135; x_wconf 87' lang='lat' dir='ltr'><strong>rogationem</strong></span> <span class='ocrx_word' id='word_1_131' title='bbox 1149 2053 1255 2121; x_wconf 89' lang='lat' dir='ltr'><strong>Libo·</strong></span> 
     </span>
    </p>

    <p class='ocr_par' dir='ltr' id='par_1_4' title="bbox 176 2152 1257 3147">
     <span class='ocr_line' id='line_1_18' title="bbox 176 2152 1255 2238; baseline 0.003 -20"><span class='ocrx_word' id='word_1_132' title='bbox 176 2182 180 2188; x_wconf 67' lang='grc'><strong><em>’</em></strong></span> <span class='ocrx_word' id='word_1_133' title='bbox 206 2155 265 2232; x_wconf 89' lang='lat' dir='ltr'><strong>nis,</strong></span> <span class='ocrx_word' id='word_1_134' title='bbox 290 2166 321 2218; x_wconf 91' lang='lat' dir='ltr'><strong>et</strong></span> <span class='ocrx_word' id='word_1_135' title='bbox 342 2153 438 2218; x_wconf 90' lang='lat' dir='ltr'><strong>tertia</strong></span> <span class='ocrx_word' id='word_1_136' title='bbox 466 2153 592 2218; x_wconf 85' lang='lat' dir='ltr'><strong>actione</strong></span> <span class='ocrx_word' id='word_1_137' title='bbox 620 2156 772 2216; x_wconf 85' lang='lat' dir='ltr'><strong>adversus</strong></span> <span class='ocrx_word' id='word_1_138' title='bbox 798 2152 990 2238; x_wconf 88' lang='lat' dir='ltr'><strong>Cethegum.</strong></span> <span class='ocrx_word' id='word_1_139' title='bbox 1036 2157 1155 2220; x_wconf 89' lang='lat' dir='ltr'><strong>Postea</strong></span> <span class='ocrx_word' id='word_1_140' title='bbox 1176 2177 1255 2238; x_wconf 87' lang='lat' dir='ltr'><strong>pro·</strong></span> 
     </span>
     <span class='ocr_line' id='line_1_19' title="bbox 208 2255 1253 2343; baseline 0.002 -22"><span class='ocrx_word' id='word_1_141' title='bbox 208 2257 265 2321; x_wconf 91' lang='lat' dir='ltr'><strong>diit</strong></span> <span class='ocrx_word' id='word_1_142' title='bbox 297 2261 342 2341; x_wconf 82' lang='lat' dir='ltr'><strong>Q.</strong></span> <span class='ocrx_word' id='word_1_143' title='bbox 371 2257 506 2322; x_wconf 81' lang='lat' dir='ltr'><strong>Fulvius</strong></span> <span class='ocrx_word' id='word_1_144' title='bbox 534 2256 689 2320; x_wconf 89' lang='lat' dir='ltr'><strong>Nobilior</strong></span> <span class='ocrx_word' id='word_1_145' title='bbox 719 2255 905 2320; x_wconf 82' lang='lat' dir='ltr'><strong>defensione</strong></span> <span class='ocrx_word' id='word_1_146' title='bbox 939 2256 1062 2320; x_wconf 88' lang='lat' dir='ltr'><strong>Galbae</strong></span> <span class='ocrx_word' id='word_1_147' title='bbox 1095 2271 1253 2343; x_wconf 85' lang='lat' dir='ltr'><strong>suscepta.</strong></span> 
     </span>
     <span class='ocr_line' id='line_1_20' title="bbox 206 2359 1255 2444; baseline 0.001 -19"><span class='ocrx_word' id='word_1_148' title='bbox 206 2364 282 2426; x_wconf 89' lang='lat' dir='ltr'><strong>Huc</strong></span> <span class='ocrx_word' id='word_1_149' title='bbox 310 2361 451 2444; x_wconf 89' lang='lat' dir='ltr'><strong>pertinet</strong></span> <span class='ocrx_word' id='word_1_150' title='bbox 479 2359 568 2424; x_wconf 88' lang='lat' dir='ltr'><strong>Livii</strong></span> <span class='ocrx_word' id='word_1_151' title='bbox 593 2360 746 2442; x_wconf 87' lang='lat' dir='ltr'><strong>Epitome</strong></span> <span class='ocrx_word' id='word_1_152' title='bbox 775 2361 793 2424; x_wconf 87' lang='lat' dir='ltr'><strong>l.</strong></span> <span class='ocrx_word' id='word_1_153' title='bbox 819 2361 871 2422; x_wconf 72' lang='lat'><strong>49.</strong></span> <span class='ocrx_word' id='word_1_154' title='bbox 917 2363 1054 2424; x_wconf 76' lang='lat' dir='ltr'><strong>Extant</strong></span> <span class='ocrx_word' id='word_1_155' title='bbox 1080 2373 1151 2425; x_wconf 87' lang='lat' dir='ltr'><strong>tres</strong></span> <span class='ocrx_word' id='word_1_156' title='bbox 1173 2383 1255 2427; x_wconf 88' lang='lat' dir='ltr'><strong>ora·</strong></span> 
     </span>
     <span class='ocr_line' id='line_1_21' title="bbox 192 2463 1254 2545; baseline -0.001 -17"><span class='ocrx_word' id='word_1_157' title='bbox 192 2465 319 2529; x_wconf 88' lang='lat' dir='ltr'><strong>-tiones</strong></span> <span class='ocrx_word' id='word_1_158' title='bbox 342 2465 491 2540; x_wconf 80' lang='lat' dir='ltr'><strong>Galbae,</strong></span> <span class='ocrx_word' id='word_1_159' title='bbox 519 2465 609 2526; x_wconf 83' lang='lat' dir='ltr'><strong>duae</strong></span> <span class='ocrx_word' id='word_1_160' title='bbox 634 2463 801 2526; x_wconf 78' lang='lat' dir='ltr'><strong>aduersru</strong></span> <span class='ocrx_word' id='word_1_161' title='bbox 826 2463 991 2525; x_wconf 85' lang='lat' dir='ltr'><strong>Libonem</strong></span> <span class='ocrx_word' id='word_1_162' title='bbox 1015 2463 1097 2526; x_wconf 83' lang='lat' dir='ltr'><strong>trib.</strong></span> <span class='ocrx_word' id='word_1_163' title='bbox 1118 2467 1170 2545; x_wconf 88' lang='lat' dir='ltr'><strong>pl.</strong></span> <span class='ocrx_word' id='word_1_164' title='bbox 1191 2487 1254 2528; x_wconf 83' lang='lat' dir='ltr'><strong>ro-</strong></span> 
     </span>
     <span class='ocr_line' id='line_1_22' title="bbox 208 2564 1257 2652; baseline -0.001 -21"><span class='ocrx_word' id='word_1_165' title='bbox 208 2569 450 2652; x_wconf 81' lang='lat' dir='ltr'><strong>gatianemque</strong></span> <span class='ocrx_word' id='word_1_166' title='bbox 475 2567 549 2630; x_wconf 88' lang='lat' dir='ltr'><strong>eius</strong></span> <span class='ocrx_word' id='word_1_167' title='bbox 575 2566 712 2629; x_wconf 85' lang='lat' dir='ltr'><strong>habitae</strong></span> <span class='ocrx_word' id='word_1_168' title='bbox 740 2566 782 2628; x_wconf 87' lang='lat' dir='ltr'><strong>de</strong></span> <span class='ocrx_word' id='word_1_169' title='bbox 811 2564 1011 2642; x_wconf 86' lang='lat' dir='ltr'><strong>Lusitanis,</strong></span> <span class='ocrx_word' id='word_1_170' title='bbox 1037 2585 1108 2628; x_wconf 90' lang='lat' dir='ltr'><strong>una</strong></span> <span class='ocrx_word' id='word_1_171' title='bbox 1133 2577 1257 2631; x_wconf 87' lang='lat' dir='ltr'><strong>contra</strong></span> 
     </span>
     <span class='ocr_line' id='line_1_23' title="bbox 207 2667 1255 2752; baseline -0.003 -17"><span class='ocrx_word' id='word_1_172' title='bbox 207 2674 250 2735; x_wconf 90' lang='lat' dir='ltr'><strong>L.</strong></span> <span class='ocrx_word' id='word_1_173' title='bbox 277 2671 475 2736; x_wconf 82' lang='lat' dir='ltr'><strong>Cornelium</strong></span> <span class='ocrx_word' id='word_1_174' title='bbox 499 2673 707 2752; x_wconf 82' lang='lat' dir='ltr'><strong>Cethegum,</strong></span> <span class='ocrx_word' id='word_1_175' title='bbox 743 2668 778 2732; x_wconf 91' lang='lat' dir='ltr'><strong>in</strong></span> <span class='ocrx_word' id='word_1_176' title='bbox 802 2690 870 2752; x_wconf 81' lang='lat' dir='ltr'><strong>qua</strong></span> <span class='ocrx_word' id='word_1_177' title='bbox 896 2667 1086 2732; x_wconf 82' lang='lat' dir='ltr'><strong>Lusitanos</strong></span> <span class='ocrx_word' id='word_1_178' title='bbox 1108 2680 1255 2752; x_wconf 83' lang='lat' dir='ltr'><strong>propter</strong></span> 
     </span>
     <span class='ocr_line' id='line_1_24' title="bbox 205 2770 1256 2863; baseline -0.004 -25"><span class='ocrx_word' id='word_1_179' title='bbox 205 2782 291 2838; x_wconf 85' lang='lat' dir='ltr'><strong>sese&#39;</strong></span> <span class='ocrx_word' id='word_1_180' title='bbox 308 2785 425 2836; x_wconf 88' lang='lat' dir='ltr'><strong>castra</strong></span> <span class='ocrx_word' id='word_1_181' title='bbox 452 2774 614 2836; x_wconf 85' lang='lat' dir='ltr'><strong>habentes</strong></span> <span class='ocrx_word' id='word_1_182' title='bbox 630 2793 760 2835; x_wconf 76' lang='lat' dir='ltr'><strong>caesos</strong></span> <span class='ocrx_word' id='word_1_183' title='bbox 777 2770 948 2863; x_wconf 85' lang='lat' dir='ltr'><strong>fatetur,</strong></span> <span class='ocrx_word' id='word_1_184' title='bbox 979 2771 1073 2856; x_wconf 81' lang='lat' dir='ltr'><strong>quod</strong></span> <span class='ocrx_word' id='word_1_185' title='bbox 1100 2793 1256 2855; x_wconf 86' lang='lat' dir='ltr'><strong>comper·</strong></span> 
     </span>
     <span class='ocr_line' id='line_1_25' title="bbox 205 2874 1255 2961; baseline -0.003 -21"><span class='ocrx_word' id='word_1_186' title='bbox 205 2889 280 2941; x_wconf 90' lang='lat' dir='ltr'><strong>tum</strong></span> <span class='ocrx_word' id='word_1_187' title='bbox 300 2877 477 2954; x_wconf 87' lang='lat' dir='ltr'><strong>habuerit,</strong></span> <span class='ocrx_word' id='word_1_188' title='bbox 509 2898 597 2961; x_wconf 81' lang='lat' dir='ltr'><strong>equo</strong></span> <span class='ocrx_word' id='word_1_189' title='bbox 622 2888 725 2960; x_wconf 78' lang='lat' dir='ltr'><strong>atque</strong></span> <span class='ocrx_word' id='word_1_190' title='bbox 748 2876 884 2939; x_wconf 85' lang='lat' dir='ltr'><strong>homine</strong></span> <span class='ocrx_word' id='word_1_191' title='bbox 910 2895 975 2938; x_wconf 89' lang='lat' dir='ltr'><strong>suo</strong></span> <span class='ocrx_word' id='word_1_192' title='bbox 998 2874 1072 2938; x_wconf 89' lang='lat' dir='ltr'><strong>ritu</strong></span> <span class='ocrx_word' id='word_1_193' title='bbox 1097 2874 1255 2939; x_wconf 88' lang='lat' dir='ltr'><strong>immola·</strong></span> 
     </span>
     <span class='ocr_line' id='line_1_26' title="bbox 207 2977 1256 3063; baseline -0.002 -21"><span class='ocrx_word' id='word_1_194' title='bbox 207 2979 272 3055; x_wconf 87' lang='lat' dir='ltr'><strong>tis,</strong></span> <span class='ocrx_word' id='word_1_195' title='bbox 314 3002 378 3063; x_wconf 87' lang='lat' dir='ltr'><strong>per</strong></span> <span class='ocrx_word' id='word_1_196' title='bbox 408 2979 555 3063; x_wconf 84' lang='lat' dir='ltr'><strong>speciem</strong></span> <span class='ocrx_word' id='word_1_197' title='bbox 581 2979 681 3063; x_wconf 85' lang='lat' dir='ltr'><strong>pacis</strong></span> <span class='ocrx_word' id='word_1_198' title='bbox 712 2977 848 3043; x_wconf 81' lang='lat' dir='ltr'><strong>adoriri</strong></span> <span class='ocrx_word' id='word_1_199' title='bbox 871 2977 1065 3041; x_wconf 82' lang='lat' dir='ltr'><strong>exercitum</strong></span> <span class='ocrx_word' id='word_1_200' title='bbox 1093 2977 1256 3042; x_wconf 91' lang='lat' dir='ltr'><strong>suumin</strong></span> 
     </span>
     <span class='ocr_line' id='line_1_27' title="bbox 205 3083 523 3147; baseline 0.003 -2"><span class='ocrx_word' id='word_1_201' title='bbox 205 3083 324 3147; x_wconf 87' lang='lat' dir='ltr'><strong>animo</strong></span> <span class='ocrx_word' id='word_1_202' title='bbox 349 3083 523 3146; x_wconf 86' lang='lat' dir='ltr'><strong>habuisse.</strong></span> 
     </span>
    </p>

    <p class='ocr_par' dir='ltr' id='par_1_5' title="bbox 195 3183 1257 4299">
     <span class='ocr_line' id='line_1_28' title="bbox 271 3183 1256 3268; baseline 0.001 -20"><span class='ocrx_word' id='word_1_203' title='bbox 271 3185 386 3250; x_wconf 86' lang='lat' dir='ltr'><strong>Livius</strong></span> <span class='ocrx_word' id='word_1_204' title='bbox 422 3185 513 3268; x_wconf 86' lang='lat' dir='ltr'><strong>Epit.</strong></span> <span class='ocrx_word' id='word_1_205' title='bbox 550 3186 603 3249; x_wconf 76' lang='lat'><strong>49.</strong></span> <span class='ocrx_word' id='word_1_206' title='bbox 665 3188 750 3256; x_wconf 82' lang='lat' dir='ltr'><strong>Cum</strong></span> <span class='ocrx_word' id='word_1_207' title='bbox 783 3189 824 3250; x_wconf 87' lang='lat' dir='ltr'><strong>L.</strong></span> <span class='ocrx_word' id='word_1_208' title='bbox 855 3183 1055 3249; x_wconf 80' lang='lat' dir='ltr'><strong>Scribonius</strong></span> <span class='ocrx_word' id='word_1_209' title='bbox 1092 3184 1256 3249; x_wconf 80' lang='lat' dir='ltr'><strong>tribunus</strong></span> 
     </span>
     <span class='ocr_line' id='line_1_29' title="bbox 203 3287 1257 3373; baseline 0 -21"><span class='ocrx_word' id='word_1_210' title='bbox 203 3289 314 3373; x_wconf 84' lang='lat' dir='ltr'><strong>piebis</strong></span> <span class='ocrx_word' id='word_1_211' title='bbox 352 3289 571 3373; x_wconf 86' lang='lat' dir='ltr'><strong>rogationem</strong></span> <span class='ocrx_word' id='word_1_212' title='bbox 609 3291 889 3372; x_wconf 83' lang='lat' dir='ltr'><strong>promulgasset,</strong></span> <span class='ocrx_word' id='word_1_213' title='bbox 930 3299 969 3350; x_wconf 92' lang='lat' dir='ltr'><strong>ut</strong></span> <span class='ocrx_word' id='word_1_214' title='bbox 1000 3287 1163 3352; x_wconf 82' lang='lat' dir='ltr'><strong>Lusitani</strong></span> <span class='ocrx_word' id='word_1_215' title='bbox 1196 3288 1257 3372; x_wconf 81' lang='lat' dir='ltr'><strong>qui</strong></span> 
     </span>
     <span class='ocr_line' id='line_1_30' title="bbox 206 3389 1255 3474; baseline -0.003 -19"><span class='ocrx_word' id='word_1_216' title='bbox 206 3392 243 3455; x_wconf 92' lang='lat' dir='ltr'><strong>in</strong></span> <span class='ocrx_word' id='word_1_217' title='bbox 264 3391 381 3470; x_wconf 84' lang='lat' dir='ltr'><strong>fidem</strong></span> <span class='ocrx_word' id='word_1_218' title='bbox 404 3393 526 3474; x_wconf 87' lang='lat' dir='ltr'><strong>populi</strong></span> <span class='ocrx_word' id='word_1_219' title='bbox 558 3393 696 3456; x_wconf 90' lang='lat' dir='ltr'><strong>romani</strong></span> <span class='ocrx_word' id='word_1_220' title='bbox 727 3392 846 3468; x_wconf 84' lang='lat' dir='ltr'><strong>dediti,</strong></span> <span class='ocrx_word' id='word_1_221' title='bbox 878 3412 903 3453; x_wconf 87' lang='lat' dir='ltr'><strong>a</strong></span> <span class='ocrx_word' id='word_1_222' title='bbox 930 3391 1051 3456; x_wconf 83' lang='lat' dir='ltr'><strong>Servio</strong></span> <span class='ocrx_word' id='word_1_223' title='bbox 1077 3389 1190 3454; x_wconf 87' lang='lat' dir='ltr'><strong>Galba</strong></span> <span class='ocrx_word' id='word_1_224' title='bbox 1218 3391 1255 3454; x_wconf 91' lang='lat' dir='ltr'><strong>in</strong></span> 
     </span>
     <span class='ocr_line' id='line_1_31' title="bbox 208 3494 1254 3571; baseline -0.004 -11"><span class='ocrx_word' id='word_1_225' title='bbox 208 3495 361 3560; x_wconf 78' lang='lat' dir='ltr'><strong>Galliam</strong></span> <span class='ocrx_word' id='word_1_226' title='bbox 385 3495 576 3571; x_wconf 80' lang='lat' dir='ltr'><strong>benissent,</strong></span> <span class='ocrx_word' id='word_1_227' title='bbox 605 3495 640 3557; x_wconf 92' lang='lat' dir='ltr'><strong>in</strong></span> <span class='ocrx_word' id='word_1_228' title='bbox 666 3494 859 3558; x_wconf 86' lang='lat' dir='ltr'><strong>libertatem</strong></span> <span class='ocrx_word' id='word_1_229' title='bbox 885 3495 1171 3570; x_wconf 84' lang='lat' dir='ltr'><strong>restituerentur,</strong></span> <span class='ocrx_word' id='word_1_230' title='bbox 1196 3495 1254 3558; x_wconf 89' lang='lat' dir='ltr'><strong>M.</strong></span> 
     </span>
     <span class='ocr_line' id='line_1_32' title="bbox 208 3595 1255 3663; baseline -0.006 0"><span class='ocrx_word' id='word_1_231' title='bbox 208 3601 296 3663; x_wconf 84' lang='lat' dir='ltr'><strong>Cato</strong></span> <span class='ocrx_word' id='word_1_232' title='bbox 332 3597 502 3661; x_wconf 82' lang='lat' dir='ltr'><strong>acerrime</strong></span> <span class='ocrx_word' id='word_1_233' title='bbox 532 3597 655 3661; x_wconf 88' lang='lat' dir='ltr'><strong>suasit.</strong></span> <span class='ocrx_word' id='word_1_234' title='bbox 709 3601 850 3662; x_wconf 79' lang='lat' dir='ltr'><strong>Extat</strong></span> <span class='ocrx_word' id='word_1_235' title='bbox 876 3598 1022 3660; x_wconf 88' lang='lat' dir='ltr'><strong>oratio</strong></span> <span class='ocrx_word' id='word_1_236' title='bbox 1047 3595 1090 3658; x_wconf 91' lang='lat' dir='ltr'><strong>in</strong></span> <span class='ocrx_word' id='word_1_237' title='bbox 1119 3616 1255 3658; x_wconf 87' lang='lat' dir='ltr'><strong>anna·</strong></span> 
     </span>
     <span class='ocr_line' id='line_1_33' title="bbox 207 3699 1255 3783; baseline -0.002 -20"><span class='ocrx_word' id='word_1_238' title='bbox 207 3700 321 3764; x_wconf 86' lang='lat' dir='ltr'><strong>libus</strong></span> <span class='ocrx_word' id='word_1_239' title='bbox 345 3701 421 3765; x_wconf 88' lang='lat' dir='ltr'><strong>eius</strong></span> <span class='ocrx_word' id='word_1_240' title='bbox 449 3702 597 3764; x_wconf 87' lang='lat' dir='ltr'><strong>inclusa.</strong></span> <span class='ocrx_word' id='word_1_241' title='bbox 640 3703 685 3783; x_wconf 85' lang='lat' dir='ltr'><strong>Q.</strong></span> <span class='ocrx_word' id='word_1_242' title='bbox 713 3699 851 3763; x_wconf 73' lang='lat' dir='ltr'><strong>dulcius</strong></span> <span class='ocrx_word' id='word_1_243' title='bbox 877 3699 1058 3775; x_wconf 87' lang='lat' dir='ltr'><strong>Nobilior,</strong></span> <span class='ocrx_word' id='word_1_244' title='bbox 1086 3710 1120 3762; x_wconf 88' lang='lat' dir='ltr'><strong>et</strong></span> <span class='ocrx_word' id='word_1_245' title='bbox 1150 3719 1255 3780; x_wconf 88' lang='lat' dir='ltr'><strong>saepe</strong></span> 
     </span>
     <span class='ocr_line' id='line_1_34' title="bbox 207 3801 1250 3884; baseline -0.005 -17"><span class='ocrx_word' id='word_1_246' title='bbox 207 3805 251 3868; x_wconf 90' lang='lat' dir='ltr'><strong>ab</strong></span> <span class='ocrx_word' id='word_1_247' title='bbox 280 3826 323 3870; x_wconf 88' lang='lat' dir='ltr'><strong>eo</strong></span> <span class='ocrx_word' id='word_1_248' title='bbox 354 3805 392 3867; x_wconf 89' lang='lat' dir='ltr'><strong>in</strong></span> <span class='ocrx_word' id='word_1_249' title='bbox 426 3815 548 3866; x_wconf 87' lang='lat' dir='ltr'><strong>senatu</strong></span> <span class='ocrx_word' id='word_1_250' title='bbox 581 3804 775 3877; x_wconf 82' lang='lat' dir='ltr'><strong>laceratus,</strong></span> <span class='ocrx_word' id='word_1_251' title='bbox 819 3802 997 3883; x_wconf 86' lang='lat' dir='ltr'><strong>respondit</strong></span> <span class='ocrx_word' id='word_1_252' title='bbox 1025 3823 1095 3884; x_wconf 88' lang='lat' dir='ltr'><strong>pro</strong></span> <span class='ocrx_word' id='word_1_253' title='bbox 1127 3801 1250 3865; x_wconf 86' lang='lat' dir='ltr'><strong>Galba.</strong></span> 
     </span>
     <span class='ocr_line' id='line_1_35' title="bbox 208 3904 1257 3992; baseline -0.008 -20"><span class='ocrx_word' id='word_1_254' title='bbox 208 3910 287 3991; x_wconf 86' lang='lat' dir='ltr'><strong>lpse</strong></span> <span class='ocrx_word' id='word_1_255' title='bbox 310 3928 445 3992; x_wconf 80' lang='lat' dir='ltr'><strong>quoque</strong></span> <span class='ocrx_word' id='word_1_256' title='bbox 471 3906 601 3982; x_wconf 84' lang='lat' dir='ltr'><strong>Galba,</strong></span> <span class='ocrx_word' id='word_1_257' title='bbox 627 3927 707 3968; x_wconf 87' lang='lat' dir='ltr'><strong>cum</strong></span> <span class='ocrx_word' id='word_1_258' title='bbox 732 3927 768 3969; x_wconf 86' lang='lat' dir='ltr'><strong>se</strong></span> <span class='ocrx_word' id='word_1_259' title='bbox 794 3904 955 3968; x_wconf 85' lang='lat' dir='ltr'><strong>damnari</strong></span> <span class='ocrx_word' id='word_1_260' title='bbox 985 3904 1135 3980; x_wconf 84' lang='lat' dir='ltr'><strong>uideret,</strong></span> <span class='ocrx_word' id='word_1_261' title='bbox 1164 3922 1257 3966; x_wconf 88' lang='lat' dir='ltr'><strong>com·</strong></span> 
     </span>
     <span class='ocr_line' id='line_1_36' title="bbox 203 4000 1257 4094; baseline -0.004 -22"><span class='ocrx_word' id='word_1_262' title='bbox 203 4013 334 4094; x_wconf 79' lang='lat' dir='ltr'><strong>plexus</strong></span> <span class='ocrx_word' id='word_1_263' title='bbox 371 4011 460 4073; x_wconf 87' lang='lat' dir='ltr'><strong>duos</strong></span> <span class='ocrx_word' id='word_1_264' title='bbox 486 4007 591 4086; x_wconf 80' lang='lat' dir='ltr'><strong>filios</strong></span> <span class='ocrx_word' id='word_1_265' title='bbox 624 4019 869 4091; x_wconf 80' lang='lat' dir='ltr'><strong>praetextatos</strong></span> <span class='ocrx_word' id='word_1_266' title='bbox 906 4019 940 4070; x_wconf 88' lang='lat' dir='ltr'><strong>et</strong></span> <span class='ocrx_word' id='word_1_267' title='bbox 981 4000 1126 4087; x_wconf 82' lang='lat' dir='ltr'><strong>Sulpicii</strong></span> <span class='ocrx_word' id='word_1_268' title='bbox 1162 4004 1257 4069; x_wconf 85' lang='lat' dir='ltr'><strong>Galli</strong></span> 
     </span>
     <span class='ocr_line' id='line_1_37' title="bbox 195 4105 1256 4193; baseline -0.007 -16"><span class='ocrx_word' id='word_1_269' title='bbox 195 4105 347 4193; x_wconf 72' lang='lat' dir='ltr'><strong>filim,</strong></span> <span class='ocrx_word' id='word_1_270' title='bbox 384 4113 483 4176; x_wconf 88' lang='lat' dir='ltr'><strong>cuius</strong></span> <span class='ocrx_word' id='word_1_271' title='bbox 507 4125 605 4177; x_wconf 82' lang='lat' dir='ltr'><strong>tutor</strong></span> <span class='ocrx_word' id='word_1_272' title='bbox 634 4123 733 4187; x_wconf 83' lang='lat' dir='ltr'><strong>erat,</strong></span> <span class='ocrx_word' id='word_1_273' title='bbox 764 4111 816 4174; x_wconf 87' lang='lat' dir='ltr'><strong>ita</strong></span> <span class='ocrx_word' id='word_1_274' title='bbox 847 4106 1088 4172; x_wconf 84' lang='lat' dir='ltr'><strong>miserabiliter</strong></span> <span class='ocrx_word' id='word_1_275' title='bbox 1120 4129 1188 4192; x_wconf 87' lang='lat' dir='ltr'><strong>pro</strong></span> <span class='ocrx_word' id='word_1_276' title='bbox 1218 4127 1256 4171; x_wconf 85' lang='lat' dir='ltr'><strong>se</strong></span> 
     </span>
     <span class='ocr_line' id='line_1_38' title="bbox 207 4213 978 4299; baseline -0.009 -20"><span class='ocrx_word' id='word_1_277' title='bbox 207 4219 342 4282; x_wconf 84' lang='lat' dir='ltr'><strong>locutus</strong></span> <span class='ocrx_word' id='word_1_278' title='bbox 373 4228 441 4294; x_wconf 85' lang='lat' dir='ltr'><strong>est,</strong></span> <span class='ocrx_word' id='word_1_279' title='bbox 478 4229 518 4280; x_wconf 91' lang='lat' dir='ltr'><strong>ut</strong></span> <span class='ocrx_word' id='word_1_280' title='bbox 549 4215 690 4299; x_wconf 80' lang='lat' dir='ltr'><strong>rogatio</strong></span> <span class='ocrx_word' id='word_1_281' title='bbox 723 4213 978 4298; x_wconf 80' lang='lat' dir='ltr'><strong>antiquaretur.</strong></span> 
     </span>
    </p>
   </div>
   <div class='ocr_carea' id='block_1_4' title="bbox 0 0 1493 4844">
    <p class='ocr_par' dir='ltr' id='par_1_6' title="bbox 0 0 1493 4844">
     <span class='ocr_line' id='line_1_39' title="bbox 0 0 1493 4844; baseline 0 0"><span class='ocrx_word' id='word_1_282' title='bbox 0 0 1493 4844; x_wconf 95' lang='lat' dir='ltr'><strong> </strong></span> 
     </span>
    </p>
   </div>
  </div>
 </body>
</html>
