2984 4842
282 375 344 440 stt

316 542 467 586 cicatricum
486 538 611 598 mearum]
649 541 705 584 truce
731 537 804 584 verba
829 553 857 584 ex
882 553 910 584 ea
936 550 1005 595 parte
1031 539 1148 584 orationis
1174 543 1266 595 sumta,
1288 542 1329 586 ubi

350 630 493 674 Hortensius
521 628 648 672 Rabirium
674 629 811 684 loquentem
839 628 943 688 induxit,
968 630 1035 686 isque
1062 642 1101 672 res
1128 642 1143 671 e
1166 641 1191 672 se
1217 631 1239 672 iu
1263 630 1329 674 bello

353 723 432 776 gestas
451 717 536 761 refert.
558 716 621 760 bello
640 716 703 760 enim
722 716 841 774 insignem
861 721 983 760 meruerat
1001 715 1099 760 tamam.
1127 715 1198 760 Conf.
1222 716 1329 762 Niebuhr

353 807 380 848 ad
400 805 451 848 Cic.
473 818 517 860 pro
536 803 565 847 C.
587 804 687 847 Rabirio
706 819 728 847 c.
750 800 791 851 36.
813 817 836 858 p.
858 798 899 850 80.

283 941 328 998 ll.
367 941 467 998 Oratio
479 958 531 1013 pro
545 943 578 998 L.
593 942 702 998 Licinio
716 942 838 1000 Murena
851 945 952 998 eontra
966 942 1028 1000 Ser.
1042 941 1200 1012 Snlpieium
1210 942 1326 998 ltulnm.
1436 963 1440 971 ·

347 1073 396 1136 Ea
419 1083 465 1135 est
488 1071 597 1136 habita
621 1095 649 1135 a.
680 1075 739 1136 691
770 1073 850 1152 (63).
899 1074 949 1136 Eo
979 1094 1062 1136 anno
1083 1071 1228 1154 petivere
1251 1093 1329 1135 con·

282 1177 416 1239 sulatum
436 1177 477 1239 L.
495 1175 640 1238 Licinius
664 1177 821 1252 Murena,
846 1175 885 1242 D,
908 1174 1018 1237 lunius
1034 1174 1177 1251 Silanus,
1196 1175 1329 1237 Servius

283 1277 444 1358 Sulpicius
474 1279 579 1340 Rufus
608 1290 638 1340 et
669 1275 817 1346 Catilina.
869 1277 949 1340 Cum
984 1277 1096 1340 deinde
1131 1279 1266 1339 Murena
1297 1288 1329 1339 et

283 1379 407 1442 Silanus
437 1380 537 1443 creati
567 1392 688 1458 essent,
720 1383 792 1443 Ser.
830 1380 989 1462 Sulpicius
1020 1380 1124 1444 Rufus
1158 1381 1327 1442 Murenam

282 1483 418 1544 ambitus
452 1504 540 1545 reum
580 1483 675 1558 fecit,
710 1486 797 1567 quod
834 1483 987 1566 suffragia
1022 1481 1156 1563 pecunia
1190 1481 1328 1549 emisset.

283 1585 365 1648 Eum
382 1585 523 1647 defendit
540 1585 734 1648 Hortensius
757 1597 787 1646 et
811 1584 944 1647 Cicero.
984 1583 1190 1645 Hortensium
1214 1583 1245 1644 in
1269 1586 1330 1644 hac

282 1685 466 1766 defensione
490 1708 553 1750 non
577 1686 709 1750 cessisse
730 1685 902 1761 Ciceroni,
927 1684 1119 1746 Plutarchus
1142 1683 1273 1751 tradidit
1295 1685 1329 1746 in

284 1786 342 1851 vit.
361 1787 471 1880 Cicer.
495 1811 524 1852 c.
546 1789 599 1851 35.
623 1788 780 1876 Λικιννίῳ
798 1781 963 1874 Μουρήνᾳ
983 1780 1138 1876 φεύγοντι
1159 1782 1329 1865 δίκηνὺπὸ

283 1885 443 1966 Κάτωνος
459 1891 601 1974 βοηθῶν
621 1887 770 1968 (Cicero)
792 1893 848 1952 καὶ
864 1881 1330 1978 φιλοτιμούμενοςῑθρτήσιον

281 1986 495 2081 ὑπερβάλλειν
519 1985 764 2076 ἐνημερι)σοιντοι
795 1993 895 2080 μέρος
921 1981 1015 2055 οὐδὲν
1037 1985 1247 2056 ἀνεπαύσατο
1270 1990 1329 2068 τῆς

282 2090 408 2170 νυκτὸς,
425 2088 468 2168 ὡς
489 2087 552 2158 ὑπὸ
577 2093 635 2157 τοῦ
660 2087 795 2183 σφόδρα
818 2093 995 2182 φροντίσαι
1011 2097 1065 2157 καὶ
1084 2093 1327 2181 διαγρυπνῆσαι

282 2199 450 2272 κακωθεὶς
471 2195 671 2284 ἐνδεέστερος
688 2189 792 2261 αὑτοῦ
814 2196 971 2281 φανῆναι.

518 2369 564 2428 15.
604 2370 703 2428 Oratio
722 2388 774 2443 pro
794 2372 825 2428 P.
846 2371 980 2432 Cornelio
1000 2373 1091 2428 Sulla.

346 2503 395 2564 Ea
418 2523 510 2564 causa
534 2514 581 2565 est
604 2515 671 2566 acta
696 2525 725 2566 a.
751 2505 812 2567 692
836 2501 915 2586 (62).
962 2507 1004 2566 L.
1023 2507 1207 2587 Torquatus
1229 2503 1261 2565 in
1278 2503 1326 2564 iu·

283 2602 398 2668 dicium
424 2605 555 2668 vocavit
575 2607 616 2669 P.
642 2607 776 2681 Sullam,
797 2610 886 2692 quod
908 2605 991 2669 inter
1014 2606 1199 2670 coniuratos
1214 2605 1327 2668 fuisset

283 2705 453 2780 Catilinae.
499 2707 541 2770 Ei
563 2709 693 2771 adfuere
717 2708 836 2774 Cicero
869 2721 900 2772 et
921 2709 1132 2784 Hortensius,
1161 2720 1191 2772 et
1215 2729 1325 2792 quam·

283 2808 332 2871 vis
354 2810 466 2892 culpae
496 2822 578 2872 esset
607 2810 728 2885 affinis,
757 2811 912 2876 liberatus
941 2823 998 2880 est.
1027 2811 1128 2877 Conl.
1160 2812 1326 2874 Drumann

281 2923 307 2974 t.
332 2914 363 2975 ε.
388 2935 422 2996 p.
447 2913 626 2975 ais-523.

330 3071 376 3127 16.
417 3069 516 3127 Oratio
536 3089 589 3144 pro
609 3073 710 3129 rostris
730 3074 766 3130 de
786 3089 909 3131 censura
928 3077 958 3130 et
977 3074 1053 3131 belle
1073 3073 1272 3144 Allobrogum.

345 3203 393 3264 Ea
423 3201 530 3267 habita
559 3203 662 3267 fertur
684 3227 713 3268 a.
751 3207 812 3269 692
845 3207 925 3286 (62).
983 3203 1137 3286 Legimus
1166 3203 1198 3264 in
1227 3203 1325 3266 Actis

281 3303 434 3380 diurnis,
467 3329 483 3368 a
512 3307 620 3372 nescio
649 3330 714 3392 quo
744 3307 827 3370 fictis
857 3319 888 3370 et
916 3305 1107 3386 suppositis,
1137 3325 1217 3386 quae
1241 3307 1325 3384 apud

283 3405 434 3490 Pighium
459 3411 500 3472 Τ.
532 3411 563 3472 2.
595 3434 630 3493 p.
661 3411 732 3473 378.
767 3422 798 3472 et
831 3411 880 3471 Le
912 3406 1011 3469 Clerc
1037 3409 1109 3468 Des
1138 3404 1324 3468 Iourrraux

280 3511 363 3574 clrez
385 3513 433 3572 les
462 3514 628 3576 Romulus
657 3536 690 3594 p.
716 3513 777 3574 218
809 3520 931 3583 extant,
962 3507 1044 3569 inter
1067 3528 1103 3569 ea
1126 3527 1206 3590 quae
1230 3510 1268 3569 ad
1292 3529 1322 3570 a.

281 3610 343 3673 692
366 3614 434 3692 (62)
456 3613 553 3676 relata
578 3626 667 3690 sunt,
691 3617 770 3676 baec
794 3631 940 3696 quoque:
965 3613 1008 3692 Q.
1033 3609 1240 3674 Hortensius
1261 3611 1325 3672 sub

281 3735 460 3796 vesperum
488 3717 679 3779 orationem
710 3715 827 3777 habuit
857 3735 923 3795 pro
954 3712 1078 3776 rostris
1109 3714 1149 3774 de
1180 3733 1325 3774 censura

280 3827 313 3878 ct
341 3818 426 3880 bello
453 3818 692 3900 Allobrogum.
739 3817 787 3879 De
820 3817 941 3878 Brosse
975 3814 1135 3894 (Histoire
1166 3813 1323 3876 Romaine

280 3921 406 4001 d'apres
440 3919 576 3982 Salluste
608 3921 649 3980 Τ.
681 3919 712 3980 2.
744 3941 776 4000 ρ,
807 3919 882 3997 690)
912 3920 1061 4000 putabat,
1090 3939 1181 3979 unam
1206 3919 1323 3978 duasve

281 4042 381 4082 novas
411 4019 573 4084 orationes
607 4019 775 4083 Hortensii
808 4043 841 4084 se
872 4020 1050 4094 invenisse,
1082 4041 1152 4083 cum
1184 4018 1215 4080 in
1245 4019 1324 4079 haec

282 4122 380 4183 verba
403 4123 561 4187 Actorum
591 4120 774 4186 incidisset:
805 4119 862 4188 sed
892 4127 940 4186 Le
971 4122 1084 4198 Clerc,
1115 4121 1170 4207 qui
1192 4118 1322 4183 omnino

281 4223 319 4282 de
336 4223 433 4285 Actis
449 4228 684 4288 Romanorum
707 4229 879 4308 prudenter
894 4238 926 4288 et
942 4229 1035 4289 docte
1053 4223 1193 4305 scripsit,
1212 4242 1323 4284 verum

282 4318 399 4384 vidisse
428 4325 584 4400 arbitror,
614 4350 669 4411 qur
700 4343 811 4393 cuncta
842 4331 997 4392 Actorum
1026 4328 1205 4409 fragmenta
1228 4333 1279 4385 aot
1306 4344 1324 4384 a
