<?xml version="1.0" encoding="UTF-8"?>
<!DOCTYPE html PUBLIC "-//W3C//DTD XHTML 1.0 Transitional//EN"
    "http://www.w3.org/TR/xhtml1/DTD/xhtml1-transitional.dtd">
<html xmlns="http://www.w3.org/1999/xhtml" xml:lang="en" lang="en">
 <head>
  <title>
</title>
<meta http-equiv="Content-Type" content="text/html;charset=utf-8" />
  <meta name='ocr-system' content='tesseract 3.04.00' />
  <meta name='ocr-capabilities' content='ocr_page ocr_carea ocr_par ocr_line ocrx_word'/>
</head>
<body>
  <div class='ocr_page' id='page_1' title='image "./oratorumromanor02meyegoog_0529.png"; bbox 0 0 2966 4842; ppageno 0'>
   <div class='ocr_carea' id='block_1_1' title="bbox 1173 389 1234 454">
    <p class='ocr_par' dir='ltr' id='par_1_1' title="bbox 1173 389 1234 454">
     <span class='ocr_line' id='line_1_1' title="bbox 1173 389 1234 454; baseline 0.066 -4"><span class='ocrx_word' id='word_1_1' title='bbox 1173 389 1234 454; x_wconf 78' lang='grc'><strong>509</strong></span> 
     </span>
    </p>
   </div>
   <div class='ocr_carea' id='block_1_2' title="bbox 181 545 1286 1034">
    <p class='ocr_par' dir='ltr' id='par_1_2' title="bbox 181 545 1286 938">
     <span class='ocr_line' id='line_1_2' title="bbox 244 545 1230 629; baseline -0.006 -16"><span class='ocrx_word' id='word_1_2' title='bbox 244 549 325 613; x_wconf 87' lang='lat' dir='ltr'><strong>ibid.</strong></span> <span class='ocrx_word' id='word_1_3' title='bbox 349 554 378 624; x_wconf 92' lang='grc'><strong>4,</strong></span> <span class='ocrx_word' id='word_1_4' title='bbox 404 554 432 622; x_wconf 99' lang='grc'><strong>1,</strong></span> <span class='ocrx_word' id='word_1_5' title='bbox 455 549 487 610; x_wconf 88' lang='grc'><strong>8.</strong></span> <span class='ocrx_word' id='word_1_6' title='bbox 512 549 575 610; x_wconf 81' lang='lat' dir='ltr'><strong>Est</strong></span> <span class='ocrx_word' id='word_1_7' title='bbox 598 545 766 628; x_wconf 78' lang='lat' dir='ltr'><strong><em>quaedam</em></strong></span> <span class='ocrx_word' id='word_1_8' title='bbox 789 547 824 607; x_wconf 86' lang='lat' dir='ltr'><strong>iu</strong></span> <span class='ocrx_word' id='word_1_9' title='bbox 846 545 1045 629; x_wconf 82' lang='lat' dir='ltr'><strong>hisquoque</strong></span> <span class='ocrx_word' id='word_1_10' title='bbox 1062 567 1230 609; x_wconf 88' lang='lat' dir='ltr'><strong>commen-</strong></span> 
     </span>
     <span class='ocr_line' id='line_1_3' title="bbox 188 635 1232 738; baseline -0.007 -21"><span class='ocrx_word' id='word_1_11' title='bbox 188 655 284 717; x_wconf 81' lang='lat' dir='ltr'><strong><em>datio</em></strong></span> <span class='ocrx_word' id='word_1_12' title='bbox 306 652 428 725; x_wconf 85' lang='lat' dir='ltr'><strong>tacita‚</strong></span> <span class='ocrx_word' id='word_1_13' title='bbox 463 650 495 712; x_wconf 87' lang='lat' dir='ltr'><strong>si</strong></span> <span class='ocrx_word' id='word_1_14' title='bbox 523 669 586 711; x_wconf 87' lang='lat' dir='ltr'><strong>nos</strong></span> <span class='ocrx_word' id='word_1_15' title='bbox 616 645 783 738; x_wconf 83' lang='lat' dir='ltr'><strong>infirmos</strong></span> <span class='ocrx_word' id='word_1_16' title='bbox 812 659 845 709; x_wconf 86' lang='lat' dir='ltr'><strong>et</strong></span> <span class='ocrx_word' id='word_1_17' title='bbox 875 648 1026 728; x_wconf 87' lang='lat' dir='ltr'><strong>impares</strong></span> <span class='ocrx_word' id='word_1_18' title='bbox 1056 635 1232 730; x_wconf 81' lang='lat' dir='ltr'><strong>agentium</strong></span> 
     </span>
     <span class='ocr_line' id='line_1_4' title="bbox 181 751 1231 836; baseline -0.004 -18"><span class='ocrx_word' id='word_1_19' title='bbox 181 768 303 820; x_wconf 85' lang='lat' dir='ltr'><strong>contra</strong></span> <span class='ocrx_word' id='word_1_20' title='bbox 323 753 472 836; x_wconf 84' lang='lat' dir='ltr'><strong>ingeniis</strong></span> <span class='ocrx_word' id='word_1_21' title='bbox 494 751 702 824; x_wconf 75' lang='lat' dir='ltr'><strong><em>dixerimus,</em></strong></span> <span class='ocrx_word' id='word_1_22' title='bbox 727 751 844 834; x_wconf 82' lang='lat' dir='ltr'><strong>qualia</strong></span> <span class='ocrx_word' id='word_1_23' title='bbox 865 762 945 811; x_wconf 86' lang='lat' dir='ltr'><strong>sunt</strong></span> <span class='ocrx_word' id='word_1_24' title='bbox 961 752 1124 833; x_wconf 76' lang='lat' dir='ltr'><strong><em>pleraque</em></strong></span> <span class='ocrx_word' id='word_1_25' title='bbox 1136 754 1231 815; x_wconf 87' lang='lat' dir='ltr'><strong>Mes·</strong></span> 
     </span>
     <span class='ocr_line' id='line_1_5' title="bbox 181 854 1286 938; baseline -0.014 -18"><span class='ocrx_word' id='word_1_26' title='bbox 181 861 272 920; x_wconf 90' lang='lat' dir='ltr'><strong>solae</strong></span> <span class='ocrx_word' id='word_1_27' title='bbox 295 854 486 938; x_wconf 83' lang='lat' dir='ltr'><strong>prooemia.</strong></span> <span class='ocrx_word' id='word_1_28' title='bbox 1283 857 1286 861; x_wconf 83' lang='lat'>&#39;</span> 
     </span>
    </p>

    <p class='ocr_par' dir='ltr' id='par_1_3' title="bbox 222 955 1230 1034">
     <span class='ocr_line' id='line_1_6' title="bbox 222 955 1230 1034; baseline -0.001 -13"><span class='ocrx_word' id='word_1_29' title='bbox 222 957 345 1021; x_wconf 87' lang='lat' dir='ltr'><strong>Plinius</strong></span> <span class='ocrx_word' id='word_1_30' title='bbox 367 956 398 1018; x_wconf 91' lang='lat' dir='ltr'><strong>in</strong></span> <span class='ocrx_word' id='word_1_31' title='bbox 423 955 567 1019; x_wconf 82' lang='lat' dir='ltr'><strong>Historia</strong></span> <span class='ocrx_word' id='word_1_32' title='bbox 592 957 751 1018; x_wconf 78' lang='lat' dir='ltr'><strong><em>Messalae</em></strong></span> <span class='ocrx_word' id='word_1_33' title='bbox 775 975 837 1017; x_wconf 91' lang='lat' dir='ltr'><strong>nou</strong></span> <span class='ocrx_word' id='word_1_34' title='bbox 860 976 934 1016; x_wconf 85' lang='lat' dir='ltr'><strong>raro</strong></span> <span class='ocrx_word' id='word_1_35' title='bbox 959 955 1107 1034; x_wconf 81' lang='lat' dir='ltr'><strong>meminit,</strong></span> <span class='ocrx_word' id='word_1_36' title='bbox 1131 967 1174 1033; x_wconf 87' lang='lat' dir='ltr'><strong>et,</strong></span> <span class='ocrx_word' id='word_1_37' title='bbox 1198 970 1230 1020; x_wconf 92' lang='lat' dir='ltr'><strong>nt</strong></span> 
     </span>
    </p>
   </div>
   <div class='ocr_carea' id='block_1_3' title="bbox 181 1057 1229 1236">
    <p class='ocr_par' dir='ltr' id='par_1_4' title="bbox 181 1057 1229 1236">
     <span class='ocr_line' id='line_1_7' title="bbox 181 1057 1229 1140; baseline -0.001 -17"><span class='ocrx_word' id='word_1_38' title='bbox 181 1083 196 1122; x_wconf 93' lang='lat' dir='ltr'><strong>a</strong></span> <span class='ocrx_word' id='word_1_39' title='bbox 221 1059 335 1123; x_wconf 83' lang='lat' dir='ltr'><strong>ceteris</strong></span> <span class='ocrx_word' id='word_1_40' title='bbox 357 1057 507 1122; x_wconf 88' lang='lat' dir='ltr'><strong>Messalis</strong></span> <span class='ocrx_word' id='word_1_41' title='bbox 531 1057 753 1140; x_wconf 79' lang='lat' dir='ltr'><strong>distinguatur,</strong></span> <span class='ocrx_word' id='word_1_42' title='bbox 774 1059 857 1118; x_wconf 89' lang='lat' dir='ltr'><strong>hunc</strong></span> <span class='ocrx_word' id='word_1_43' title='bbox 873 1069 1046 1120; x_wconf 84' lang='lat' dir='ltr'><strong>oratorem</strong></span> <span class='ocrx_word' id='word_1_44' title='bbox 1069 1059 1229 1140; x_wconf 86' lang='lat' dir='ltr'><strong>appellare</strong></span> 
     </span>
     <span class='ocr_line' id='line_1_8' title="bbox 182 1161 846 1236; baseline -0.009 -10"><span class='ocrx_word' id='word_1_45' title='bbox 182 1163 264 1226; x_wconf 82' lang='lat' dir='ltr'><strong>solet</strong></span> <span class='ocrx_word' id='word_1_46' title='bbox 287 1161 384 1225; x_wconf 86' lang='lat' dir='ltr'><strong>veluti</strong></span> <span class='ocrx_word' id='word_1_47' title='bbox 407 1161 427 1231; x_wconf 84' lang='lat' dir='ltr'><strong>l.</strong></span> <span class='ocrx_word' id='word_1_48' title='bbox 444 1162 494 1236; x_wconf 82' lang='grc'><strong>33,</strong></span> <span class='ocrx_word' id='word_1_49' title='bbox 517 1162 604 1236; x_wconf 83' lang='grc'><strong>3,14.</strong></span> <span class='ocrx_word' id='word_1_50' title='bbox 629 1163 651 1223; x_wconf 97' lang='lat' dir='ltr'><strong>l.</strong></span> <span class='ocrx_word' id='word_1_51' title='bbox 677 1161 728 1235; x_wconf 78' lang='lat' dir='ltr'><strong>dl),</strong></span> <span class='ocrx_word' id='word_1_52' title='bbox 755 1162 792 1235; x_wconf 89' lang='grc'><strong>4,</strong></span> <span class='ocrx_word' id='word_1_53' title='bbox 816 1164 846 1220; x_wconf 84' lang='grc'><strong>7.</strong></span> 
     </span>
    </p>
   </div>
   <div class='ocr_carea' id='block_1_4' title="bbox 437 1301 932 1394">
    <p class='ocr_par' dir='ltr' id='par_1_5' title="bbox 437 1301 932 1394">
     <span class='ocr_line' id='line_1_9' title="bbox 437 1301 932 1394; baseline -0.008 1"><span class='ocrx_word' id='word_1_54' title='bbox 437 1301 438 1304; x_wconf 11' lang='lat'>¹</span> <span class='ocrx_word' id='word_1_55' title='bbox 486 1338 513 1394; x_wconf 87' lang='lat' dir='ltr'><strong>l.</strong></span> <span class='ocrx_word' id='word_1_56' title='bbox 535 1337 635 1394; x_wconf 69' lang='lat' dir='ltr'><strong>Oratio</strong></span> <span class='ocrx_word' id='word_1_57' title='bbox 655 1341 756 1392; x_wconf 83' lang='lat' dir='ltr'><strong>eontra</strong></span> <span class='ocrx_word' id='word_1_58' title='bbox 776 1337 932 1394; x_wconf 83' lang='lat' dir='ltr'><strong>Aufidiam.</strong></span> 
     </span>
    </p>
   </div>
   <div class='ocr_carea' id='block_1_5' title="bbox 93 1467 1311 4204">
    <p class='ocr_par' dir='ltr' id='par_1_6' title="bbox 179 1467 1228 1958">
     <span class='ocr_line' id='line_1_10' title="bbox 244 1467 1227 1552; baseline 0.003 -19"><span class='ocrx_word' id='word_1_59' title='bbox 244 1469 349 1534; x_wconf 80' lang='lat' dir='ltr'><strong><em>Causa</em></strong></span> <span class='ocrx_word' id='word_1_60' title='bbox 370 1467 579 1542; x_wconf 86' lang='lat' dir='ltr'><strong>hereditaria,</strong></span> <span class='ocrx_word' id='word_1_61' title='bbox 611 1487 692 1552; x_wconf 84' lang='lat' dir='ltr'><strong>quae</strong></span> <span class='ocrx_word' id='word_1_62' title='bbox 715 1487 796 1530; x_wconf 91' lang='lat' dir='ltr'><strong>anno</strong></span> <span class='ocrx_word' id='word_1_63' title='bbox 827 1467 955 1530; x_wconf 87' lang='lat' dir='ltr'><strong>circiter</strong></span> <span class='ocrx_word' id='word_1_64' title='bbox 986 1471 1047 1530; x_wconf 83' lang='grc'><strong>710</strong></span> <span class='ocrx_word' id='word_1_65' title='bbox 1069 1473 1137 1551; x_wconf 76' lang='lat' dir='ltr'><strong>(di)</strong></span> <span class='ocrx_word' id='word_1_66' title='bbox 1160 1485 1227 1536; x_wconf 88' lang='lat' dir='ltr'><strong>acta</strong></span> 
     </span>
     <span class='ocr_line' id='line_1_11' title="bbox 179 1569 1225 1650; baseline 0.001 -13"><span class='ocrx_word' id='word_1_67' title='bbox 179 1586 238 1637; x_wconf 81' lang='lat' dir='ltr'><strong>est.</strong></span> <span class='ocrx_word' id='word_1_68' title='bbox 284 1575 352 1638; x_wconf 84' lang='lat' dir='ltr'><strong>Pro</strong></span> <span class='ocrx_word' id='word_1_69' title='bbox 375 1572 503 1636; x_wconf 87' lang='lat' dir='ltr'><strong>Aufidia</strong></span> <span class='ocrx_word' id='word_1_70' title='bbox 528 1569 610 1632; x_wconf 87' lang='lat' dir='ltr'><strong>dixit</strong></span> <span class='ocrx_word' id='word_1_71' title='bbox 633 1569 764 1632; x_wconf 85' lang='lat' dir='ltr'><strong>Servius</strong></span> <span class='ocrx_word' id='word_1_72' title='bbox 787 1569 947 1650; x_wconf 82' lang='lat' dir='ltr'><strong>Sulpicius</strong></span> <span class='ocrx_word' id='word_1_73' title='bbox 963 1571 1078 1636; x_wconf 84' lang='lat' dir='ltr'><strong>Rufus.</strong></span> <span class='ocrx_word' id='word_1_74' title='bbox 1124 1573 1225 1639; x_wconf 89' lang='lat' dir='ltr'><strong>Conl.</strong></span> 
     </span>
     <span class='ocr_line' id='line_1_12' title="bbox 180 1672 1226 1758; baseline 0.003 -19"><span class='ocrx_word' id='word_1_75' title='bbox 180 1689 271 1740; x_wconf 82' lang='lat' dir='ltr'><strong>orat.</strong></span> <span class='ocrx_word' id='word_1_76' title='bbox 295 1676 405 1739; x_wconf 83' lang='lat' dir='ltr'><strong>Seruii</strong></span> <span class='ocrx_word' id='word_1_77' title='bbox 440 1672 584 1754; x_wconf 75' lang='lat' dir='ltr'><strong>Sulpicii</strong></span> <span class='ocrx_word' id='word_1_78' title='bbox 606 1694 681 1753; x_wconf 77' lang='lat' dir='ltr'><strong>pag.</strong></span> <span class='ocrx_word' id='word_1_79' title='bbox 714 1673 787 1733; x_wconf 91' lang='grc'><strong>401.</strong></span> <span class='ocrx_word' id='word_1_80' title='bbox 834 1674 925 1735; x_wconf 88' lang='lat' dir='ltr'><strong>Haec</strong></span> <span class='ocrx_word' id='word_1_81' title='bbox 959 1695 1088 1758; x_wconf 88' lang='lat' dir='ltr'><strong>quoqne</strong></span> <span class='ocrx_word' id='word_1_82' title='bbox 1121 1678 1226 1742; x_wconf 88' lang='lat' dir='ltr'><strong>oratio</strong></span> 
     </span>
     <span class='ocr_line' id='line_1_13' title="bbox 180 1771 1228 1860; baseline 0.001 -18"><span class='ocrx_word' id='word_1_83' title='bbox 180 1781 382 1860; x_wconf 87' lang='lat' dir='ltr'><strong>comprobat,</strong></span> <span class='ocrx_word' id='word_1_84' title='bbox 408 1789 440 1839; x_wconf 91' lang='lat' dir='ltr'><strong>ut</strong></span> <span class='ocrx_word' id='word_1_85' title='bbox 462 1796 557 1858; x_wconf 84' lang='lat' dir='ltr'><strong>supra</strong></span> <span class='ocrx_word' id='word_1_86' title='bbox 582 1773 733 1847; x_wconf 83' lang='lat' dir='ltr'><strong>diximus,</strong></span> <span class='ocrx_word' id='word_1_87' title='bbox 750 1771 982 1854; x_wconf 79' lang='lat' dir='ltr'><strong>Hieronymum</strong></span> <span class='ocrx_word' id='word_1_88' title='bbox 999 1775 1029 1836; x_wconf 94' lang='lat' dir='ltr'><strong>in</strong></span> <span class='ocrx_word' id='word_1_89' title='bbox 1049 1779 1228 1844; x_wconf 81' lang='lat' dir='ltr'><strong>deliniendo</strong></span> 
     </span>
     <span class='ocr_line' id='line_1_14' title="bbox 180 1877 735 1958; baseline -0.013 -14"><span class='ocrx_word' id='word_1_90' title='bbox 180 1903 261 1944; x_wconf 91' lang='lat' dir='ltr'><strong>anno</strong></span> <span class='ocrx_word' id='word_1_91' title='bbox 287 1879 444 1942; x_wconf 88' lang='lat' dir='ltr'><strong>Messalae</strong></span> <span class='ocrx_word' id='word_1_92' title='bbox 467 1877 562 1940; x_wconf 86' lang='lat' dir='ltr'><strong>natali</strong></span> <span class='ocrx_word' id='word_1_93' title='bbox 582 1897 735 1958; x_wconf 84' lang='lat' dir='ltr'><strong>peccare.</strong></span> 
     </span>
    </p>

    <p class='ocr_par' dir='ltr' id='par_1_7' title="bbox 179 1977 1227 2370">
     <span class='ocr_line' id='line_1_15' title="bbox 242 1977 1225 2062; baseline 0.002 -16"><span class='ocrx_word' id='word_1_94' title='bbox 242 1983 372 2046; x_wconf 82' lang='lat' dir='ltr'><strong>Ellendt</strong></span> <span class='ocrx_word' id='word_1_95' title='bbox 394 2004 425 2062; x_wconf 92' lang='lat' dir='ltr'><strong>p.</strong></span> <span class='ocrx_word' id='word_1_96' title='bbox 452 1980 635 2044; x_wconf 86' lang='lat' dir='ltr'><strong>CXXXII.</strong></span> <span class='ocrx_word' id='word_1_97' title='bbox 660 1977 784 2052; x_wconf 83' lang='lat' dir='ltr'><strong>scribit,</strong></span> <span class='ocrx_word' id='word_1_98' title='bbox 808 2001 875 2042; x_wconf 89' lang='lat' dir='ltr'><strong>eam</strong></span> <span class='ocrx_word' id='word_1_99' title='bbox 900 2001 1024 2043; x_wconf 84' lang='lat' dir='ltr'><strong>causam</strong></span> <span class='ocrx_word' id='word_1_100' title='bbox 1047 2004 1110 2045; x_wconf 92' lang='lat' dir='ltr'><strong>non</strong></span> <span class='ocrx_word' id='word_1_101' title='bbox 1129 1988 1225 2049; x_wconf 89' lang='lat' dir='ltr'><strong>modo</strong></span> 
     </span>
     <span class='ocr_line' id='line_1_16' title="bbox 179 2081 1227 2160; baseline 0 -10"><span class='ocrx_word' id='word_1_102' title='bbox 179 2099 249 2150; x_wconf 86' lang='lat' dir='ltr'><strong>ante</strong></span> <span class='ocrx_word' id='word_1_103' title='bbox 272 2106 380 2146; x_wconf 86' lang='lat' dir='ltr'><strong>necem</strong></span> <span class='ocrx_word' id='word_1_104' title='bbox 404 2081 553 2147; x_wconf 83' lang='lat' dir='ltr'><strong>Caesaris</strong></span> <span class='ocrx_word' id='word_1_105' title='bbox 575 2085 631 2144; x_wconf 90' lang='lat' dir='ltr'><strong>sed</strong></span> <span class='ocrx_word' id='word_1_106' title='bbox 653 2081 746 2144; x_wconf 75' lang='lat' dir='ltr'><strong>eliam</strong></span> <span class='ocrx_word' id='word_1_107' title='bbox 770 2092 840 2143; x_wconf 82' lang='lat' dir='ltr'><strong>ante</strong></span> <span class='ocrx_word' id='word_1_108' title='bbox 864 2082 979 2144; x_wconf 89' lang='lat' dir='ltr'><strong>bellum</strong></span> <span class='ocrx_word' id='word_1_109' title='bbox 998 2081 1103 2158; x_wconf 87' lang='lat' dir='ltr'><strong>civile,</strong></span> <span class='ocrx_word' id='word_1_110' title='bbox 1124 2085 1227 2160; x_wconf 87' lang='lat' dir='ltr'><strong>idest,</strong></span> 
     </span>
     <span class='ocr_line' id='line_1_17' title="bbox 180 2183 1227 2264; baseline 0.002 -16"><span class='ocrx_word' id='word_1_111' title='bbox 180 2199 254 2250; x_wconf 87' lang='lat' dir='ltr'><strong>ante</strong></span> <span class='ocrx_word' id='word_1_112' title='bbox 275 2207 304 2248; x_wconf 90' lang='lat' dir='ltr'><strong>a.</strong></span> <span class='ocrx_word' id='word_1_113' title='bbox 330 2187 390 2246; x_wconf 84' lang='lat'><strong>705</strong></span> <span class='ocrx_word' id='word_1_114' title='bbox 413 2187 481 2264; x_wconf 84' lang='grc'><strong>(49)</strong></span> <span class='ocrx_word' id='word_1_115' title='bbox 505 2194 605 2246; x_wconf 74' lang='lat' dir='ltr'><strong>actam</strong></span> <span class='ocrx_word' id='word_1_116' title='bbox 630 2205 710 2246; x_wconf 88' lang='lat' dir='ltr'><strong>esse.</strong></span> <span class='ocrx_word' id='word_1_117' title='bbox 758 2185 854 2264; x_wconf 89' lang='lat' dir='ltr'><strong>Quod</strong></span> <span class='ocrx_word' id='word_1_118' title='bbox 876 2183 903 2246; x_wconf 90' lang='lat' dir='ltr'><strong>si</strong></span> <span class='ocrx_word' id='word_1_119' title='bbox 925 2207 1035 2246; x_wconf 86' lang='lat' dir='ltr'><strong>verum</strong></span> <span class='ocrx_word' id='word_1_120' title='bbox 1059 2198 1115 2260; x_wconf 85' lang='lat' dir='ltr'><strong>est,</strong></span> <span class='ocrx_word' id='word_1_121' title='bbox 1138 2189 1227 2250; x_wconf 89' lang='lat' dir='ltr'><strong>Mes-</strong></span> 
     </span>
     <span class='ocr_line' id='line_1_18' title="bbox 179 2287 1226 2370; baseline 0.002 -20"><span class='ocrx_word' id='word_1_122' title='bbox 179 2290 242 2352; x_wconf 84' lang='lat' dir='ltr'><strong>sala</strong></span> <span class='ocrx_word' id='word_1_123' title='bbox 265 2308 361 2352; x_wconf 82' lang='lat' dir='ltr'><strong>orare</strong></span> <span class='ocrx_word' id='word_1_124' title='bbox 384 2308 492 2358; x_wconf 79' lang='lat' dir='ltr'><strong>causas</strong></span> <span class='ocrx_word' id='word_1_125' title='bbox 516 2299 683 2367; x_wconf 85' lang='lat' dir='ltr'><strong>coeperat,</strong></span> <span class='ocrx_word' id='word_1_126' title='bbox 707 2298 872 2370; x_wconf 87' lang='lat' dir='ltr'><strong>antequam</strong></span> <span class='ocrx_word' id='word_1_127' title='bbox 897 2287 1036 2348; x_wconf 87' lang='lat' dir='ltr'><strong>Athenas</strong></span> <span class='ocrx_word' id='word_1_128' title='bbox 1059 2289 1226 2368; x_wconf 80' lang='lat' dir='ltr'><strong>profectus</strong></span> 
     </span>
    </p>

    <p class='ocr_par' dir='ltr' id='par_1_8' title="bbox 93 2375 1311 3608">
     <span class='ocr_line' id='line_1_19' title="bbox 146 2375 1311 2469; baseline 0.001 -15"><span class='ocrx_word' id='word_1_129' title='bbox 146 2404 147 2408; x_wconf 78' lang='grc'>’</span> <span class='ocrx_word' id='word_1_130' title='bbox 179 2403 259 2469; x_wconf 88' lang='lat' dir='ltr'><strong>erat,</strong></span> <span class='ocrx_word' id='word_1_131' title='bbox 283 2403 317 2452; x_wconf 92' lang='lat' dir='ltr'><strong>ut</strong></span> <span class='ocrx_word' id='word_1_132' title='bbox 339 2389 443 2453; x_wconf 88' lang='lat' dir='ltr'><strong>studio</strong></span> <span class='ocrx_word' id='word_1_133' title='bbox 466 2388 591 2451; x_wconf 89' lang='lat' dir='ltr'><strong>dicendi</strong></span> <span class='ocrx_word' id='word_1_134' title='bbox 616 2401 760 2450; x_wconf 82' lang='lat' dir='ltr'><strong>vacaret:</strong></span> <span class='ocrx_word' id='word_1_135' title='bbox 787 2386 921 2450; x_wconf 84' lang='lat' dir='ltr'><strong>Athenis</strong></span> <span class='ocrx_word' id='word_1_136' title='bbox 944 2388 1026 2452; x_wconf 88' lang='lat' dir='ltr'><strong>euim</strong></span> <span class='ocrx_word' id='word_1_137' title='bbox 1045 2411 1244 2454; x_wconf 87' lang='lat' dir='ltr'><strong>commora··</strong></span> <span class='ocrx_word' id='word_1_138' title='bbox 1306 2375 1311 2384; x_wconf 52' lang='grc'><em>’</em></span> 
     </span>
     <span class='ocr_line' id='line_1_20' title="bbox 93 2477 1225 2570; baseline 0 -14"><span class='ocrx_word' id='word_1_139' title='bbox 93 2477 95 2482; x_wconf 68' lang='lat'><strong>,</strong></span> <span class='ocrx_word' id='word_1_140' title='bbox 179 2507 228 2556; x_wconf 87' lang='lat' dir='ltr'><strong>tus</strong></span> <span class='ocrx_word' id='word_1_141' title='bbox 251 2506 298 2556; x_wconf 83' lang='lat' dir='ltr'><strong>est</strong></span> <span class='ocrx_word' id='word_1_142' title='bbox 320 2515 350 2556; x_wconf 91' lang='lat' dir='ltr'><strong>a.</strong></span> <span class='ocrx_word' id='word_1_143' title='bbox 383 2493 442 2556; x_wconf 85' lang='lat'><strong>709</strong></span> <span class='ocrx_word' id='word_1_144' title='bbox 476 2504 506 2554; x_wconf 89' lang='lat' dir='ltr'><strong>et</strong></span> <span class='ocrx_word' id='word_1_145' title='bbox 538 2495 600 2553; x_wconf 83' lang='lat'><strong>710</strong></span> <span class='ocrx_word' id='word_1_146' title='bbox 622 2493 674 2570; x_wconf 84' lang='grc'><strong>(45</strong></span> <span class='ocrx_word' id='word_1_147' title='bbox 699 2502 730 2553; x_wconf 89' lang='lat' dir='ltr'><strong>et</strong></span> <span class='ocrx_word' id='word_1_148' title='bbox 753 2491 819 2566; x_wconf 88' lang='grc'><strong>44).</strong></span> <span class='ocrx_word' id='word_1_149' title='bbox 864 2486 1090 2554; x_wconf 87' lang='lat' dir='ltr'><strong>Westermann</strong></span> <span class='ocrx_word' id='word_1_150' title='bbox 1123 2505 1225 2556; x_wconf 87' lang='lat' dir='ltr'><strong>autem</strong></span> 
     </span>
     <span class='ocr_line' id='line_1_21' title="bbox 179 2589 1227 2678; baseline 0.003 -21"><span class='ocrx_word' id='word_1_151' title='bbox 179 2619 213 2678; x_wconf 90' lang='lat' dir='ltr'><strong>p.</strong></span> <span class='ocrx_word' id='word_1_152' title='bbox 242 2598 319 2658; x_wconf 85' lang='grc'><strong>210.</strong></span> <span class='ocrx_word' id='word_1_153' title='bbox 345 2616 411 2658; x_wconf 89' lang='lat' dir='ltr'><strong>eam</strong></span> <span class='ocrx_word' id='word_1_154' title='bbox 442 2617 457 2656; x_wconf 94' lang='lat' dir='ltr'><strong>a</strong></span> <span class='ocrx_word' id='word_1_155' title='bbox 482 2595 622 2657; x_wconf 87' lang='lat' dir='ltr'><strong>Messala</strong></span> <span class='ocrx_word' id='word_1_156' title='bbox 653 2616 682 2656; x_wconf 93' lang='lat' dir='ltr'><strong>a.</strong></span> <span class='ocrx_word' id='word_1_157' title='bbox 708 2595 769 2654; x_wconf 83' lang='lat'><strong>710</strong></span> <span class='ocrx_word' id='word_1_158' title='bbox 791 2589 859 2676; x_wconf 87' lang='grc'><strong>(44)</strong></span> <span class='ocrx_word' id='word_1_159' title='bbox 886 2591 1000 2655; x_wconf 90' lang='lat' dir='ltr'><strong>dictam</strong></span> <span class='ocrx_word' id='word_1_160' title='bbox 1030 2606 1137 2675; x_wconf 89' lang='lat' dir='ltr'><strong>putat,</strong></span> <span class='ocrx_word' id='word_1_161' title='bbox 1162 2617 1227 2660; x_wconf 89' lang='lat' dir='ltr'><strong>uon</strong></span> 
     </span>
     <span class='ocr_line' id='line_1_22' title="bbox 179 2695 1226 2783; baseline 0.002 -23"><span class='ocrx_word' id='word_1_162' title='bbox 179 2698 230 2761; x_wconf 92' lang='lat' dir='ltr'><strong>diu</strong></span> <span class='ocrx_word' id='word_1_163' title='bbox 254 2710 421 2783; x_wconf 87' lang='lat' dir='ltr'><strong>postquam</strong></span> <span class='ocrx_word' id='word_1_164' title='bbox 445 2719 484 2760; x_wconf 90' lang='lat' dir='ltr'><strong>ex</strong></span> <span class='ocrx_word' id='word_1_165' title='bbox 510 2695 644 2760; x_wconf 88' lang='lat' dir='ltr'><strong>Athenis</strong></span> <span class='ocrx_word' id='word_1_166' title='bbox 666 2708 734 2757; x_wconf 86' lang='lat' dir='ltr'><strong>erat</strong></span> <span class='ocrx_word' id='word_1_167' title='bbox 757 2717 917 2758; x_wconf 86' lang='lat' dir='ltr'><strong>reversus.</strong></span> <span class='ocrx_word' id='word_1_168' title='bbox 947 2697 1091 2780; x_wconf 87' lang='lat' dir='ltr'><strong>Utraque</strong></span> <span class='ocrx_word' id='word_1_169' title='bbox 1115 2697 1226 2778; x_wconf 86' lang='lat' dir='ltr'><strong>opinio</strong></span> 
     </span>
     <span class='ocr_line' id='line_1_23' title="bbox 178 2797 1227 2884; baseline -0.002 -20"><span class='ocrx_word' id='word_1_170' title='bbox 178 2800 360 2884; x_wconf 87' lang='lat' dir='ltr'><strong>probabilis</strong></span> <span class='ocrx_word' id='word_1_171' title='bbox 371 2814 417 2863; x_wconf 90' lang='lat' dir='ltr'><strong>est</strong></span> <span class='ocrx_word' id='word_1_172' title='bbox 428 2822 436 2863; x_wconf 73' lang='grc' dir='ltr'><strong>ι</strong></span> <span class='ocrx_word' id='word_1_173' title='bbox 448 2799 540 2881; x_wconf 84' lang='lat' dir='ltr'><strong>prior</strong></span> <span class='ocrx_word' id='word_1_174' title='bbox 551 2799 632 2862; x_wconf 89' lang='lat' dir='ltr'><strong>enim</strong></span> <span class='ocrx_word' id='word_1_175' title='bbox 644 2797 826 2862; x_wconf 89' lang='lat' dir='ltr'><strong>testimonio</strong></span> <span class='ocrx_word' id='word_1_176' title='bbox 840 2820 968 2882; x_wconf 79' lang='lat' dir='ltr'><strong>quoque</strong></span> <span class='ocrx_word' id='word_1_177' title='bbox 979 2798 1165 2877; x_wconf 85' lang='lat' dir='ltr'><strong>Quintiliani</strong></span> <span class='ocrx_word' id='word_1_178' title='bbox 1174 2803 1227 2862; x_wconf 89' lang='lat' dir='ltr'><strong>ad·</strong></span> 
     </span>
     <span class='ocr_line' id='line_1_24' title="bbox 178 2900 1226 2988; baseline 0 -22"><span class='ocrx_word' id='word_1_179' title='bbox 178 2904 314 2979; x_wconf 86' lang='lat' dir='ltr'><strong>iuvatur,</strong></span> <span class='ocrx_word' id='word_1_180' title='bbox 338 2903 394 2988; x_wconf 91' lang='lat' dir='ltr'><strong>qni</strong></span> <span class='ocrx_word' id='word_1_181' title='bbox 409 2904 432 2966; x_wconf 91' lang='lat' dir='ltr'><strong>l.</strong></span> <span class='ocrx_word' id='word_1_182' title='bbox 448 2903 498 2975; x_wconf 89' lang='grc'><strong>12,</strong></span> <span class='ocrx_word' id='word_1_183' title='bbox 519 2906 569 2977; x_wconf 94' lang='grc'><strong>11,</strong></span> <span class='ocrx_word' id='word_1_184' title='bbox 587 2901 627 2964; x_wconf 86' lang='grc'><strong>28</strong></span> <span class='ocrx_word' id='word_1_185' title='bbox 642 2912 784 2974; x_wconf 75' lang='lat' dir='ltr'><strong>testatur,</strong></span> <span class='ocrx_word' id='word_1_186' title='bbox 799 2901 969 2962; x_wconf 83' lang='lat' dir='ltr'><strong>Messalam</strong></span> <span class='ocrx_word' id='word_1_187' title='bbox 980 2901 1052 2975; x_wconf 92' lang='lat' dir='ltr'><strong>iam,</strong></span> <span class='ocrx_word' id='word_1_188' title='bbox 1067 2900 1226 2966; x_wconf 85' lang='lat' dir='ltr'><strong>Cicerone</strong></span> 
     </span>
     <span class='ocr_line' id='line_1_25' title="bbox 179 2991 1228 3092; baseline -0.002 -24"><span class='ocrx_word' id='word_1_189' title='bbox 179 3029 283 3069; x_wconf 87' lang='lat' dir='ltr'><strong>arcem</strong></span> <span class='ocrx_word' id='word_1_190' title='bbox 313 3005 514 3092; x_wconf 85' lang='lat' dir='ltr'><strong>eloquentiae</strong></span> <span class='ocrx_word' id='word_1_191' title='bbox 548 3014 693 3077; x_wconf 76' lang='lat' dir='ltr'><strong>tenente,</strong></span> <span class='ocrx_word' id='word_1_192' title='bbox 725 3025 834 3066; x_wconf 87' lang='lat' dir='ltr'><strong>causas</strong></span> <span class='ocrx_word' id='word_1_193' title='bbox 862 3025 960 3084; x_wconf 79' lang='lat' dir='ltr'><strong>agere</strong></span> <span class='ocrx_word' id='word_1_194' title='bbox 990 3003 1145 3085; x_wconf 85' lang='lat' dir='ltr'><strong>coepisse.</strong></span> <span class='ocrx_word' id='word_1_195' title='bbox 1189 2991 1228 3068; x_wconf 90' lang='lat' dir='ltr'><strong>ld</strong></span> 
     </span>
     <span class='ocr_line' id='line_1_26' title="bbox 179 3105 1226 3183; baseline -0.002 -13"><span class='ocrx_word' id='word_1_196' title='bbox 179 3109 260 3170; x_wconf 86' lang='lat' dir='ltr'><strong>enim</strong></span> <span class='ocrx_word' id='word_1_197' title='bbox 286 3108 341 3170; x_wconf 90' lang='lat' dir='ltr'><strong>vix</strong></span> <span class='ocrx_word' id='word_1_198' title='bbox 356 3109 505 3183; x_wconf 83' lang='lat' dir='ltr'><strong>dixisset,</strong></span> <span class='ocrx_word' id='word_1_199' title='bbox 530 3105 556 3168; x_wconf 93' lang='lat' dir='ltr'><strong>si</strong></span> <span class='ocrx_word' id='word_1_200' title='bbox 569 3105 708 3168; x_wconf 89' lang='lat' dir='ltr'><strong>Messala</strong></span> <span class='ocrx_word' id='word_1_201' title='bbox 731 3127 761 3167; x_wconf 89' lang='lat' dir='ltr'><strong>a.</strong></span> <span class='ocrx_word' id='word_1_202' title='bbox 782 3109 839 3166; x_wconf 83' lang='lat'><strong>711</strong></span> <span class='ocrx_word' id='word_1_203' title='bbox 865 3107 986 3168; x_wconf 90' lang='lat' dir='ltr'><strong>demum</strong></span> <span class='ocrx_word' id='word_1_204' title='bbox 1019 3105 1050 3168; x_wconf 91' lang='lat' dir='ltr'><strong>in</strong></span> <span class='ocrx_word' id='word_1_205' title='bbox 1074 3106 1149 3171; x_wconf 87' lang='lat' dir='ltr'><strong>foro</strong></span> <span class='ocrx_word' id='word_1_206' title='bbox 1171 3125 1226 3170; x_wconf 85' lang='lat' dir='ltr'><strong>ex·</strong></span> 
     </span>
     <span class='ocr_line' id='line_1_27' title="bbox 178 3205 1227 3302; baseline 0.001 -30"><span class='ocrx_word' id='word_1_207' title='bbox 178 3211 303 3286; x_wconf 87' lang='lat' dir='ltr'><strong>titisset‚</strong></span> <span class='ocrx_word' id='word_1_208' title='bbox 321 3215 431 3275; x_wconf 91' lang='lat' dir='ltr'><strong>eodem</strong></span> <span class='ocrx_word' id='word_1_209' title='bbox 454 3210 525 3291; x_wconf 91' lang='lat' dir='ltr'><strong>ipso</strong></span> <span class='ocrx_word' id='word_1_210' title='bbox 538 3231 633 3284; x_wconf 89' lang='lat' dir='ltr'><strong>anuo,</strong></span> <span class='ocrx_word' id='word_1_211' title='bbox 651 3229 716 3293; x_wconf 89' lang='lat' dir='ltr'><strong>quo</strong></span> <span class='ocrx_word' id='word_1_212' title='bbox 727 3205 847 3302; x_wconf 84' lang='lat' dir='ltr'><strong>Cicero</strong></span> <span class='ocrx_word' id='word_1_213' title='bbox 863 3209 1021 3272; x_wconf 85' lang='lat' dir='ltr'><strong>extinctus</strong></span> <span class='ocrx_word' id='word_1_214' title='bbox 1038 3221 1097 3272; x_wconf 84' lang='lat' dir='ltr'><strong>est.</strong></span> <span class='ocrx_word' id='word_1_215' title='bbox 1118 3210 1227 3273; x_wconf 89' lang='lat' dir='ltr'><strong>Wiese</strong></span> 
     </span>
     <span class='ocr_line' id='line_1_28' title="bbox 178 3311 1225 3399; baseline 0.001 -23"><span class='ocrx_word' id='word_1_216' title='bbox 178 3337 209 3395; x_wconf 88' lang='lat' dir='ltr'><strong>p.</strong></span> <span class='ocrx_word' id='word_1_217' title='bbox 234 3314 287 3376; x_wconf 82' lang='lat'><strong>56.</strong></span> <span class='ocrx_word' id='word_1_218' title='bbox 312 3315 509 3399; x_wconf 87' lang='lat' dir='ltr'><strong>nescioquo</strong></span> <span class='ocrx_word' id='word_1_219' title='bbox 533 3334 646 3376; x_wconf 87' lang='lat' dir='ltr'><strong>errore</strong></span> <span class='ocrx_word' id='word_1_220' title='bbox 669 3334 731 3394; x_wconf 86' lang='lat' dir='ltr'><strong>pro</strong></span> <span class='ocrx_word' id='word_1_221' title='bbox 757 3311 887 3376; x_wconf 90' lang='lat' dir='ltr'><strong>Aufidio</strong></span> <span class='ocrx_word' id='word_1_222' title='bbox 898 3313 1082 3376; x_wconf 89' lang='lat' dir='ltr'><strong>Messallam</strong></span> <span class='ocrx_word' id='word_1_223' title='bbox 1106 3313 1225 3377; x_wconf 87' lang='lat' dir='ltr'><strong>dixisse</strong></span> 
     </span>
     <span class='ocr_line' id='line_1_29' title="bbox 178 3411 1225 3506; baseline 0.001 -27"><span class='ocrx_word' id='word_1_224' title='bbox 178 3416 300 3485; x_wconf 82' lang='lat' dir='ltr'><strong>scribit.</strong></span> <span class='ocrx_word' id='word_1_225' title='bbox 336 3417 517 3494; x_wconf 84' lang='lat' dir='ltr'><strong>Aufidius,</strong></span> <span class='ocrx_word' id='word_1_226' title='bbox 541 3414 656 3501; x_wconf 89' lang='lat' dir='ltr'><strong>inquit,</strong></span> <span class='ocrx_word' id='word_1_227' title='bbox 671 3417 748 3499; x_wconf 82' lang='lat' dir='ltr'><strong>quis</strong></span> <span class='ocrx_word' id='word_1_228' title='bbox 758 3411 895 3506; x_wconf 77' lang='lat' dir='ltr'><strong>fuet-it,</strong></span> <span class='ocrx_word' id='word_1_229' title='bbox 914 3439 1002 3500; x_wconf 82' lang='lat' dir='ltr'><strong>quae</strong></span> <span class='ocrx_word' id='word_1_230' title='bbox 1017 3417 1091 3480; x_wconf 92' lang='lat' dir='ltr'><strong>eius</strong></span> <span class='ocrx_word' id='word_1_231' title='bbox 1107 3438 1225 3491; x_wconf 85' lang='lat' dir='ltr'><strong>eausa,</strong></span> 
     </span>
     <span class='ocr_line' id='line_1_30' title="bbox 165 3517 528 3608; baseline 0 -26"><span class='ocrx_word' id='word_1_232' title='bbox 165 3517 320 3608; x_wconf 85' lang='lat' dir='ltr'><strong>frustra</strong></span> <span class='ocrx_word' id='word_1_233' title='bbox 342 3520 528 3602; x_wconf 85' lang='lat' dir='ltr'><strong>quaesivi.“</strong></span> 
     </span>
    </p>

    <p class='ocr_par' dir='ltr' id='par_1_9' title="bbox 171 3618 1226 4204">
     <span class='ocr_line' id='line_1_31' title="bbox 241 3618 1226 3696; baseline 0.005 -17"><span class='ocrx_word' id='word_1_234' title='bbox 241 3618 378 3696; x_wconf 87' lang='lat' dir='ltr'><strong>Quintil.</strong></span> <span class='ocrx_word' id='word_1_235' title='bbox 405 3621 460 3692; x_wconf 89' lang='grc'><strong>10,</strong></span> <span class='ocrx_word' id='word_1_236' title='bbox 489 3624 517 3690; x_wconf 91' lang='grc'><strong>1,</strong></span> <span class='ocrx_word' id='word_1_237' title='bbox 544 3623 597 3682; x_wconf 92' lang='grc'><strong>22.</strong></span> <span class='ocrx_word' id='word_1_238' title='bbox 642 3622 734 3682; x_wconf 83' lang='lat' dir='ltr'><strong>Illud</strong></span> <span class='ocrx_word' id='word_1_239' title='bbox 762 3620 1002 3692; x_wconf 85' lang='lat' dir='ltr'><strong>utilissimum,</strong></span> <span class='ocrx_word' id='word_1_240' title='bbox 1035 3641 1135 3682; x_wconf 84' lang='lat' dir='ltr'><strong>nosse</strong></span> <span class='ocrx_word' id='word_1_241' title='bbox 1167 3641 1226 3684; x_wconf 88' lang='lat' dir='ltr'><strong>eas</strong></span> 
     </span>
     <span class='ocr_line' id='line_1_32' title="bbox 176 3720 1226 3798; baseline 0.002 -18"><span class='ocrx_word' id='word_1_242' title='bbox 176 3739 311 3793; x_wconf 87' lang='lat' dir='ltr'><strong>causas,</strong></span> <span class='ocrx_word' id='word_1_243' title='bbox 336 3738 485 3798; x_wconf 83' lang='lat' dir='ltr'><strong>quarum</strong></span> <span class='ocrx_word' id='word_1_244' title='bbox 507 3720 682 3780; x_wconf 85' lang='lat' dir='ltr'><strong>orationes</strong></span> <span class='ocrx_word' id='word_1_245' title='bbox 705 3720 738 3782; x_wconf 85' lang='lat' dir='ltr'><strong>iu</strong></span> <span class='ocrx_word' id='word_1_246' title='bbox 769 3741 892 3780; x_wconf 86' lang='lat' dir='ltr'><strong>manus</strong></span> <span class='ocrx_word' id='word_1_247' title='bbox 920 3721 1163 3796; x_wconf 82' lang='lat' dir='ltr'><strong>sumserimus,</strong></span> <span class='ocrx_word' id='word_1_248' title='bbox 1192 3735 1226 3784; x_wconf 88' lang='lat' dir='ltr'><strong>et</strong></span> 
     </span>
     <span class='ocr_line' id='line_1_33' title="bbox 177 3817 1226 3904; baseline 0.003 -25"><span class='ocrx_word' id='word_1_249' title='bbox 177 3818 314 3904; x_wconf 79' lang='lat' dir='ltr'><strong>quoties</strong></span> <span class='ocrx_word' id='word_1_250' title='bbox 336 3817 522 3898; x_wconf 81' lang='lat' dir='ltr'><strong>continget,</strong></span> <span class='ocrx_word' id='word_1_251' title='bbox 542 3821 703 3904; x_wconf 83' lang='lat' dir='ltr'><strong>utrinque</strong></span> <span class='ocrx_word' id='word_1_252' title='bbox 725 3821 858 3883; x_wconf 79' lang='lat' dir='ltr'><strong>liabitas</strong></span> <span class='ocrx_word' id='word_1_253' title='bbox 881 3824 994 3904; x_wconf 84' lang='lat' dir='ltr'><strong>legere</strong></span> <span class='ocrx_word' id='word_1_254' title='bbox 1010 3823 1172 3893; x_wconf 78' lang='lat' dir='ltr'><strong>actiones,</strong></span> <span class='ocrx_word' id='word_1_255' title='bbox 1188 3835 1226 3882; x_wconf 85' lang='lat' dir='ltr'><strong>ut</strong></span> 
     </span>
     <span class='ocr_line' id='line_1_34' title="bbox 178 3917 1226 4002; baseline -0.002 -16"><span class='ocrx_word' id='word_1_256' title='bbox 178 3917 421 3986; x_wconf 84' lang='lat' dir='ltr'><strong>Demosthenis</strong></span> <span class='ocrx_word' id='word_1_257' title='bbox 442 3933 544 4002; x_wconf 83' lang='lat' dir='ltr'><strong>atque</strong></span> <span class='ocrx_word' id='word_1_258' title='bbox 567 3923 747 3986; x_wconf 81' lang='lat' dir='ltr'><strong>Aeschinis</strong></span> <span class='ocrx_word' id='word_1_259' title='bbox 769 3924 858 3986; x_wconf 83' lang='lat' dir='ltr'><strong>inter</strong></span> <span class='ocrx_word' id='word_1_260' title='bbox 886 3943 922 3985; x_wconf 89' lang='lat' dir='ltr'><strong>se</strong></span> <span class='ocrx_word' id='word_1_261' title='bbox 953 3923 1163 3995; x_wconf 83' lang='lat' dir='ltr'><strong>contrarias,</strong></span> <span class='ocrx_word' id='word_1_262' title='bbox 1193 3934 1226 3984; x_wconf 83' lang='lat' dir='ltr'><strong>et</strong></span> 
     </span>
     <span class='ocr_line' id='line_1_35' title="bbox 177 4019 1226 4108; baseline -0.003 -20"><span class='ocrx_word' id='word_1_263' title='bbox 177 4021 289 4088; x_wconf 78' lang='lat' dir='ltr'><strong>Servii</strong></span> <span class='ocrx_word' id='word_1_264' title='bbox 309 4019 453 4102; x_wconf 82' lang='lat' dir='ltr'><strong>Sulpicii</strong></span> <span class='ocrx_word' id='word_1_265' title='bbox 474 4033 576 4105; x_wconf 84' lang='lat' dir='ltr'><strong>atque</strong></span> <span class='ocrx_word' id='word_1_266' title='bbox 588 4026 774 4101; x_wconf 84' lang='lat' dir='ltr'><strong>Messalae,</strong></span> <span class='ocrx_word' id='word_1_267' title='bbox 799 4043 947 4108; x_wconf 86' lang='lat' dir='ltr'><strong>quorum</strong></span> <span class='ocrx_word' id='word_1_268' title='bbox 966 4025 1055 4083; x_wconf 85' lang='lat' dir='ltr'><strong>alter</strong></span> <span class='ocrx_word' id='word_1_269' title='bbox 1073 4042 1140 4102; x_wconf 81' lang='lat' dir='ltr'><strong>pro</strong></span> <span class='ocrx_word' id='word_1_270' title='bbox 1152 4027 1226 4085; x_wconf 86' lang='lat' dir='ltr'><strong>Au-</strong></span> 
     </span>
     <span class='ocr_line' id='line_1_36' title="bbox 171 4123 664 4204; baseline -0.002 -17"><span class='ocrx_word' id='word_1_271' title='bbox 171 4125 280 4204; x_wconf 83' lang='lat' dir='ltr'><strong>fidia,</strong></span> <span class='ocrx_word' id='word_1_272' title='bbox 305 4133 428 4188; x_wconf 84' lang='lat' dir='ltr'><strong>contra</strong></span> <span class='ocrx_word' id='word_1_273' title='bbox 449 4123 542 4187; x_wconf 81' lang='lat' dir='ltr'><strong>dixit</strong></span> <span class='ocrx_word' id='word_1_274' title='bbox 563 4127 664 4188; x_wconf 88' lang='lat' dir='ltr'><strong>alter.</strong></span> 
     </span>
    </p>
   </div>
   <div class='ocr_carea' id='block_1_6' title="bbox 0 0 1488 4842">
    <p class='ocr_par' dir='ltr' id='par_1_10' title="bbox 0 0 1488 4842">
     <span class='ocr_line' id='line_1_37' title="bbox 0 0 1488 4842; baseline 0 1"><span class='ocrx_word' id='word_1_275' title='bbox 0 0 1488 4842; x_wconf 95' lang='lat' dir='ltr'><strong> </strong></span> 
     </span>
    </p>
   </div>
  </div>
 </body>
</html>
