2992 4844
448 589 475 644 3.
517 587 612 643 Oratio
632 604 684 658 pro
705 587 813 643 Licinia
835 565 942 658 virgine
961 590 1081 645 Vestali.

307 739 354 798 Ea
379 758 470 798 causa
495 736 602 798 habita
629 749 677 799 est
699 758 728 798 a.
760 738 821 798 olo
847 739 938 817 (tlt)
965 760 1069 800 tnensc
1097 739 1287 805 Decembre.

246 838 325 902 Vid.
356 838 485 902 Clinton
509 838 611 908 Fasti.
655 839 821 902 Drumann
846 852 870 903 t.
900 844 931 903 lt.
959 863 992 922 p.
1016 841 1068 903 59.
1116 844 1198 903 Tres
1222 842 1288 904 vir·

245 940 334 1025 gines
353 943 500 1008 Vestales
525 963 606 1004 anno
637 943 699 1003 640
727 944 817 1021 (llll)
838 942 976 1006 incestus
1000 957 1093 1028 atque
1109 943 1212 1026 stupri
1236 967 1287 1008 ar-

242 1055 395 1128 guuntur.
446 1046 490 1105 L.
516 1042 676 1108 Caecilius
704 1046 857 1108 Metellus
882 1045 1031 1126 pontifex
1057 1045 1208 1108 niaximus
1232 1058 1283 1110 to·

242 1159 370 1228 tumque
398 1145 581 1228 Collegium
613 1146 802 1226 pontificum
837 1169 928 1209 unam
954 1146 1122 1210 Aemiliam
1151 1151 1286 1222 damnat,

244 1252 320 1310 duas
352 1248 505 1312 absolvit.
559 1251 621 1311 Sed
650 1271 720 1310 cum
751 1252 829 1312 Sex.
855 1252 1038 1313 Peducaeus
1069 1249 1212 1312 tribunus
1238 1251 1285 1331 pl.

243 1349 440 1414 inconcione
462 1363 592 1435 questus
608 1364 700 1425 esset,
724 1352 892 1414 Metellum
912 1364 1100 1436 ceterosque
1118 1351 1287 1432 pontifices

244 1453 323 1516 male
340 1465 370 1516 et
392 1453 539 1536 improbe
555 1453 587 1516 in
608 1476 643 1516 ea
660 1476 752 1516 cansa
776 1454 942 1529 iudicasse,
970 1453 1092 1536 populo
1117 1456 1286 1534 persuasit,

243 1568 276 1617 ut
305 1557 418 1618 iterum
457 1558 536 1618 haec
570 1578 661 1618 causa
698 1567 848 1640 ageretur
880 1568 911 1620 et
953 1559 996 1618 L.
1028 1555 1157 1620 Cassius
1189 1555 1285 1619 iudex

243 1669 424 1732 crearetur,
446 1658 496 1720 cui
525 1679 704 1742 cognomen
730 1660 861 1740 scopuli
880 1681 1021 1721 reorum
1044 1657 1177 1721 inditum
1204 1671 1283 1720 erat.

243 1759 373 1825 Cassius
408 1763 532 1822 damnat
566 1772 596 1822 et
629 1759 786 1822 Liciniam
825 1773 856 1823 et
888 1761 1065 1838 Marciam,
1102 1774 1132 1823 et
1165 1761 1284 1822 frustra

244 1861 381 1926 Crassus
417 1862 631 1926 defensionem
668 1861 814 1925 Liciniae
857 1875 1054 1945 susceperat.
1111 1862 1284 1925 Antonium

242 1986 373 2048 qnoque
389 1977 551 2028 oratorem
573 1965 665 2028 huius
691 1963 835 2028 criminis
860 1965 1047 2048 participem
1063 1964 1172 2040 fuisse,
1190 1986 1285 2046 supra

141 2118 144 2124 .
246 2067 381 2131 vidimus
404 2089 481 2150 pag.
506 2068 580 2130 282.

301 2159 415 2251 Livids
432 2187 521 2270 Epit.
539 2189 590 2256 (ad.
624 2189 789 2262 Aemilia,
812 2188 956 2262 Licinia,
975 2188 1117 2252 Marcia
1132 2187 1284 2270 virgines

245 2294 412 2366 Vestales,
429 2291 550 2353 incesti
561 2290 745 2353 damnatae
761 2302 852 2364 sunt,
868 2291 969 2374 idque
986 2291 1152 2352 incestum
1168 2312 1285 2374 quem·

242 2394 430 2457 admodum
456 2407 488 2456 et
511 2393 731 2456 commissum
753 2405 785 2455 et
808 2394 1054 2475 deprehensum
1076 2405 1110 2454 et
1134 2392 1284 2455 vindica·

242 2508 315 2558 tum
338 2498 396 2572 sit,
422 2494 593 2586 refertur.

306 2619 461 2681 Macrob.
478 2619 606 2680 Satur-n.
625 2624 653 2688 l,
675 2621 725 2678 10.
766 2619 950 2680 Fenestella
968 2615 1084 2676 dicens
1101 2615 1285 2678 Aemiliam

243 2720 412 2804 virginem
436 2723 508 2784 XV
522 2723 605 2783 Kal.
628 2723 772 2785 Ianuar.
795 2739 869 2780 esse
891 2718 1091 2779 damnatam
1107 2752 1147 2762 -
1164 2717 1284 2779 deinde

242 2824 387 2885 adiecit:
412 2823 667 2905 „Sequebantur
690 2843 768 2883 eum
796 2821 885 2882 diem
911 2819 1146 2884 Sataunatiaf‘
1191 2823 1285 2882 Mox

242 2927 305 3002 ait,
326 2937 469 3008 postero
484 2937 598 2988 autem
627 2924 697 2997 die,
726 2923 785 3007 qui
802 2920 889 3012 fuit
911 2925 1004 2986 XIII
1025 2924 1108 2986 Kal.
1131 2924 1208 2986 Ian.
1225 2921 1283 2984 Li·

242 3030 368 3091 ciniam
388 3028 575 3110 uirginem,
603 3039 640 3088 ut
667 3047 809 3088 carneam
831 3025 976 3099 diceret,
1002 3025 1144 3086 iussam.

306 3149 368 3212 lul.
394 3151 580 3233 Obsequens
605 3172 634 3210 c.
659 3149 712 3212 97.
759 3151 847 3210 Tres
872 3167 942 3208 uno
962 3158 1114 3226 tempore
1134 3145 1284 3228 uirgines

247 3254 401 3319 Vestales
423 3251 652 3314 nobilissimae
682 3271 759 3312 cum
788 3248 919 3332 aliquot
946 3248 1285 3331 equitibusromanis

242 3353 362 3418 incesti
383 3375 512 3436 poenas
537 3355 724 3416 subierant.

307 3474 468 3539 Asconius
491 3475 522 3537 in
545 3473 754 3538 Milonianam
783 3494 816 3552 p.
842 3473 894 3534 lo.
939 3475 1017 3553 Quo
1032 3483 1183 3552 tempore
1198 3473 1282 3532 Sex.

242 3579 436 3644 Peducaeus
458 3579 616 3641 tribunus
636 3579 684 3659 pl.
710 3575 911 3638 criminatus
937 3586 1000 3648 est,
1029 3577 1070 3635 L.
1102 3574 1283 3634 Metellum

237 3681 442 3766 pontificem
465 3702 559 3742 naam
577 3690 752 3761 totumque
775 3677 956 3758 collegium
969 3673 1179 3758 pontificum
1197 3677 1283 3735 male

242 3785 413 3849 iudicasse
426 3784 467 3844 de
487 3782 614 3844 incesto
640 3781 810 3863 virginum
830 3779 1039 3854 Vestalium,
1064 3779 1157 3862 quod
1179 3797 1284 3838 unam

242 3889 344 3951 modo
364 3885 548 3950 Aemiliam
564 3885 799 3956 darnnauerat,
828 3882 1019 3942 absolverat
1042 3892 1158 3941 autem
1181 3879 1281 3952 duas,

241 3990 415 4056 Marciam
442 4001 475 4049 et
498 3987 685 4048 Liciniam:
714 3986 864 4065 populus
894 3988 935 4045 L.
964 3983 1118 4047 Cassium
1141 3981 1281 4055 creavit,

241 4093 363 4176 quide
389 4091 516 4153 eisdem
538 4087 728 4170 uirginibus
768 4097 969 4168 quaereret,
996 4085 1091 4168 isque
1113 4096 1145 4146 et
1168 4097 1284 4146 utras·

241 4217 304 4278 que
327 4215 400 4256 eas·
415 4206 447 4255 et
472 4203 654 4274 praeterea
684 4191 876 4268 conrplures
906 4187 995 4250 alias
1030 4187 1138 4249 nimia
1159 4187 1281 4258 etiam,

241 4309 279 4362 nt
300 4296 515 4358 existimatio
539 4305 602 4366 est,
629 4290 815 4372 asperitate
835 4313 916 4353 usus
940 4289 1129 4352 damnauit.
