2958 4840
239 365 298 426 555

237 522 365 585 tionem
383 518 575 611 factorum
609 539 763 582 meorum
793 519 1029 602 dictorumque
1062 519 1223 591 reddam,·
1255 521 1287 582 si

232 621 516 704 perseveraverit,
540 619 683 684 invicem
704 641 782 682 eum
815 620 933 683 odero.
958 643 987 683 c.
1011 621 1064 684 29.
1088 620 1286 684 Dissentiens

235 722 268 788 in
290 721 378 786 curia
400 744 417 785 a
441 722 485 802 Q.
509 722 647 786 Haterio
670 724 847 803 Ignoscas,
871 721 995 806 inquit,
1020 745 1122 804 rogo,
1146 723 1287 806 siquid

234 825 400 888 adversus
422 837 454 888 tc
477 825 719 888 liberiussicut
734 835 876 887 senator
889 825 1026 888 dixero.
1048 825 1140 888 Dixi
1149 837 1184 887 et
1193 846 1285 886 nunc

234 939 267 990 et
289 947 391 1008 saepe
411 927 513 1001 attae,
538 931 577 990 P.
592 929 644 1000 G.,
662 927 787 989 bonum
808 937 841 988 et
864 928 1051 988 salutarem
1074 927 1277 1008 principem,
1322 941 1328 953 ·

235 1049 336 1112 quem
364 1048 424 1091 vos
444 1040 543 1091 tanta
564 1040 597 1091 et
618 1041 691 1090 tam
716 1028 824 1090 libera
848 1041 1018 1108 potestate
1049 1030 1281 1103 instruxistis,

237 1130 373 1192 senatui
394 1131 523 1192 servire
545 1131 665 1192 debere
687 1141 721 1192 et
748 1131 917 1193 universis
939 1133 1067 1194 civibus
1095 1153 1215 1213 saepe,
1249 1145 1283 1194 et

232 1234 433 1315 pierumque
455 1233 560 1294 etiam
581 1233 746 1313 singuiis:
768 1253 874 1315 neque
891 1233 928 1295 id
942 1234 1074 1296 dixisse
1090 1256 1143 1296 me
1163 1234 1282 1315 poeni-

235 1345 294 1408 tet,
318 1345 352 1395 et
374 1335 480 1396 bonos
502 1345 535 1396 et
556 1355 684 1416 aequos
705 1347 739 1398 et
756 1332 925 1424 fauentes
950 1357 1009 1398 uos
1038 1336 1143 1398 habui
1172 1335 1282 1399 domi·

234 1455 298 1497 nos
319 1446 353 1498 et
374 1437 486 1498 aditus
507 1437 626 1499 habeo.

267 1579 297 1639 Q.
316 1577 432 1638 Haterio]
470 1594 492 1622 v.
515 1595 587 1636 supra
602 1595 626 1636 p.
648 1577 706 1628 525.

649 1731 871 1744 *m-

295 1846 448 1924 Superest
468 1843 501 1904 in
517 1838 682 1904 annalibus
696 1841 801 1902 Taciti
824 1843 847 1904 Ι.
871 1843 903 1920 4,
928 1843 981 1906 37.
1005 1845 1111 1909 oratio
1142 1845 1279 1921 Tiberii,
1336 1853 1338 1856 ’

231 1965 313 2030 quae
334 1942 466 2028 ingenio
490 1942 590 2025 ipsius
614 1941 759 2006 historici
781 1942 881 2006 tribui
904 1949 1008 2012 debet.

513 2081 645 2140 cxxttl.
689 2081 814 2140 Votienus
840 2083 988 2142 Montanus

294 2213 453 2279 Votienus
487 2213 661 2277 Montanus
693 2213 913 2278 Narbonensis
944 2220 1071 2302 quando
1101 2231 1190 2282 natus
1221 2219 1276 2295 sit,

229 2337 339 2398 parum
362 2327 506 2390 constat,
532 2335 640 2377 verum
665 2335 683 2375 a
709 2314 845 2380 Tiberio
868 2317 1061 2400 imperatore
1083 2342 1113 2382 a.
1132 2323 1193 2383 778
1208 2323 1281 2401 (25)

229 2416 413 2480 inexilium
437 2417 563 2498 pulsum
593 2437 660 2478 esse
682 2415 816 2492 scimus,
849 2429 883 2480 nt
906 2420 1038 2483 Tacitus
1064 2421 1166 2484 refert
1188 2423 1276 2486 Ann.

231 2521 261 2594 4,
285 2520 338 2581 tt.
384 2523 484 2582 Forte
506 2518 624 2580 habita
644 2540 707 2600 per
735 2518 814 2581 illos
841 2521 914 2583 dies
937 2523 978 2584 de
1003 2525 1149 2588 Votieno
1171 2529 1277 2589 Mon-

229 2633 322 2695 tano,
344 2621 485 2683 celebris
508 2619 638 2702 ingenii
659 2621 745 2694 viro,
769 2623 934 2703 cognitio.
954 2663 991 2676 ·-
1011 2628 1188 2689 Postulato
1206 2629 1276 2692 Vo-

228 2723 321 2785 tieno
343 2724 386 2785 ob
406 2721 631 2784 contumelias
653 2721 688 2782 in
711 2725 894 2786 Gaesarem
916 2726 1026 2788 dictas
1039 2755 1091 2798 -,
1111 2727 1277 2792 Votienus

228 2824 365 2908 quidem
389 2823 577 2886 maiestatis
595 2823 718 2904 poenis
739 2823 888 2912 ‹tffemus
909 2840 972 2891 est.
1019 2829 1126 2914 Atque
1145 2829 1275 2894 biennio

227 2939 302 3007 post
324 2947 354 2989 a.
380 2926 442 2987 780
464 2926 531 3004 (27)
554 2946 571 2985 e
595 2922 658 2985 vita
675 2927 810 2989 decessit
830 2941 909 2991 teste
925 2929 1129 3010 Hieronymo
1152 2935 1191 2994 ad
1207 2932 1275 2992 Eu-

227 3027 307 3090 sebii
332 3029 458 3093 Chron.
482 3027 618 3108 Olymp.
643 3028 717 3089 tot.
754 3030 785 3092 3.
811 3030 936 3093 Tiberii
960 3033 1008 3093 14.
1034 3031 1155 3096 Christi
1178 3034 1218 3095 28
1233 3057 1275 3090 :z

226 3151 256 3190 a.
280 3152 313 3191 u.
338 3132 412 3192 780.
459 3132 626 3196 Votienus
647 3133 853 3206 Montanus,
877 3135 1127 3208 Narbonensis,
1153 3146 1275 3198 orator

226 3231 261 3292 in
283 3232 485 3294 Balearibus
507 3223 675 3304 moritur,
693 3232 772 3293 illuc
794 3255 817 3294 a
838 3234 978 3299 Tiberio
999 3239 1186 3318 relegatus.

288 3331 438 3394 Eiusdem
462 3329 595 3394 Votieni
619 3331 758 3393 meminit
781 3334 942 3398 Martialis
965 3337 1085 3420 Epigr.
1113 3337 1136 3399 l.
1160 3338 1193 3400 8.
1219 3337 1271 3402 tt.

227 3435 332 3496 Docti
353 3433 475 3498 Narbo
496 3435 647 3496 Paterna
671 3434 820 3498 Votieni.

258 3575 344 3624 Narbo
357 3576 479 3638 Paterna]
517 3577 599 3622 Narbo
618 3581 723 3624 Paterna
742 3587 779 3624 est
798 3579 880 3625 Narbo
900 3583 1003 3628 Martius
1027 3585 1121 3628 colonie
1142 3585 1203 3628 luha
1224 3585 1272 3628 Pa·
1377 3634 1380 3640 ,

292 3672 368 3714 terna.
386 3667 456 3711 Cant.
482 3667 557 3712 Ukert
575 3667 666 3726 Gecgr.
686 3669 717 3712 Τ.
733 3668 755 3714 i.
777 3667 801 3712 2.
823 3684 846 3725 p.
868 3666 924 3715 438.
945 3670 1057 3714 Ceterum
1083 3685 1130 3715 non
1149 3673 1272 3716 orationes

293 3759 383 3798 tentum
402 3756 443 3797 sed
463 3755 509 3798 etia
529 3768 621 3812 quoqne
640 3757 728 3811 scripta
743 3770 797 3800 eum
810 3757 922 3810 edidisse,
937 3762 1038 3802 testatur
1049 3759 1140 3803 Seneca
1154 3760 1271 3804 Controv.

293 3844 308 3885 t.
331 3842 373 3886 tv.
394 3855 416 3896 p.
439 3837 497 3885 344.

286 3959 406 4024 Seneca
435 3959 594 4024 Controv.
625 3961 646 4023 l.
678 3963 709 4021 4.
741 3981 772 4040 p.
803 3962 876 4026 335.
922 3967 1115 4028 Montanus
1156 3965 1274 4030 Votie-

221 4081 298 4136 nus,
319 4063 421 4126 homo
439 4060 624 4136 rarissimi,
642 4061 779 4126 etiamsi
801 4085 861 4126 nec
883 4064 1153 4128 emendatissimi
1174 4066 1272 4148 inge-

220 4161 282 4236 nii,
308 4161 428 4226 vitium
450 4184 568 4246 suum,
601 4164 693 4247 quod
722 4163 757 4226 in
780 4166 994 4230 orationibus
1016 4187 1084 4230 non
1106 4167 1268 4242 evitabat,

219 4261 255 4322 in
279 4263 489 4328 scholasticis
510 4286 643 4348 quoque
665 4264 792 4331 enitare
813 4287 881 4331 non
900 4268 1028 4349 potuit,
1053 4269 1114 4356 sed
1137 4268 1172 4331 in
1189 4289 1269 4331 ora·
