2976 4844
1190 359 1250 422 109

260 519 494 604 Argumentum
518 527 627 581 narret
651 516 812 596 Polybius
834 515 892 580 lib.
917 517 968 592 33,
994 520 1026 581 5.

260 617 363 688 Κατὰ
383 617 462 696 τούς
479 614 631 707 χρόνους,
656 613 806 696 καθόίίς
828 619 1005 713 ἐξέπεμψεν
1023 615 1044 702 ἡ
1067 615 1249 706 σύγκλητος

197 720 257 790 τὸν
278 719 431 809 Ὀπίμιον
461 724 512 788 ἐπὶ
540 718 598 787 τὸν
627 722 691 789 τῶν
708 717 865 806 Ὀξυβίων
886 719 1031 809 πόλεμον
1057 727 1162 803 (anuo
1186 725 1249 788 600

195 827 311 906 (154),
335 815 391 907 ἧκε
417 829 630 910 Πτολεμαῖος
654 820 672 891 ὁ
694 819 849 915 νεώτερος
872 821 918 903 εἰς
942 823 1001 906 τὴν
1019 821 1158 914 Ῥώμην.
1192 835 1248 896 καί

194 925 378 1018 παρελθών
396 929 428 1006 ές
452 925 513 1009 τὴν
531 923 724 1013 σύγκλητον,
745 929 886 994 ἐποιεῖτο
906 929 1107 1015 κατηγορίαν
1124 925 1249 998 τάδελ-

195 1033 274 1124 φοῦ,
301 1034 411 1124 φέρων
437 1027 496 1113 τὴν
520 1025 633 1098 αἰτίαν
656 1031 715 1113 τῆς
740 1031 916 1114 ἐπιβουλῆς
939 1027 983 1098 ἐπ’
1000 1033 1129 1100 ἐκεῖνον.
1152 1023 1249 1120 “Aua

195 1137 231 1201 δὲ
254 1130 314 1212 τάς
340 1135 375 1199 έκ
398 1134 462 1199 τών
485 1125 684 1222 τραυμάτων
709 1127 811 1210 οὐλάς
833 1129 897 1200 ὑπὸ
922 1131 980 1216 τὴν
1002 1130 1087 1226 ὄψιν
1108 1133 1245 1217 δεικνὺς,

194 1242 251 1304 καὶ
283 1234 343 1317 την
372 1232 491 1317 λοιπὴν
521 1229 726 1321 δεινολογίον
755 1231 951 1303 ἀκόλουθον
981 1234 1113 1316 τούτοις
1142 1241 1248 1306 διατι-

195 1345 358 1427 θέμενος,
388 1339 567 1420 ἐξεκαλεῖτο
591 1336 669 1416 τούς
699 1334 904 1428 ἀνθρώπους
928 1335 973 1416 εἰς
996 1339 1094 1406 ἔλεον.
1141 1331 1248 1409 Ἧκον

195 1447 232 1511 δὲ
259 1448 315 1509 και
348 1438 441 1528 παρὰ
474 1443 534 1508 τοῦ
567 1443 787 1532 πρεςβυτέρον
823 1444 988 1530 πρέςβεις,
1024 1445 1055 1507 οί
1087 1448 1160 1563 περι
1190 1440 1248 1510 τὸν

195 1548 386 1613 Νεολαΐδαν
416 1549 472 1610 καὶ
493 1539 741 1631 Ανδρόμαχον,
779 1539 1040 1631 άπολογοάμενοι
1072 1542 1156 1632 πρὸς
1187 1541 1247 1625 τάς

194 1645 288 1741 παρά
314 1644 492 1734 ταδελφοῦ
520 1649 697 1733 γενομένας
727 1647 938 1735 κατηγορίας.
976 1635 1080 1713 Ων
1063 1673 1082 1728 η
1105 1643 1248 1733 σύγκλη·

195 1777 253 1830 τος
283 1745 357 1818 οὐδ’
376 1747 560 1838 ἀνέχεσθαι
589 1751 908 1836 δικαιολογουμένων
936 1744 1133 1833 ἠβουλήθη,
1165 1776 1247 1842 προ-

195 1857 432 1940 κατειλημμένη
463 1847 581 1930 ταῖς“
565 1847 628 1919 υπὸ
661 1853 720 1918 τοῦ
751 1854 907 1938 νεωτέρου
938 1853 1129 1937 διαβολαῖς,
1160 1849 1246 1921 ἀλλὰ

195 1952 327 2034 τούτοις
351 1963 411 2043 μὲν
437 1951 610 2040 ἐπανάγειν
642 1957 676 2020 ἐκ
704 1956 762 2036 τῆς
784 1949 911 2039 Ῥώμης
935 1955 1129 2045 προςέταξεν
1154 1957 1247 2038 ἐξαυ-

194 2060 262 2140 τῆς.
319 2059 373 2150 Τῷ
401 2059 436 2124 δὲ
465 2061 608 2149 νεωτέρῳ
640 2081 732 2123 πεντε
764 2054 966 2148 πρεςβευτάς
1001 2053 1246 2141 καταστήσασα

195 2157 273 2239 τοὺς
304 2167 377 2251 περὶ
412 2153 566 2228 Γνάϊον
602 2155 797 2252 Μερόλαν
831 2165 886 2225 καλ
923 2155 1106 2227 Λεύκιον
1145 2163 1248 2253 Θέρ-

194 2289 290 2350 μον,
316 2269 371 2330 καὶ
392 2259 533 2354 πεντήρη
558 2263 664 2330 δοῦσα
691 2264 754 2330 τῶν
776 2263 978 2353 πρεςβευτών
1002 2259 1138 2356 ἑκάστῳ,
1169 2260 1246 2332 τού-

196 2390 266 2444 τοις
291 2374 351 2452 μὲν
374 2362 573 2457 παρήγγειλε
602 2362 757 2451 κατάγειν
778 2369 990 2452 Πτολεμαῖον
1015 2362 1060 2443 εἰς
1085 2363 1247 2456 Κύπρον·

195 2474 265 2546 τοῖς
294 2472 330 2535 δὲ
362 2466 449 2536 κατά
480 2467 539 2551 τὴν
568 2463 713 2535 Ἑλλάδα
743 2473 799 2533 καὶ
830 2465 889 2549 τὴν
913 2463 1032 2533 Ἀσίαν
1062 2463 1248 2556 συμμάχοις

195 2569 350 2664 ἔγραψαν
379 2573 495 2654 ἐξεῖναι
526 2565 751 2663 συμπράττειν
782 2570 829 2662 τῷ
861 2569 1059 2660 Πτολεμαίῳ
1090 2565 1132 2635 τά
1159 2569 1246 2637 κατά

195 2671 254 2756 τὴν
280 2670 444 2743 κάθοδον.

258 2775 380 2841 Νεεοὶο
408 2801 447 2841 an
471 2779 514 2841 L.
540 2776 705 2841 Minucios
732 2779 892 2840 Thermus
917 2775 1000 2840 idem
1028 2775 1079 2853 sit,
1109 2775 1246 2841 cuius‘a

194 2880 296 2966 Livio
321 2897 369 2944 est
394 2881 480 2944 saeta
505 2879 634 2956 mentio,
663 2881 722 2944 lib.
747 2882 797 2955 41,
823 2882 855 2943 8.
887 2884 1033 2945 Postero
1059 2880 1113 2942 die
1137 2881 1246 2962 legati

195 2985 412 3059 Sardorum,
445 2984 504 3068 qui
529 2985 576 3046 ad
601 3005 708 3047 οουοε
736 2983 967 3066 magistratus
996 2983 1096 3045 dilati
1121 2995 1242 3060 erant,

193 3097 226 3147 et
244 3089 285 3148 L.
307 3086 534 3150 Minuciae
560 3089 782 3159 Thermus,
814 3085 886 3169 qui
912 3089 1097 3168 legatus
1121 3088 1244 3150 Man·

192 3186 244 3250 lii
278 3189 468 3252 consulis
504 3189 546 3250 in
581 3189 720 3254 Iotria
742 3186 932 3279 fuerat,
972 3189 1015 3250 in
1051 3199 1245 3252 uenatum

193 3290 329 3365 venit,
369 3291 413 3352 ab
447 3291 501 3354 hio
527 3291 668 3354 edoctus
695 3303 747 3354 est
774 3303 938 3366 senatur,
970 3301 1139 3374 quantum
1167 3291 1246 3355 betti

196 3411 256 3454 eae
284 3393 486 3474 provinciae
507 3394 684 3456 haberent.
730 3395 779 3456 Ea
805 3414 876 3470 res,
901 3413 982 3478 quae
1005 3414 1023 3455 a
1048 3392 1149 3456 Livio
1175 3405 1243 3456 tra·

194 3493 292 3570 ditur,
319 3517 404 3559 anno
433 3497 495 3560 576
520 3495 610 3574 (178)
636 3495 765 3558 oceidit.
811 3497 874 3560 Sed
900 3497 1039 3560 fortasse
1067 3497 1110 3558 L.
1137 3497 1245 3560 Ther·

193 3617 273 3673 mus,
300 3598 338 3660 de
362 3619 427 3682 quo
455 3609 566 3662 nostra
591 3597 623 3660 in
649 3599 795 3662 oratione
821 3619 927 3662 sermo
954 3609 1011 3673 est,
1039 3597 1124 3661 filius
1146 3597 1242 3675 illius,

192 3695 247 3780 qui
273 3699 397 3784 legatus
423 3699 540 3763 Manlii
567 3699 708 3763 consulis
734 3701 852 3763 fuerat.

257 3800 380 3864 Gellius
409 3805 458 3878 18,
484 3802 519 3889 9,
555 3804 593 3866 In
619 3803 706 3868 libro
731 3815 864 3892 vetere,
890 3803 922 3866 io
948 3825 1014 3888 quo
1041 3816 1111 3867 erat
1134 3802 1241 3868 oratio

190 3905 247 3968 M
265 3903 409 3968 Catonis
428 3908 482 3968 De
500 3907 694 3969 Ptolemaeo
716 3918 841 3969 eontra
861 3909 1053 3969 Thermum
1074 3905 1120 3968 sio
1139 3903 1243 3985 serip-

189 4013 257 4066 tum
281 4005 366 4069 soit:
394 4008 462 4072 Sed
485 4008 517 4070 oi
539 4008 658 4072 omnia
681 4008 762 4110 dolo
776 4005 898 4099 fecit,
928 4009 1047 4071 omnio
1070 4006 1242 4068 avaritiae

189 4119 293 4193 atque
315 4109 486 4190 pecuniae
512 4131 620 4174 cauea
633 4108 756 4201 feeit,
788 4110 959 4174 eiusmodi
982 4109 1113 4169 scelera
1135 4104 1241 4195 nefa-

188 4210 257 4287 ria,
283 4231 373 4295 quae
391 4233 499 4296 neque
522 4212 705 4276 imeeendo
725 4233 833 4296 neque
855 4210 1001 4294 legendo
1025 4207 1241 4274 audivimus·

188 4312 397 4396 supplicium
415 4337 483 4398 pro
492 4313 614 4406 factio
639 4314 725 4378 dare
753 4323 903 4400 oportet.
1153 4407 1154 4410 Ἴ

1158 4423 1175 4452 x
