2992 4844
217 522 353 576 testatur
383 506 507 574 Plinius
535 508 600 589 Ep.
624 509 653 583 5,
675 508 732 574 35.
764 511 934 572 Praeterea
965 510 1003 571 dc
1026 507 1191 572 consulatu
1209 532 1267 575 suo

219 618 304 678 etde
327 614 423 675 rebus
445 611 508 674 suis
535 611 632 694 gestis
666 611 815 693 scripsit:
843 633 913 672 nain
938 611 1028 673 'valde
1050 611 1183 694 insignis
1200 625 1269 675 erat

219 718 251 780 in
276 715 364 778 bello
395 713 564 778 Cimbrico
597 725 692 797 atquc
727 713 890 777 Mariano.
923 712 1020 783 Cous,
1062 714 1139 777 vat.
1172 717 1265 778 Max.

220 821 315 892 VIII,
341 820 392 894 15,
422 818 450 884 9.
478 819 540 891 IX,
569 817 617 890 12,
645 819 676 879 t.

283 939 403 1003 Cicero
428 940 532 1001 Bruto
558 961 586 1006 c.
608 938 659 1003 35.
702 941 778 1003 Iam
798 941 840 1020 Q.
870 940 1012 1002 Catulus
1033 959 1100 1000 non.
1123 943 1266 1023 antiquo

218 1045 278 1106 illo
301 1065 408 1114 more,
438 1041 499 1102 sed
519 1043 583 1104 hoc
606 1054 737 1112 nostro,
763 1041 828 1102 nisi
851 1041 935 1124 quid
944 1041 1034 1118 steri
1053 1053 1164 1122 potest
1185 1065 1264 1124 per-

206 1144 364 1235 fectius,
386 1144 556 1205 eruditus.
602 1145 739 1207 Multae
766 1145 905 1217 literae,
931 1165 1067 1206 summa
1086 1165 1153 1206 non
1176 1146 1264 1208 vitae

216 1251 328 1311 solum
359 1259 460 1329 atque
488 1256 653 1320 naturae,
686 1245 747 1306 sed
776 1245 946 1308 orationis
975 1247 1077 1308 etiam
1105 1248 1262 1320 comitas,

216 1350 419 1430 incorrupta
439 1348 609 1432 quaedam
634 1348 734 1410 latini
759 1348 928 1410 sermonis
953 1349 1154 1428 integritas,
1176 1371 1263 1432 quae

214 1452 366 1536 perspici
377 1475 454 1512 cum
475 1475 521 1513 ex
538 1449 754 1513 orationibus
768 1450 842 1512 eius
855 1462 980 1531 potest,
999 1462 1071 1512 tum
1083 1449 1262 1541 facillime

215 1579 261 1618 ex
286 1577 327 1617 eo
349 1555 458 1628 libro,
485 1575 584 1637 quem
613 1553 654 1614 de
685 1555 867 1613 consulatu
899 1564 931 1614 et
960 1554 1001 1614 de
1031 1554 1130 1616 rebus
1155 1555 1262 1635 gestis

215 1659 288 1721 suis
303 1658 537 1739 conscriptum
553 1656 647 1719 molli
673 1667 706 1717 et
728 1655 970 1736 Xenophontio
990 1677 1115 1738 genere
1134 1677 1263 1718 sermo-

215 1761 268 1822 nis
292 1759 385 1822 misit
408 1760 455 1821 ad
485 1763 529 1822 A.
557 1760 698 1822 Furium
722 1770 873 1838 poetam.
914 1797 944 1808 -
970 1759 1046 1820 Fuit
1074 1758 1110 1819 in
1140 1762 1262 1822 Catulo

213 1885 327 1926 sermo
353 1862 501 1934 latinus,
533 1883 619 1944 quae
646 1864 723 1922 laus
754 1859 889 1920 dicendi
915 1879 983 1923 non
1013 1861 1193 1924 medicoris
1218 1863 1262 1924 ab

213 1966 408 2029 oratoribus
433 1964 605 2046 plerisque
629 1966 784 2045 neglecta
812 1975 876 2025 est.
897 1996 937 2008 -
957 1965 1031 2027 Nec
1052 1965 1189 2026 habitus
1211 1977 1262 2026 est

213 2081 326 2130 tamen
348 2068 508 2149 princeps
531 2068 564 2127 in
585 2087 729 2128 numero
751 2077 994 2146 patronorum,
1021 2068 1081 2128 sed
1103 2077 1179 2128 erat
1208 2079 1260 2128 ta·

213 2172 271 2244 lis,
297 2183 355 2243 ut,
380 2163 465 2231 cum'
483 2171 650 2252 quosdam
674 2168 832 2240 audires,
860 2169 918 2251 qui
945 2180 1017 2230 tum
1037 2181 1135 2230 erant
1158 2191 1259 2252 prae·

212 2285 359 2344 stantes,
391 2273 564 2334 videretur
591 2293 665 2333 esse
695 2269 868 2356 inferi0r‚·
900 2293 978 2331 cum
1008 2284 1121 2334 autem
1145 2273 1259 2354 ipsum

213 2376 352 2437 audires
364 2376 437 2436 sine
451 2374 719 2456 comparatione,
746 2393 813 2434 non.
835 2373 936 2436 modo
959 2387 1137 2436 contentus
1152 2397 1255 2449 esses,

214 2479 274 2539 sed
295 2478 414 2542 melius
441 2499 507 2540 non
533 2497 727 2562 quaereres.
782 2502 784 2504 ’

246 2641 276 2686 Α.
296 2640 401 2685 Furium
417 2639 527 2698 poetam]
565 2645 593 2683 Α.
608 2641 695 2683 I’urirss
717 2639 801 2684 Antias
818 2642 945 2684 Annalium
969 2641 1042 2684 libros
1057 2640 1165 2684 versibus
1182 2641 1251 2686 hein-

280 2731 363 2774 metrii
382 2731 488 2783 scripsit.
516 2727 590 2772 Cous.
612 2728 735 2772 Weichert
756 2729 827 2776 Post.
853 2731 894 2773 lat.
913 2732 959 2773 rel.
981 2743 1004 2784 p.
1029 2725 1088 2776 352.

273 2867 395 2930 Ibidem
416 2890 443 2931 c.
469 2869 518 2938 lli,
535 2867 608 2928 259.
652 2869 795 2930 Catulus
809 2879 884 2928 erat
896 2867 951 2927 ille
967 2866 1103 2950 quidem
1119 2867 1257 2929 minime

209 2971 386 3046 indoctus,
413 2983 449 3031 ut
474 2992 497 3030 a
517 2982 549 3031 te
571 2970 677 3052 paulo
706 2980 864 3060 estante
887 2970 1033 3044 (lictum,
1057 2969 1116 3030 sed
1142 2983 1257 3031 tamen

210 3075 363 3136 suauitas
387 3074 478 3136 vocis
508 3084 540 3134 et
564 3072 645 3134 levis
673 3072 859 3154 appellatio
877 3072 1073 3134 litterarum
1098 3073 1180 3134 bene
1206 3076 1254 3135 lo·

208 3177 333 3258 quendi
343 3174 490 3264 samam
509 3173 721 3264 confecerat.

273 3276 343 3342 Cic.
368 3281 406 3340 de
434 3279 528 3342 Orat.
555 3279 589 3353 2,
617 3281 647 3340 7.
694 3279 817 3341 Catulo
840 3298 907 3340 non
934 3281 1045 3340 solum
1069 3299 1132 3341 nos
1157 3279 1256 3340 latini

207 3381 394 3456 sermonis,
422 3382 482 3442 sed
506 3382 610 3443 etiam
633 3381 752 3464 graeci
782 3381 850 3463 ipsi
872 3383 980 3444 soleat
1003 3402 1085 3444 suae
1113 3382 1253 3464 linguae

208 3484 431 3546 subtilitatem
454 3483 726 3566 elegantiamque
752 3485 948 3546 concedere.

271 3584 395 3648 Ibidem
419 3587 456 3658 3,
480 3586 516 3659 8,
538 3587 589 3654 29.
633 3587 726 3668 Quid
751 3587 934 3647 iucundius
955 3588 1099 3650 auribus
1124 3587 1253 3650 nostris

207 3709 369 3771 umquam
383 3688 508 3749 occidit
532 3688 634 3750 iricius
658 3689 814 3750 oratione
831 3690 971 3751 Catuli?
994 3713 1079 3772 picae
1100 3703 1151 3752 est
1163 3712 1255 3772 pura

207 3790 272 3864 sic,
302 3802 339 3852 ut
362 3791 468 3852 latine
498 3791 592 3874 loqui
619 3813 705 3873 pene
736 3793 829 3851 solus
860 3792 1035 3865 videatur,
1060 3794 1109 3856 sic
1137 3805 1252 3853 autem

206 3893 343 3973 granis,
369 3905 406 3955 ut
432 3894 467 3954 in
492 3894 667 3975 singulari
693 3893 862 3976 dignitate
886 3894 996 3956 omnis
1023 3907 1137 3956 tamen
1163 3893 1252 3956 adsit

205 3996 404 4058 humanitas
441 4007 474 4058 et
505 3997 612 4075 lepos.
666 3998 759 4076 Quid
796 3997 929 4057 miella?
960 3996 1074 4076 ipsum
1107 3993 1252 4056 audiens

203 4099 360 4182 equidem
390 4100 440 4160 sic
464 4097 619 4158 iudicare
644 4101 757 4172 sole0,
790 4097 955 4180 quidquid
984 4108 1044 4154 aut
1074 4094 1252 4158 addideris

203 4213 264 4262 aut
291 4199 478 4262 mutaveris
511 4208 573 4258 aut
604 4197 818 4275 detraxeris,
847 4195 1002 4258 vitiosius
1036 4208 1068 4256 et
1099 4195 1250 4260 deterius

190 4300 382 4390 futuram.
