2984 4842
251 347 311 411 442

249 507 357 590 plures
376 506 466 569 locos
490 499 721 566 Ciceronianae
747 499 902 565 orationis
925 521 986 584 pro
1005 500 1133 567 Milone
1154 522 1296 568 comm-

251 620 370 681 morat,
396 627 478 692 quos
500 616 612 669 contra
637 603 806 666 Salustium
830 601 932 667 dictos
955 601 1125 668 existimat.
1274 611 1276 614 ’

312 730 367 790 Ex
392 729 451 788 hac
474 723 697 788 controversia
727 735 798 787 nata
820 736 867 788 est
897 725 1042 788 Salustii
1063 747 1151 808 quae
1163 723 1296 816 fertur

251 829 454 894 declamatio
474 828 510 889 in
536 829 741 902 Ciceronem,
772 849 851 905 quae
875 827 907 889 in
934 826 1038 889 multis
1065 838 1152 889 extat
1174 829 1295 892 codici·

208 911 215 924 ⁸
249 936 321 1009 bus,
338 953 397 994 nec
423 943 524 994 tamen
552 953 593 992 ex
619 929 718 1010 ipsius
746 929 873 995 Salustii
895 928 1024 1010 ingenio
1048 929 1151 1004 fluxit,
1182 953 1292 993 verum

249 1057 266 1098 a
288 1037 418 1097 rhetore
441 1035 576 1118 quodam
599 1031 958 1114 temporibus-Augusti
981 1031 1032 1094 vel
1060 1030 1185 1094 Tiberii
1205 1054 1295 1095 cour·

248 1137 355 1220 posita
379 1147 436 1205 est,
463 1134 599 1199 Constat
622 1134 715 1211 eninr,
742 1145 817 1195 tunc
841 1133 995 1213 temporis
1019 1133 1200 1214 saepissime
1219 1135 1294 1196 rhe-

248 1251 336 1303 tores
356 1238 407 1300 vel
433 1257 494 1319 pro
521 1235 681 1300 Cicerone
713 1235 764 1298 vel
787 1247 899 1298 contra
923 1233 1116 1298 Ciceronem
1138 1237 1293 1298 declama·

248 1340 352 1416 visse,
386 1339 565 1424 multosque
594 1336 835 1402 exercitationis
868 1335 970 1420 gratia
1004 1337 1203 1401 orationibus
1226 1339 1293 1400 eius

248 1442 469 1524 rescripsisse,
501 1453 534 1504 ut
565 1463 606 1504 ex
637 1441 807 1504 suasoria
840 1453 944 1502 sexta
969 1439 1100 1524 aliisque
1130 1439 1211 1502 locis
1239 1443 1291 1504 M.

247 1549 387 1610 Senecae
404 1543 543 1607 rhetoris
562 1542 730 1606 manifesto
748 1553 892 1624 apparet.
922 1543 986 1604 Sed
1001 1540 1109 1605 nescio
1127 1546 1292 1627 quomodo

249 1647 463 1730 Quintilianus
494 1657 560 1708 tres
590 1648 682 1707 locos
719 1643 804 1706 illius
840 1643 1077 1707 declamationis
1110 1643 1200 1725 operi
1234 1667 1292 1709 suo

245 1747 395 1822 inseruit,
436 1768 568 1831 eamque
608 1745 672 1826 ipsi
713 1745 852 1809 Salustio
883 1745 1025 1809 tribuere
1063 1757 1093 1808 et
1129 1745 1293 1810 vindicare

248 1849 386 1914 videtur.

311 1970 443 2052 Quintil.
467 1972 502 2044 4,
529 1973 563 2044 1,
587 1968 639 2030 68.
684 1968 778 2050 Quid
786 1969 804 2030 2
828 1989 939 2032 nonne
964 1971 1137 2033 Salustius
1160 1970 1291 2034 directo

243 2075 291 2138 ad
324 2074 540 2146 Ciceronem,
582 2071 617 2132 in
649 2093 748 2155 quem
784 2072 897 2153 ipsum
934 2072 1086 2148 dicebat,
1125 2095 1208 2135 usus
1241 2087 1293 2138 est

240 2177 435 2260 principie,
472 2186 504 2236 et
540 2173 677 2258 quidem
702 2174 883 2254 protinus:
916 2175 1078 2237 Graviter
1114 2187 1147 2237 et
1174 2175 1292 2259 iniquo

242 2280 360 2342 animo
382 2278 563 2340 maledicta
583 2288 645 2337 tua
668 2288 820 2357 paterer,
846 2278 901 2340 M·
926 2277 1047 2338 Tulli?
1069 2279 1157 2338 sicut
1172 2279 1291 2343 Cicero

232 2379 381 2473 fecerat
408 2382 441 2442 in
468 2379 673 2444 Catilinam:
695 2400 871 2462 quousque
890 2380 1027 2440 tandem
1052 2381 1219 2443 abutere?

310 2483 446 2566 Quintil.
484 2483 521 2556 9,
556 2481 592 2555 3,
625 2481 678 2543 89.
730 2481 848 2543 Etiam
882 2480 916 2541 in
950 2504 1121 2563 personae
1141 2483 1291 2560 fictione

245 2587 401 2649 accidere
422 2585 563 2668 quidam
585 2585 674 2645 idern
699 2595 925 2666 putaverunt,
955 2596 992 2645 ut
1018 2585 1052 2646 in
1077 2586 1186 2648 verbis
1205 2597 1291 2648 esset

240 2692 323 2751 haee
342 2688 486 2768 figura:
513 2686 733 2750 Crudelitatis
758 2698 867 2746 mater
893 2698 944 2749 est
969 2688 1128 2752 auaritia.
1150 2701 1182 2751 et
1197 2688 1292 2771 apud

239 2791 432 2856 Salustium
451 2791 485 2851 in
501 2789 697 2852 Ciceronem
720 2791 750 2852 0
771 2791 947 2850 Romule
964 2793 995 2850 Α
1002 2791 1172 2870 rpinas,
1190 2794 1290 2874 quale

240 2905 348 2957 estet
370 2892 465 2975 apud
491 2891 725 2954 Menandrum
748 2891 901 2972 Oedipus
925 2892 1120 2955 Thriasius.

306 2995 442 3077 Quintil.
467 2997 534 3068 Xl,
562 2998 595 3067 1,
623 2995 675 3055 24.
728 2997 768 3058 ln
790 2994 999 3056 carminibus
1020 2995 1151 3057 utinam
1168 3018 1289 3079 peper-

238 3098 338 3161 cisset
369 3100 506 3171 Cicero,
539 3119 625 3182 quae
661 3117 728 3159 non
760 3096 936 3158 desierunt
971 3119 1112 3179 carpere
1145 3099 1290 3181 maligni

239 3199 1289 3283 Cedantarmatogae,concedatlaurealinguae

238 3314 271 3364 et
301 3297 629 3390 ofortunatam
659 3312 801 3361 natam
826 3321 886 3359 me
913 3305 1089 3361 consule
1112 3305 1288 3364 Romam

236 3414 271 3466 et
292 3406 435 3467 Iouem
459 3403 602 3475 illurn,
626 3423 648 3462 a
681 3422 761 3484 quo
794 3400 834 3461 in
859 3400 1089 3461 concilium
1112 3401 1288 3464 deorum

235 3505 476 3567 advocatur
494 3516 527 3565 et
547 3503 807 3574 Minervam,
833 3522 938 3584 quae
961 3513 1082 3564 artes
1107 3515 1199 3565 eum
1220 3505 1287 3566 do-

237 3606 344 3669 cuit:
373 3627 460 3689 quae
500 3605 565 3666 sibi
598 3605 676 3679 ille,
710 3615 848 3666 secutus
882 3604 1051 3687 quaedam
1079 3627 1288 3688 graecorum

241 3711 418 3791 exempla,
440 3707 662 3788 permiserat.

275 3852 395 3916 maligni]
432 3854 513 3901 ornuia
527 3852 583 3896 haec
597 3858 698 3910 quatuor
713 3853 818 3907 exernpln
836 3855 858 3896 in
872 3851 1062 3900 Declamatione
1075 3855 1184 3904 ,Salustii
1196 3862 1285 3901 extant.

301 3975 487 4039 Mirandum
500 3985 585 4046 sane,
600 3971 828 4051 Quintilianum
845 3983 1013 4054 tantopere
1024 3997 1092 4038 esse
1105 3978 1283 4056 deceptum.

241 4078 340 4144 Cous.
378 4076 552 4142 Markland
584 4075 614 4138 in
650 4073 794 4137 Praefet.
829 4076 936 4139 Orati.
966 4076 1039 4142 Cic.
1070 4101 1103 4159 p.
1139 4079 1286 4140 LXXV.

236 4181 391 4262 Spalding
418 4180 449 4242 in
483 4176 632 4259 Quintil.
652 4180 691 4253 4,
720 4180 757 4250 l,
787 4178 839 4240 68.
880 4181 1104 4242 Westernrann
1140 4201 1175 4260 p.
1212 4179 1285 4240 dli.

238 4283 402 4346 Drumann
427 4293 451 4348 t.
488 4283 517 4344 5.
549 4305 583 4364 p.
618 4282 693 4345 440.
729 4279 796 4344 Alii
828 4301 906 4345 vero
940 4283 1022 4346 hano
1053 4280 1240 4346 calumniam
1269 4301 1285 4341 a
