2992 4840
256 347 316 410 179

256 503 397 572 Laelius
419 527 522 590 augur
545 503 718 588 aliquando
742 507 781 568 de
799 503 955 590 religione
978 517 1010 568 et
1026 508 1065 569 de
1087 505 1189 569 sacris
1211 506 1300 573 iusti-

255 607 346 684 tutis,
371 612 410 672 dc
433 607 548 694 quibus
575 607 663 670 multi
683 607 862 694 scripsere,
885 607 1000 670 librum
1021 606 1222 673 coniecerit?
1328 672 1333 683 ,

485 898 515 957 2.
549 897 701 957 Orationes
718 898 793 955 duae
812 913 864 970 pro
883 896 1058 970 publicanis.

317 1069 414 1132 Hauc
438 1089 562 1131 causam
586 1064 718 1129 Laelius
741 1063 809 1149 egit
831 1087 861 1128 a.
885 1087 918 1129 a.
937 1065 998 1128 616
1019 1065 1126 1146 (138),
1151 1069 1299 1132 seddim·
1341 1051 1344 1058 ⁴

237 1175 315 1258 ‚hus
335 1169 516 1236 actionibus
534 1167 650 1231 habitis
674 1169 746 1232 Ser.
768 1167 914 1252 Sulpicio
936 1167 1059 1233 Galbae
1084 1190 1151 1233 eam
1173 1170 1297 1251 detulit,

251 1255 404 1355 utsupra
426 1271 564 1334 diximus
585 1292 619 1353 p.
641 1271 714 1334 167.

278 1365 280 1370 ¹
316 1375 437 1441 Cicero
457 1373 490 1436 in
511 1375 614 1438 Bruto
637 1375 688 1439 22.
710 1373 889 1438 Memoria
909 1385 1027 1451 teneo,
1054 1379 1227 1461 Smyrnae
1246 1398 1299 1440 me

254 1501 301 1543 ex
321 1482 367 1543 Ρ.
378 1478 511 1542 Rutilio
527 1474 628 1568 Rufo
646 1476 839 1553 audivisse,
863 1499 942 1540 cum
958 1479 1086 1542 diceret
1102 1480 1300 1543 adolescen-

254 1585 328 1645 tulo
343 1602 379 1644 se
398 1581 584 1656 accidisse,
613 1593 651 1644 ut
676 1604 724 1643 ex
745 1593 887 1644 senatus
902 1584 1059 1644 consulto
1073 1584 1113 1645 Ρ.
1134 1583 1250 1664 Scipio
1263 1595 1298 1646 et

254 1688 302 1750 D.
318 1687 450 1748 Brutus
471 1683 527 1764 (ut
545 1683 687 1766 opinor)
707 1685 864 1747 consules
887 1684 929 1746 de
954 1705 993 1749 re
1017 1685 1130 1750 atroci
1152 1705 1297 1769 magna·

252 1808 318 1871 que
340 1797 557 1870 quaererent.
601 1787 697 1852 Nam
724 1807 804 1848 cum
826 1786 863 1848 in
886 1786 974 1850 silva
993 1788 1068 1852 Sila
1081 1785 1195 1878 facta
1220 1811 1297 1852 cae·

252 1890 313 1953 des
337 1899 445 1962 esset,
469 1889 608 1973 notique
626 1888 781 1954 homines
800 1887 996 1978 interfecti,
1017 1890 1297 1956 insimularetur-

252 2013 318 2076 que
342 1988 518 2081 familia,
549 1990 682 2072 partim
717 1991 824 2055 etiam
857 1992 957 2056 liberi
991 1993 1167 2058 societatis
1201 1995 1294 2069 eius,

253 2115 340 2182 quae
358 2093 514 2176 picarias
536 2092 577 2158 de
598 2096 637 2157 Ρ.
658 2094 820 2159 Cornelio
842 2098 884 2159 L.
899 2097 1076 2161 Mummio
1096 2097 1297 2161 censoribus

252 2197 472 2273 redemisset,
497 2196 687 2260 decrevisse
709 2209 887 2273 senatum,
911 2210 950 2261 ut
972 2199 1015 2262 de
1029 2220 1072 2262 ea
1092 2223 1129 2262 re
1148 2221 1295 2282 cognos-

252 2312 368 2363 cerent
391 2311 424 2362 et
445 2310 637 2363 statuerent
656 2302 833 2376 consules,
857 2321 1000 2366 causam
1017 2323 1087 2384 pro
1103 2303 1297 2384 publicanis

252 2415 436 2478 accurate,
467 2413 507 2466 ut
532 2424 670 2486 semper
691 2403 815 2467 solitus
841 2414 952 2480 esset,
982 2407 1225 2490 eleganterque
1244 2405 1296 2467 di·

251 2506 347 2572 aisse
370 2506 541 2571 Laelium.
587 2510 673 2571 Cum
701 2508 860 2570 consules
889 2529 927 2570 re
955 2507 1079 2571 audita
1107 2507 1298 2591 amplius

250 2610 295 2672 de
319 2610 455 2674 consilii
481 2610 652 2674 sententia
678 2607 1018 2690 pronuntiauissent,
1045 2609 1168 2690 paucis
1191 2611 1297 2673 inter·

247 2711 375 2794 positis
396 2711 516 2774 diebus
535 2711 662 2776 iterum
683 2712 840 2776 Laelium
866 2713 974 2775 multo
998 2711 1201 2793 diligentius
1227 2735 1296 2776 me·

251 2815 385 2897 liusque
400 2813 550 2888 dixisse,
574 2814 767 2898 iterumque
788 2814 910 2878 eodem
930 2814 1032 2876 modo
1055 2833 1079 2874 a
1099 2815 1296 2877 consulibus

252 2938 326 2979 rem
354 2937 427 2978 esse
449 2918 638 2998 prolatam.
687 2922 778 2982 Tum
802 2917 980 2991 Laelium,
1005 2937 1084 2978 cum
1110 2938 1189 2980 eum
1209 2916 1296 2994 socii

251 3019 392 3082 domum
416 3019 640 3084 reduxissent
659 3021 877 3105 egissentque
897 3018 1034 3102 gratias
1055 3030 1106 3095 et,
1131 3039 1172 3082 ne
1191 3016 1295 3109 defa-

250 3121 445 3205 tigaretur,
470 3123 681 3194 oravissent,
705 3126 859 3188 locutum
879 3144 953 3187 esse
976 3123 1047 3198 ita,
1072 3143 1108 3185 se
1129 3143 1217 3206 quae
1226 3118 1296 3211 fe-

250 3224 374 3299 eisaei,
406 3226 550 3289 honoris
580 3247 702 3290 eorum
734 3226 854 3308 gratia
885 3225 1040 3288 studiose
1069 3236 1296 3307 accurateque

238 3325 398 3418 fecisse,
415 3327 479 3390 sed
492 3349 529 3390 se
544 3328 714 3391 arbitrari
728 3348 871 3391 causam
889 3328 985 3393 illam
1000 3349 1023 3390 a
1038 3327 1159 3392 Servio
1171 3327 1294 3401 Galba,

250 3429 343 3513 quod
364 3429 395 3491 is
414 3429 451 3491 in
473 3429 619 3493 dicendo
641 3431 797 3493 atrocior
816 3430 1000 3513 acriorque
1022 3442 1127 3503 esset,
1152 3429 1297 3510 grauius

250 3542 284 3593 et
305 3532 538 3596 vehementius
558 3552 663 3614 posse
686 3531 852 3622 defendi,
883 3533 999 3616 itaque
1024 3530 1233 3593 auctoritate
1255 3533 1295 3594 0.

253 3633 365 3696 Laelii
383 3634 588 3716 publicanos
611 3656 754 3698 causam
776 3634 939 3697 detulisse
960 3633 1008 3693 ad
1032 3631 1189 3694 Galbam.

285 3832 314 3878 P.
328 3832 414 3894 Scipio
425 3841 449 3879 et
460 3834 494 3880 D.
505 3833 601 3881 Brutus
614 3833 742 3894 eonsules]
764 3849 789 3879 ι.
804 3828 852 3878 616
875 3827 960 3890 (138)·

284 3986 370 4048 liberi]
404 4003 433 4032 un
447 3994 598 4045 opponuntur
617 3983 746 4032 familiae?
778 3987 810 4030 ita
831 3991 855 4030 ut
874 3986 938 4031 servi
958 3990 981 4031 et
1002 3985 1072 4031 liberi
1088 3987 1167 4032 caedis
1187 3988 1223 4032 rei
1242 3999 1294 4032 esse

319 4076 449 4122 terreatur.

284 4214 441 4266 P.'Corneiio
460 4225 483 4264 et
495 4219 525 4268 L.
540 4217 663 4266 illumatio
681 4218 840 4279 censoribus]
860 4235 882 4266 a.
899 4215 948 4265 612
971 4217 1055 4278 (112).
