2970 4836
297 341 316 402 6

359 499 404 558 Α.
416 518 449 558 u.
464 495 524 558 sot
534 491 623 571 (190)
634 491 738 575 gratia
752 515 806 556 sua
819 493 939 570 elicuit,
955 508 988 558 ut
1003 497 1109 564 Lucio
1122 499 1220 564 fratri
1232 502 1350 564 bellum

296 598 535 662 Antiochenum
553 599 769 670 mandaretur,
785 597 917 681 ipseque
933 599 1030 678 legati
1048 623 1158 665 munus
1174 602 1326 685 suscepit.

360 700 502 764 Annos
515 700 603 779 (189)
617 699 770 765 conlecto
787 699 872 762 bello
886 700 992 778 rediit,
1007 706 1062 766 scd
1073 707 1111 767 de
1126 708 1242 786 praeda
1254 717 1352 791 atqua

296 803 431 886 pecunia
448 817 539 885 capta
564 806 678 866 multae
699 802 782 865 inter
805 802 973 884 Scipiones
994 817 1024 867 et
1042 805 1198 870 Catonem
1217 808 1348 890 potissi·

297 930 379 970 mum
394 906 465 970 lites
481 918 512 968 et
528 905 711 970 inimicitiae
732 919 833 980 ortae,
854 916 885 968 et
901 907 941 971 P.
953 907 1076 990 Scipio,
1090 920 1122 970 ut
1139 909 1290 973 invidiam
1302 909 1351 973 cf·

296 1010 436 1094 fugeret,
458 1031 513 1072 rus
525 1009 669 1072 secessit.

362 1113 412 1175 De
425 1133 516 1185 anno,
533 1132 598 1196 quo
611 1123 754 1175 mortuus
767 1123 825 1186 est,
841 1111 1028 1176 dissentiunt
1041 1111 1232 1194 scriptores.
1250 1115 1351 1177 Vale-

299 1215 367 1278 rius
384 1213 497 1277 Antias
514 1214 644 1288 scribit,
664 1237 733 1277 eum
750 1214 869 1278 obiisse
885 1215 966 1278 diem
983 1238 1012 1277 a.
1026 1215 1086 1277 557
1103 1215 1213 1292 (187),
1233 1216 1348 1280 Livius

298 1317 335 1398 (1.
348 1319 399 1393 39,
410 1319 463 1380 50.
477 1317 546 1396 52.)
569 1328 600 1380 et
617 1316 735 1382 Cicero
760 1317 792 1380 in
813 1318 938 1382 Catone
961 1317 1082 1381 maiore
1101 1340 1131 1381 c.
1144 1319 1175 1381 6.
1194 1338 1277 1383 auno
1291 1319 1352 1382 559
1466 1327 1467 1346 ¹

302 1422 402 1499 (185),
419 1419 575 1500 Polybius
590 1431 620 1482 et
636 1419 772 1484 Rutilius
788 1443 817 1482 a.
832 1424 890 1484 571
911 1421 1013 1500 (183).

364 1521 464 1587 Conl.
488 1521 640 1585 Vincenti
661 1522 691 1586 in
712 1525 919 1605 lconografia
936 1543 1067 1585 romana
1087 1525 1129 1590 T.
1148 1527 1177 1587 1.
1198 1546 1230 1605 p.
1249 1523 1299 1592 55.
1320 1536 1351 1587 et
1466 1507 1467 1574 Ῐ

300 1625 405 1704 Pauly
427 1624 801 1715 Real-Encyclopa'die,
827 1623 1007 1706 Lieserung
1023 1626 1156 1688 XXIV.
1175 1647 1209 1706 p.
1227 1627 1299 1696 551.
1322 1638 1353 1688 et

302 1727 467 1790 Gerlachii
483 1726 730 1790 commentatio:
755 1729 795 1790 P.
811 1724 983 1791 Cornelius
999 1723 1110 1808 Scipio
1124 1729 1187 1790 und
1202 1728 1250 1796 M.
1266 1729 1353 1792 Por-

301 1829 369 1894 cius
386 1829 470 1892 Cato
481 1827 523 1891 im
540 1827 841 1893 Schweizerischcn
859 1831 1009 1892 Museum
1024 1828 1117 1892 1837.
1131 1830 1164 1894 J.
1178 1833 1207 1894 1.
1219 1832 1265 1894 Η.
1277 1831 1311 1894 3.

367 1932 521 2012 Quamvis
534 1931 574 1994 sit
586 1931 771 2008 verisimile,
786 1931 864 1996 nihil
878 1930 1029 2014 scriptum
1043 1931 1209 2018 reliquisse
1223 1932 1351 2014 Scipio·

302 2057 372 2098 nem
388 2035 600 2117 superiorem,
617 2056 681 2097 non
695 2035 790 2098 omisi
803 2057 884 2110 eum,
898 2034 970 2119 quia
983 2037 1042 2097 sub
1054 2033 1122 2098 eius
1133 2036 1261 2100 nomine
1277 2057 1353 2100 ora-

301 2138 347 2201 tio
363 2140 516 2222 quaedam
528 2137 705 2200 ferebatur.

367 2239 485 2304 Cicero
500 2241 602 2304 Bruto
617 2242 667 2317 19,
679 2243 731 2303 77.
746 2245 864 2324 Ipsum
875 2240 1069 2325 Scipionem
1078 2241 1272 2324 accepimus
1284 2261 1353 2303 non

302 2340 476 2433 infantem
480 2341 619 2432 fuisse.

342 2465 392 2495 non
405 2448 536 2510 insontem]
557 2467 603 2496 non
617 2454 700 2498 rudem
713 2453 874 2510 eloquentiae.

366 2532 437 2598 Cic.
456 2535 668 2608 deolficiisit,
685 2539 715 2598 1.
740 2538 835 2598 nulla
846 2536 920 2598 eiua
932 2533 1110 2613 (Africani)
1128 2533 1261 2616 ingenii
1279 2555 1352 2597 mo·

303 2650 466 2700 numento
477 2639 641 2702 mandata
652 2639 789 2712 litteris,
803 2641 937 2702 nullum
950 2659 1039 2719 opus
1051 2637 1127 2710 otii,
1148 2639 1281 2700 nullum
1298 2656 1354 2698 oo·

301 2740 459 2802 litudinic
474 2761 599 2802 munus
615 2751 727 2802 extat.

340 2896 368 2952 1.
396 2895 496 2952 Oratio
506 2895 538 2951 P.
549 2893 693 2965 Scipionis
705 2896 835 2951 Africani
849 2895 967 2950 maioris
981 2894 1119 2949 adversus
1132 2891 1172 2950 Μ.
1181 2891 1318 2952 Naevium

697 2980 842 3036 tribunum
856 2978 961 3048 plebis.

372 3084 419 3146 Ea
437 3082 520 3144 dicta
536 3082 703 3144 serebatur
719 3103 801 3144 anno
818 3105 849 3143 u.
862 3082 923 3145 559
934 3080 1034 3159 (185).
1048 3079 1202 3144 Naeuius
1217 3081 1307 3143 enim
1320 3081 1355 3142 in

308 3185 579 3268 magistratuum
593 3183 705 3258 libris,
722 3195 755 3245 ut
771 3181 885 3246 Livius
898 3183 940 3244 ait
952 3182 1036 3246 libro
1048 3182 1100 3257 39,
1113 3183 1179 3258 59,
1201 3195 1278 3245 erat
1290 3182 1355 3246 tri·

304 3287 416 3350 burnus
428 3285 537 3369 plebis
553 3289 592 3350 P.
604 3286 752 3351 Claudio
764 3289 805 3348 L.
817 3286 941 3349 Porcio
955 3307 1044 3348 coss.
1058 3307 1087 3348 a.
1100 3287 1162 3347 570
1174 3287 1276 3364 (181),
1290 3284 1352 3347 sed

305 3389 431 3452 inierat
456 3389 674 3452 tribunatum
693 3390 763 3469 Ap.
785 3389 930 3452 claudio
954 3391 1009 3452 M.
1029 3390 1234 3472 Sempronio
1259 3407 1349 3450 eoas.
1467 3395 1468 3400 ’

309 3513 340 3555 a.
373 3492 390 3552 6
439 3491 527 3554 185.

351 3492 602 3675 5Αῗὲιιιῐιεῖηῐιιηπ
612 3591 768 3657 orationis
780 3594 855 3656 tale.
874 3593 926 3656 M.
939 3593 1082 3656 Naevius
1093 3591 1241 3654 tribunus
1254 3587 1356 3669 plebis

306 3695 494 3760 Africanum
514 3693 546 3757 in
565 3693 613 3757 ius
633 3694 762 3758 vocavit
782 3693 906 3760 Catone
925 3693 1114 3777 instigante,
1138 3703 1295 3773 tamquam
1315 3692 1354 3752 ab

305 3818 383 3879 rege
399 3795 565 3860 Antiocho
578 3798 712 3878 pecunia
725 3811 756 3860 et
768 3796 941 3882 largitione
953 3805 1138 3875 corruptus,
1151 3812 1261 3872 pacem
1275 3793 1355 3856 mol·
1468 3803 1469 3806 ’

306 3899 423 3961 liorem
440 3897 559 3963 icisset.
585 3899 715 3982 Scipio,
733 3899 852 3967 tribuni
869 3909 1071 3962 contemnens
1082 3892 1249 3970 iniuriam,
1266 3915 1355 3978 mag-

307 3999 400 4064 nifica
416 4013 446 4064 ct
459 4022 613 4086 generosa
627 4025 701 4065 usus
717 4015 764 4064 est
780 4000 941 4064 oratione.

369 4103 492 4168 Gellius
509 4105 604 4180 1,18.
622 4109 709 4170 Cum
721 4105 775 4168 M.
788 4101 943 4166 Naeuius
960 4098 1118 4164 tribunus
1133 4101 1245 4184 plebei
1255 4120 1355 4162 accu-

306 4217 400 4270 saret
413 4205 628 4296 Africanum
645 4205 691 4266 nd
706 4205 892 4284 populum,
911 4201 1103 4286 diceretque
1125 4204 1296 4285 occepisse
1313 4203 1355 4264 ab

306 4331 388 4394 rege
401 4309 574 4374 Antiocho
592 4304 794 4388 pecuniam,
818 4315 856 4366 ut
875 4305 1128 4392 conditionibus
1140 4305 1309 4388 gratiosis
1324 4316 1356 4366 et
