<?xml version="1.0" encoding="UTF-8"?>
<!DOCTYPE html PUBLIC "-//W3C//DTD XHTML 1.0 Transitional//EN"
    "http://www.w3.org/TR/xhtml1/DTD/xhtml1-transitional.dtd">
<html xmlns="http://www.w3.org/1999/xhtml" xml:lang="en" lang="en">
 <head>
  <title>
</title>
<meta http-equiv="Content-Type" content="text/html;charset=utf-8" />
  <meta name='ocr-system' content='tesseract 3.04.00' />
  <meta name='ocr-capabilities' content='ocr_page ocr_carea ocr_par ocr_line ocrx_word'/>
</head>
<body>
  <div class='ocr_page' id='page_1' title='image "./oratorumromanor02meyegoog_0430.png"; bbox 0 0 2984 4842; ppageno 0'>
   <div class='ocr_carea' id='block_1_1' title="bbox 230 330 291 392">
    <p class='ocr_par' dir='ltr' id='par_1_1' title="bbox 230 330 291 392">
     <span class='ocr_line' id='line_1_1' title="bbox 230 330 291 392; baseline -0.049 0"><span class='ocrx_word' id='word_1_1' title='bbox 230 330 291 392; x_wconf 90' lang='grc'><strong><em>410</em></strong></span> 
     </span>
    </p>
   </div>
   <div class='ocr_carea' id='block_1_2' title="bbox 155 487 1286 1781">
    <p class='ocr_par' dir='ltr' id='par_1_2' title="bbox 230 487 1278 877">
     <span class='ocr_line' id='line_1_2' title="bbox 232 487 1277 573; baseline 0.002 -23"><span class='ocrx_word' id='word_1_2' title='bbox 232 500 265 550; x_wconf 84' lang='lat' dir='ltr'><strong><em>et</em></strong></span> <span class='ocrx_word' id='word_1_3' title='bbox 287 487 430 550; x_wconf 88' lang='lat' dir='ltr'><strong><em>eandem</em></strong></span> <span class='ocrx_word' id='word_1_4' title='bbox 454 488 542 548; x_wconf 73' lang='lat' dir='ltr'><strong><em>hucac</em></strong></span> <span class='ocrx_word' id='word_1_5' title='bbox 557 489 619 550; x_wconf 82' lang='lat' dir='ltr'><strong><em>Cn.</em></strong></span> <span class='ocrx_word' id='word_1_6' title='bbox 639 488 851 550; x_wconf 78' lang='lat' dir='ltr'><em>Dolabellam</em></span> <span class='ocrx_word' id='word_1_7' title='bbox 872 488 1000 569; x_wconf 77' lang='lat' dir='ltr'><strong><em>putretis</em></strong></span> <span class='ocrx_word' id='word_1_8' title='bbox 1023 509 1109 562; x_wconf 87' lang='lat' dir='ltr'><strong><em>esse,</em></strong></span> <span class='ocrx_word' id='word_1_9' title='bbox 1125 489 1160 550; x_wconf 88' lang='lat' dir='ltr'><strong><em>in</em></strong></span> <span class='ocrx_word' id='word_1_10' title='bbox 1179 491 1277 573; x_wconf 82' lang='lat' dir='ltr'><strong><em>qitem</em></strong></span> 
     </span>
     <span class='ocr_line' id='line_1_3' title="bbox 231 573 1275 673; baseline -0.002 -17"><span class='ocrx_word' id='word_1_11' title='bbox 231 594 269 655; x_wconf 83' lang='grc'><strong><em>0.</em></strong></span> <span class='ocrx_word' id='word_1_12' title='bbox 294 589 502 655; x_wconf 75' lang='lat' dir='ltr'><strong><em>Caesaris</em></strong></span> <span class='ocrx_word' id='word_1_13' title='bbox 524 573 760 655; x_wconf 84' lang='lat' dir='ltr'><strong><em>orationes</em></strong></span> <span class='ocrx_word' id='word_1_14' title='bbox 783 591 916 672; x_wconf 81' lang='lat' dir='ltr'><strong><em>legitis,</em></strong></span> <span class='ocrx_word' id='word_1_15' title='bbox 942 591 1030 653; x_wconf 88' lang='lat' dir='ltr'><strong><em>srire</em></strong></span> <span class='ocrx_word' id='word_1_16' title='bbox 1053 613 1112 654; x_wconf 83' lang='lat' dir='ltr'><strong><em>uos</em></strong></span> <span class='ocrx_word' id='word_1_17' title='bbox 1128 605 1275 673; x_wconf 88' lang='lat' dir='ltr'><strong><em>oportet,</em></strong></span> 
     </span>
     <span class='ocr_line' id='line_1_4' title="bbox 231 690 1278 780; baseline 0.002 -26"><span class='ocrx_word' id='word_1_18' title='bbox 231 693 320 756; x_wconf 84' lang='lat' dir='ltr'><strong><em>duos</em></strong></span> <span class='ocrx_word' id='word_1_19' title='bbox 342 692 461 755; x_wconf 75' lang='lat' dir='ltr'><strong><em>coelem</em></strong></span> <span class='ocrx_word' id='word_1_20' title='bbox 483 703 635 773; x_wconf 88' lang='lat' dir='ltr'><strong><em>tempore</em></strong></span> <span class='ocrx_word' id='word_1_21' title='bbox 646 690 772 780; x_wconf 88' lang='lat' dir='ltr'><strong><em>fuisse</em></strong></span> <span class='ocrx_word' id='word_1_22' title='bbox 794 705 826 754; x_wconf 86' lang='lat' dir='ltr'><strong><em>et</em></strong></span> <span class='ocrx_word' id='word_1_23' title='bbox 847 693 1070 775; x_wconf 86' lang='lat' dir='ltr'><strong><em>praenomine</em></strong></span> <span class='ocrx_word' id='word_1_24' title='bbox 1093 706 1125 756; x_wconf 88' lang='lat' dir='ltr'><strong><em>et</em></strong></span> <span class='ocrx_word' id='word_1_25' title='bbox 1141 695 1278 756; x_wconf 85' lang='lat' dir='ltr'><strong><em>nomine</em></strong></span> 
     </span>
     <span class='ocr_line' id='line_1_5' title="bbox 230 794 1278 877; baseline 0.002 -19"><span class='ocrx_word' id='word_1_26' title='bbox 230 807 262 858; x_wconf 85' lang='lat' dir='ltr'><strong><em>et</em></strong></span> <span class='ocrx_word' id='word_1_27' title='bbox 296 795 499 877; x_wconf 82' lang='lat' dir='ltr'><strong><em>cognomine</em></strong></span> <span class='ocrx_word' id='word_1_28' title='bbox 534 796 744 858; x_wconf 75' lang='lat' dir='ltr'><em>Dolabellas.</em></span> <span class='ocrx_word' id='word_1_29' title='bbox 807 794 941 858; x_wconf 84' lang='lat' dir='ltr'><strong><em>Eorum</em></strong></span> <span class='ocrx_word' id='word_1_30' title='bbox 978 795 1090 877; x_wconf 83' lang='lat' dir='ltr'><strong><em>igitur</em></strong></span> <span class='ocrx_word' id='word_1_31' title='bbox 1130 799 1278 860; x_wconf 88' lang='lat' dir='ltr'><strong><em>alterum</em></strong></span> 
     </span>
    </p>

    <p class='ocr_par' dir='ltr' id='par_1_3' title="bbox 155 896 1277 1064">
     <span class='ocr_line' id='line_1_6' title="bbox 155 896 1277 972; baseline 0.002 -14"><span class='ocrx_word' id='word_1_32' title='bbox 155 953 158 958; x_wconf 87' lang='lat'>.</span> <span class='ocrx_word' id='word_1_33' title='bbox 232 900 361 962; x_wconf 83' lang='lat' dir='ltr'><strong><em>Caesar</em></strong></span> <span class='ocrx_word' id='word_1_34' title='bbox 376 896 549 958; x_wconf 85' lang='lat' dir='ltr'><strong><em>accusavit</em></strong></span> <span class='ocrx_word' id='word_1_35' title='bbox 574 918 634 958; x_wconf 90' lang='lat' dir='ltr'><strong><em>nec</em></strong></span> <span class='ocrx_word' id='word_1_36' title='bbox 662 898 850 972; x_wconf 85' lang='lat' dir='ltr'><strong><em>damnavit,</em></strong></span> <span class='ocrx_word' id='word_1_37' title='bbox 879 901 1027 961; x_wconf 88' lang='lat' dir='ltr'><strong><em>alterum</em></strong></span> <span class='ocrx_word' id='word_1_38' title='bbox 1052 901 1106 962; x_wconf 89' lang='lat' dir='ltr'><strong><em>M.</em></strong></span> <span class='ocrx_word' id='word_1_39' title='bbox 1124 901 1277 961; x_wconf 75' lang='lat' dir='ltr'><strong><em>Scaurus</em></strong></span> 
     </span>
     <span class='ocr_line' id='line_1_7' title="bbox 230 999 724 1064; baseline -0.004 0"><span class='ocrx_word' id='word_1_40' title='bbox 230 1012 265 1064; x_wconf 88' lang='lat' dir='ltr'><strong><em>et</em></strong></span> <span class='ocrx_word' id='word_1_41' title='bbox 286 999 461 1063; x_wconf 86' lang='lat' dir='ltr'><strong><em>accusauit</em></strong></span> <span class='ocrx_word' id='word_1_42' title='bbox 481 1011 515 1061; x_wconf 82' lang='lat' dir='ltr'><strong><em>et</em></strong></span> <span class='ocrx_word' id='word_1_43' title='bbox 537 999 724 1062; x_wconf 81' lang='lat' dir='ltr'><strong><em>damnavit.</em></strong></span> 
     </span>
    </p>

    <p class='ocr_par' dir='ltr' id='par_1_4' title="bbox 229 1096 1286 1500">
     <span class='ocr_line' id='line_1_8' title="bbox 293 1096 1277 1187; baseline 0.003 -23"><span class='ocrx_word' id='word_1_44' title='bbox 293 1103 381 1164; x_wconf 86' lang='lat' dir='ltr'><strong><em>Plut.</em></strong></span> <span class='ocrx_word' id='word_1_45' title='bbox 398 1100 522 1176; x_wconf 84' lang='lat' dir='ltr'><strong><em>Caesar</em></strong></span> <span class='ocrx_word' id='word_1_46' title='bbox 545 1102 577 1163; x_wconf 94' lang='grc'><strong><em>4.</em></strong></span> <span class='ocrx_word' id='word_1_47' title='bbox 623 1097 815 1167; x_wconf 72' lang='grc' dir='ltr'><strong><em>ἐπανελθὼν</em></strong></span> <span class='ocrx_word' id='word_1_48' title='bbox 839 1098 884 1178; x_wconf 76' lang='grc' dir='ltr'><strong><em>εἰς</em></strong></span> <span class='ocrx_word' id='word_1_49' title='bbox 902 1096 1036 1187; x_wconf 79' lang='grc' dir='ltr'><em>Ῥώμην</em></span> <span class='ocrx_word' id='word_1_50' title='bbox 1067 1104 1277 1185; x_wconf 74' lang='grc' dir='ltr'><em>Δολοβέλλαν</em></span> 
     </span>
     <span class='ocr_line' id='line_1_9' title="bbox 229 1199 1286 1290; baseline -0.004 -19"><span class='ocrx_word' id='word_1_51' title='bbox 229 1205 332 1290; x_wconf 82' lang='grc' dir='ltr'><strong><em>ἔκρινε</em></strong></span> <span class='ocrx_word' id='word_1_52' title='bbox 350 1199 521 1280; x_wconf 79' lang='grc' dir='ltr'><strong><em>κακώσεως</em></strong></span> <span class='ocrx_word' id='word_1_53' title='bbox 546 1204 704 1290; x_wconf 80' lang='grc' dir='ltr'><strong><em>ἐπαρχίας</em></strong></span> <span class='ocrx_word' id='word_1_54' title='bbox 730 1210 785 1270; x_wconf 88' lang='grc' dir='ltr'><strong><em>καὶ</em></strong></span> <span class='ocrx_word' id='word_1_55' title='bbox 810 1207 931 1271; x_wconf 80' lang='grc' dir='ltr'><em>πολλαὶ</em></span> <span class='ocrx_word' id='word_1_56' title='bbox 952 1199 1018 1270; x_wconf 84' lang='lat' dir='ltr'><strong><em>oinb</em></strong></span> <span class='ocrx_word' id='word_1_57' title='bbox 1040 1205 1097 1284; x_wconf 76' lang='grc' dir='ltr'><strong><em>τῆς</em></strong></span> <span class='ocrx_word' id='word_1_58' title='bbox 1112 1199 1286 1282; x_wconf 78' lang='grc' dir='ltr'><em>Ἑλλάδος,</em></span> 
     </span>
     <span class='ocr_line' id='line_1_10' title="bbox 229 1293 1276 1398; baseline -0.003 -24"><span class='ocrx_word' id='word_1_59' title='bbox 229 1309 292 1374; x_wconf 81' lang='grc' dir='ltr'><strong><em>τῶν</em></strong></span> <span class='ocrx_word' id='word_1_60' title='bbox 315 1302 440 1373; x_wconf 81' lang='grc' dir='ltr'><em>πόλεων</em></span> <span class='ocrx_word' id='word_1_61' title='bbox 463 1307 649 1396; x_wconf 80' lang='grc' dir='ltr'><strong><em>μαρτυρίας</em></strong></span> <span class='ocrx_word' id='word_1_62' title='bbox 674 1302 776 1398; x_wconf 76' lang='grc' dir='ltr'><strong><em>αὐτῷ.</em></strong></span> <span class='ocrx_word' id='word_1_63' title='bbox 790 1309 964 1395; x_wconf 79' lang='grc' dir='ltr'><strong><em>παρέσχον.</em></strong></span> <span class='ocrx_word' id='word_1_64' title='bbox 994 1301 1038 1372; x_wconf 76' lang='lat' dir='ltr'><strong><em>‘O</em></strong></span> <span class='ocrx_word' id='word_1_65' title='bbox 1056 1314 1115 1392; x_wconf 77' lang='lat' dir='ltr'><strong><em>pir</em></strong></span> <span class='ocrx_word' id='word_1_66' title='bbox 1131 1293 1190 1373; x_wconf 80' lang='lat' dir='ltr'><strong><em>obv</em></strong></span> <span class='ocrx_word' id='word_1_67' title='bbox 1213 1311 1276 1374; x_wconf 83' lang='grc' dir='ltr'><strong><em>Λο-</em></strong></span> 
     </span>
     <span class='ocr_line' id='line_1_11' title="bbox 229 1405 763 1500; baseline -0.002 -24"><span class='ocrx_word' id='word_1_68' title='bbox 229 1413 389 1496; x_wconf 81' lang='grc' dir='ltr'><strong><em>λοβέλλας</em></strong></span> <span class='ocrx_word' id='word_1_69' title='bbox 411 1405 558 1500; x_wconf 77' lang='grc' dir='ltr'><em>ἀπέφυγε</em></span> <span class='ocrx_word' id='word_1_70' title='bbox 582 1406 640 1489; x_wconf 82' lang='grc' dir='ltr'><strong><em>τὴν</em></strong></span> <span class='ocrx_word' id='word_1_71' title='bbox 661 1410 763 1489; x_wconf 78' lang='grc' dir='ltr'><strong><em>δίκην.</em></strong></span> 
     </span>
    </p>

    <p class='ocr_par' dir='ltr' id='par_1_5' title="bbox 228 1510 1275 1781">
     <span class='ocr_line' id='line_1_12' title="bbox 292 1510 1275 1588; baseline -0.003 -12"><span class='ocrx_word' id='word_1_72' title='bbox 292 1512 438 1576; x_wconf 85' lang='lat' dir='ltr'><strong><em>Velleius</em></strong></span> <span class='ocrx_word' id='word_1_73' title='bbox 462 1514 496 1588; x_wconf 81' lang='lat' dir='ltr'><strong><em>i,</em></strong></span> <span class='ocrx_word' id='word_1_74' title='bbox 519 1513 574 1575; x_wconf 83' lang='grc'><strong><em>43.</em></strong></span> <span class='ocrx_word' id='word_1_75' title='bbox 626 1511 854 1576; x_wconf 83' lang='lat' dir='ltr'><strong><em>Nobilissima</em></strong></span> <span class='ocrx_word' id='word_1_76' title='bbox 878 1513 1076 1575; x_wconf 83' lang='lat' dir='ltr'><strong><em>Dolabellae</em></strong></span> <span class='ocrx_word' id='word_1_77' title='bbox 1098 1510 1275 1574; x_wconf 76' lang='lat' dir='ltr'><strong><em>accusatio</em></strong></span> 
     </span>
     <span class='ocr_line' id='line_1_13' title="bbox 228 1611 1275 1700; baseline -0.004 -21"><span class='ocrx_word' id='word_1_78' title='bbox 228 1627 262 1679; x_wconf 88' lang='lat' dir='ltr'><strong><em>et</em></strong></span> <span class='ocrx_word' id='word_1_79' title='bbox 284 1615 396 1678; x_wconf 87' lang='lat' dir='ltr'><strong><em>maiar</em></strong></span> <span class='ocrx_word' id='word_1_80' title='bbox 421 1614 569 1676; x_wconf 83' lang='lat' dir='ltr'><strong><em>ciuitatis</em></strong></span> <span class='ocrx_word' id='word_1_81' title='bbox 595 1614 631 1676; x_wconf 88' lang='lat' dir='ltr'><strong><em>in</em></strong></span> <span class='ocrx_word' id='word_1_82' title='bbox 655 1635 697 1676; x_wconf 89' lang='lat' dir='ltr'><strong><em>ea</em></strong></span> <span class='ocrx_word' id='word_1_83' title='bbox 708 1611 845 1700; x_wconf 88' lang='lat' dir='ltr'><strong><em>fauor,</em></strong></span> <span class='ocrx_word' id='word_1_84' title='bbox 873 1635 977 1696; x_wconf 88' lang='lat' dir='ltr'><strong><em>quam</em></strong></span> <span class='ocrx_word' id='word_1_85' title='bbox 1003 1615 1074 1676; x_wconf 86' lang='lat' dir='ltr'><strong><em>reis</em></strong></span> <span class='ocrx_word' id='word_1_86' title='bbox 1098 1614 1275 1694; x_wconf 85' lang='lat' dir='ltr'><strong><em>praestari</em></strong></span> 
     </span>
     <span class='ocr_line' id='line_1_14' title="bbox 228 1720 326 1781; baseline -0.031 0"><span class='ocrx_word' id='word_1_87' title='bbox 228 1720 326 1781; x_wconf 82' lang='lat' dir='ltr'><strong><em>solet.</em></strong></span> 
     </span>
    </p>
   </div>
   <div class='ocr_carea' id='block_1_3' title="bbox 263 1858 1275 2257">
    <p class='ocr_par' dir='ltr' id='par_1_6' title="bbox 263 1858 1275 2257">
     <span class='ocr_line' id='line_1_15' title="bbox 263 1858 1275 1920; baseline 0.003 -16"><span class='ocrx_word' id='word_1_88' title='bbox 263 1862 290 1905; x_wconf 85' lang='lat' dir='ltr'><strong><em>ia</em></strong></span> <span class='ocrx_word' id='word_1_89' title='bbox 314 1858 355 1919; x_wconf 86' lang='lat' dir='ltr'><strong><em>ea]</em></strong></span> <span class='ocrx_word' id='word_1_90' title='bbox 401 1860 553 1904; x_wconf 81' lang='lat' dir='ltr'><strong><em>detensiones</em></strong></span> <span class='ocrx_word' id='word_1_91' title='bbox 581 1872 678 1903; x_wconf 68' lang='lat' dir='ltr'><strong><em>seorsim</em></strong></span> <span class='ocrx_word' id='word_1_92' title='bbox 707 1859 845 1914; x_wconf 87' lang='lat' dir='ltr'><strong><em>pierumque</em></strong></span> <span class='ocrx_word' id='word_1_93' title='bbox 879 1861 966 1912; x_wconf 83' lang='lat' dir='ltr'><strong><em>populo</em></strong></span> <span class='ocrx_word' id='word_1_94' title='bbox 992 1863 1068 1917; x_wconf 77' lang='lat' dir='ltr'><strong><em>stragis</em></strong></span> <span class='ocrx_word' id='word_1_95' title='bbox 1097 1869 1179 1919; x_wconf 69' lang='lat' dir='ltr'><strong><em>grutae</em></strong></span> <span class='ocrx_word' id='word_1_96' title='bbox 1205 1877 1275 1920; x_wconf 81' lang='lat' dir='ltr'><strong><em>quem</em></strong></span> 
     </span>
     <span class='ocr_line' id='line_1_16' title="bbox 297 1942 1272 2008; baseline 0.004 -17"><span class='ocrx_word' id='word_1_97' title='bbox 297 1949 470 1995; x_wconf 68' lang='lat' dir='ltr'><strong><em>accusationes.</em></strong></span> <span class='ocrx_word' id='word_1_98' title='bbox 492 1948 580 1991; x_wconf 81' lang='lat' dir='ltr'><strong><em>Cicero</em></strong></span> <span class='ocrx_word' id='word_1_99' title='bbox 598 1947 625 1988; x_wconf 85' lang='lat' dir='ltr'><strong><em>de</em></strong></span> <span class='ocrx_word' id='word_1_100' title='bbox 641 1943 712 1989; x_wconf 80' lang='lat' dir='ltr'><strong><em>otfie.</em></strong></span> <span class='ocrx_word' id='word_1_101' title='bbox 733 1943 758 1997; x_wconf 80' lang='lat'><strong><em>2,</em></strong></span> <span class='ocrx_word' id='word_1_102' title='bbox 780 1942 821 1988; x_wconf 80' lang='grc'><strong><em>14.</em></strong></span> <span class='ocrx_word' id='word_1_103' title='bbox 842 1943 899 1988; x_wconf 81' lang='lat' dir='ltr'><strong><em>Etsi</em></strong></span> <span class='ocrx_word' id='word_1_104' title='bbox 916 1945 1073 1992; x_wconf 78' lang='lat' dir='ltr'><strong><em>laudabilior</em></strong></span> <span class='ocrx_word' id='word_1_105' title='bbox 1091 1956 1129 1993; x_wconf 84' lang='lat' dir='ltr'><strong><em>est</em></strong></span> <span class='ocrx_word' id='word_1_106' title='bbox 1147 1949 1272 2008; x_wconf 62' lang='lat' dir='ltr'><strong><em>efferato,</em></strong></span> 
     </span>
     <span class='ocr_line' id='line_1_17' title="bbox 298 2031 1274 2092; baseline 0.001 -11"><span class='ocrx_word' id='word_1_107' title='bbox 298 2043 380 2082; x_wconf 85' lang='lat' dir='ltr'><strong><em>lumen</em></strong></span> <span class='ocrx_word' id='word_1_108' title='bbox 398 2036 475 2080; x_wconf 82' lang='lat' dir='ltr'><strong><em>etiam</em></strong></span> <span class='ocrx_word' id='word_1_109' title='bbox 492 2034 622 2078; x_wconf 84' lang='lat' dir='ltr'><strong><em>accusatio</em></strong></span> <span class='ocrx_word' id='word_1_110' title='bbox 638 2031 747 2088; x_wconf 82' lang='lat' dir='ltr'><strong><em>probata</em></strong></span> <span class='ocrx_word' id='word_1_111' title='bbox 763 2045 885 2090; x_wconf 74' lang='lat' dir='ltr'><strong><em>persaepe</em></strong></span> <span class='ocrx_word' id='word_1_112' title='bbox 903 2039 950 2092; x_wconf 82' lang='lat' dir='ltr'><strong><em>est,</em></strong></span> <span class='ocrx_word' id='word_1_113' title='bbox 969 2036 1040 2078; x_wconf 85' lang='lat' dir='ltr'><strong><em>veluti</em></strong></span> <span class='ocrx_word' id='word_1_114' title='bbox 1061 2036 1117 2080; x_wconf 81' lang='lat' dir='ltr'><strong><em>haec</em></strong></span> <span class='ocrx_word' id='word_1_115' title='bbox 1137 2039 1189 2090; x_wconf 81' lang='lat' dir='ltr'><strong><em>ipse</em></strong></span> <span class='ocrx_word' id='word_1_116' title='bbox 1202 2053 1274 2082; x_wconf 80' lang='lat' dir='ltr'><strong><em>accu-</em></strong></span> 
     </span>
     <span class='ocr_line' id='line_1_18' title="bbox 297 2119 1274 2178; baseline 0 -9"><span class='ocrx_word' id='word_1_117' title='bbox 297 2128 359 2169; x_wconf 78' lang='lat' dir='ltr'><strong><em>satio</em></strong></span> <span class='ocrx_word' id='word_1_118' title='bbox 379 2123 491 2168; x_wconf 80' lang='lat' dir='ltr'><strong><em>Caesaris</em></strong></span> <span class='ocrx_word' id='word_1_119' title='bbox 510 2121 585 2178; x_wconf 79' lang='lat' dir='ltr'><strong><em>magis</em></strong></span> <span class='ocrx_word' id='word_1_120' title='bbox 606 2119 706 2174; x_wconf 78' lang='lat' dir='ltr'><strong><em>probata</em></strong></span> <span class='ocrx_word' id='word_1_121' title='bbox 724 2120 770 2164; x_wconf 85' lang='lat' dir='ltr'><strong><em>fuit</em></strong></span> <span class='ocrx_word' id='word_1_122' title='bbox 790 2123 876 2176; x_wconf 84' lang='lat' dir='ltr'><strong><em>populo</em></strong></span> <span class='ocrx_word' id='word_1_123' title='bbox 895 2135 965 2178; x_wconf 87' lang='lat' dir='ltr'><strong><em>quam</em></strong></span> <span class='ocrx_word' id='word_1_124' title='bbox 983 2123 1043 2166; x_wconf 80' lang='lat' dir='ltr'><strong><em>alias</em></strong></span> <span class='ocrx_word' id='word_1_125' title='bbox 1063 2123 1181 2168; x_wconf 78' lang='lat' dir='ltr'><strong><em>defensio.</em></strong></span> <span class='ocrx_word' id='word_1_126' title='bbox 1202 2125 1274 2169; x_wconf 82' lang='lat' dir='ltr'><strong><em>Cont.</em></strong></span> 
     </span>
     <span class='ocr_line' id='line_1_19' title="bbox 298 2211 532 2257; baseline -0.009 0"><span class='ocrx_word' id='word_1_127' title='bbox 298 2213 404 2257; x_wconf 88' lang='lat' dir='ltr'><strong><em>Orellius</em></strong></span> <span class='ocrx_word' id='word_1_128' title='bbox 422 2212 451 2254; x_wconf 82' lang='lat' dir='ltr'><strong><em>ud</em></strong></span> <span class='ocrx_word' id='word_1_129' title='bbox 471 2211 495 2253; x_wconf 84' lang='lat' dir='ltr'><strong><em>b.</em></strong></span> <span class='ocrx_word' id='word_1_130' title='bbox 516 2212 532 2255; x_wconf 90' lang='grc' dir='ltr'><strong><em>Ι.</em></strong></span> 
     </span>
    </p>
   </div>
   <div class='ocr_carea' id='block_1_4' title="bbox 164 2298 1275 2702">
    <p class='ocr_par' dir='ltr' id='par_1_7' title="bbox 164 2298 1275 2623">
     <span class='ocr_line' id='line_1_20' title="bbox 293 2298 1273 2411; baseline -0.001 -18"><span class='ocrx_word' id='word_1_131' title='bbox 293 2329 417 2393; x_wconf 87' lang='lat' dir='ltr'><strong><em>Gellius</em></strong></span> <span class='ocrx_word' id='word_1_132' title='bbox 440 2331 474 2403; x_wconf 89' lang='grc'><strong><em>4,</em></strong></span> <span class='ocrx_word' id='word_1_133' title='bbox 500 2328 551 2390; x_wconf 92' lang='grc'><strong><em>16.</em></strong></span> <span class='ocrx_word' id='word_1_134' title='bbox 596 2331 635 2393; x_wconf 82' lang='grc'><strong><em>0.</em></strong></span> <span class='ocrx_word' id='word_1_135' title='bbox 664 2332 814 2398; x_wconf 82' lang='lat' dir='ltr'><strong><em>Caesar,</em></strong></span> <span class='ocrx_word' id='word_1_136' title='bbox 842 2327 961 2410; x_wconf 84' lang='lat' dir='ltr'><strong><em>gravis</em></strong></span> <span class='ocrx_word' id='word_1_137' title='bbox 983 2339 1107 2392; x_wconf 83' lang='lat' dir='ltr'><strong><em>auctor</em></strong></span> <span class='ocrx_word' id='word_1_138' title='bbox 1132 2298 1273 2411; x_wconf 48' lang='lat' dir='ltr'><strong><em>linquae</em></strong></span> 
     </span>
     <span class='ocr_line' id='line_1_21' title="bbox 164 2431 1271 2527; baseline 0 -31"><span class='ocrx_word' id='word_1_139' title='bbox 164 2434 373 2527; x_wconf 64' lang='lat' dir='ltr'><strong><em>statinae,</em></strong></span> <span class='ocrx_word' id='word_1_140' title='bbox 411 2431 447 2493; x_wconf 86' lang='lat' dir='ltr'><strong><em>in</em></strong></span> <span class='ocrx_word' id='word_1_141' title='bbox 481 2431 694 2494; x_wconf 85' lang='lat' dir='ltr'><em>Dolabellam</em></span> <span class='ocrx_word' id='word_1_142' title='bbox 731 2431 877 2493; x_wconf 85' lang='lat' dir='ltr'><strong><em>actionis</em></strong></span> <span class='ocrx_word' id='word_1_143' title='bbox 915 2433 984 2495; x_wconf 85' lang='lat'><em>111.</em></span> <span class='ocrx_word' id='word_1_144' title='bbox 1018 2431 1075 2495; x_wconf 89' lang='lat' dir='ltr'><strong><em>lib.</em></strong></span> <span class='ocrx_word' id='word_1_145' title='bbox 1112 2434 1163 2494; x_wconf 88' lang='lat'><strong><em>1.:</em></strong></span> <span class='ocrx_word' id='word_1_146' title='bbox 1194 2433 1271 2505; x_wconf 87' lang='lat' dir='ltr'><strong><em>Isti,</em></strong></span> 
     </span>
     <span class='ocr_line' id='line_1_22' title="bbox 227 2531 1275 2623; baseline -0.001 -25"><span class='ocrx_word' id='word_1_147' title='bbox 227 2537 374 2620; x_wconf 86' lang='lat' dir='ltr'><strong><em>quorum</em></strong></span> <span class='ocrx_word' id='word_1_148' title='bbox 397 2533 432 2596; x_wconf 87' lang='lat' dir='ltr'><strong><em>in</em></strong></span> <span class='ocrx_word' id='word_1_149' title='bbox 458 2533 600 2596; x_wconf 88' lang='lat' dir='ltr'><strong><em>aedibus</em></strong></span> <span class='ocrx_word' id='word_1_150' title='bbox 616 2531 793 2623; x_wconf 86' lang='lat' dir='ltr'><strong><em>fanisque</em></strong></span> <span class='ocrx_word' id='word_1_151' title='bbox 817 2534 934 2614; x_wconf 83' lang='lat' dir='ltr'><strong><em>posita</em></strong></span> <span class='ocrx_word' id='word_1_152' title='bbox 961 2546 995 2596; x_wconf 85' lang='lat' dir='ltr'><strong><em>et</em></strong></span> <span class='ocrx_word' id='word_1_153' title='bbox 1024 2535 1148 2597; x_wconf 84' lang='lat' dir='ltr'><strong><em>honori</em></strong></span> <span class='ocrx_word' id='word_1_154' title='bbox 1175 2547 1275 2598; x_wconf 84' lang='lat' dir='ltr'><strong><em>eraut</em></strong></span> 
     </span>
    </p>

    <p class='ocr_par' dir='ltr' id='par_1_8' title="bbox 230 2647 425 2702">
     <span class='ocr_line' id='line_1_23' title="bbox 230 2647 425 2702; baseline -0.021 0"><span class='ocrx_word' id='word_1_155' title='bbox 230 2651 264 2702; x_wconf 88' lang='lat' dir='ltr'><strong><em>et</em></strong></span> <span class='ocrx_word' id='word_1_156' title='bbox 285 2647 425 2702; x_wconf 85' lang='lat' dir='ltr'><strong><em>ornatu.</em></strong></span> 
     </span>
    </p>
   </div>
   <div class='ocr_carea' id='block_1_5' title="bbox 225 2781 1274 3630">
    <p class='ocr_par' dir='ltr' id='par_1_9' title="bbox 262 2781 1274 3110">
     <span class='ocr_line' id='line_1_24' title="bbox 262 2781 1272 2842; baseline -0.002 -14"><span class='ocrx_word' id='word_1_157' title='bbox 262 2783 372 2828; x_wconf 84' lang='lat' dir='ltr'><strong><em>actionis</em></strong></span> <span class='ocrx_word' id='word_1_158' title='bbox 390 2783 436 2828; x_wconf 92' lang='lat' dir='ltr'><strong><em>Ill.</em></strong></span> <span class='ocrx_word' id='word_1_159' title='bbox 457 2783 502 2828; x_wconf 91' lang='lat' dir='ltr'><strong><em>lib.</em></strong></span> <span class='ocrx_word' id='word_1_160' title='bbox 523 2781 560 2842; x_wconf 87' lang='grc'><strong><em>1.]</em></strong></span> <span class='ocrx_word' id='word_1_161' title='bbox 598 2783 713 2827; x_wconf 84' lang='lat' dir='ltr'><strong><em>Gronovii</em></strong></span> <span class='ocrx_word' id='word_1_162' title='bbox 734 2783 923 2826; x_wconf 73' lang='lat' dir='ltr'><strong><em>emendationem</em></strong></span> <span class='ocrx_word' id='word_1_163' title='bbox 943 2788 1037 2827; x_wconf 80' lang='lat' dir='ltr'><strong><em>secutus</em></strong></span> <span class='ocrx_word' id='word_1_164' title='bbox 1054 2784 1272 2838; x_wconf 83' lang='lat' dir='ltr'><strong><em>su1n,praesertim</em></strong></span> 
     </span>
     <span class='ocr_line' id='line_1_25' title="bbox 297 2871 1273 2929; baseline -0.004 -11"><span class='ocrx_word' id='word_1_165' title='bbox 297 2887 350 2918; x_wconf 87' lang='lat' dir='ltr'><strong><em>cum</em></strong></span> <span class='ocrx_word' id='word_1_166' title='bbox 371 2874 455 2916; x_wconf 84' lang='lat' dir='ltr'><strong><em>ductus</em></strong></span> <span class='ocrx_word' id='word_1_167' title='bbox 479 2886 562 2926; x_wconf 82' lang='lat' dir='ltr'><strong><em>presse</em></strong></span> <span class='ocrx_word' id='word_1_168' title='bbox 584 2876 726 2928; x_wconf 77' lang='lat' dir='ltr'><strong><em>sequeretur</em></strong></span> <span class='ocrx_word' id='word_1_169' title='bbox 751 2871 833 2925; x_wconf 85' lang='lat' dir='ltr'><strong><em>optimi</em></strong></span> <span class='ocrx_word' id='word_1_170' title='bbox 862 2873 952 2914; x_wconf 86' lang='lat' dir='ltr'><strong><em>codicis</em></strong></span> <span class='ocrx_word' id='word_1_171' title='bbox 979 2873 1040 2929; x_wconf 82' lang='lat' dir='ltr'><strong><em>regii</em></strong></span> <span class='ocrx_word' id='word_1_172' title='bbox 1066 2871 1174 2915; x_wconf 87' lang='lat' dir='ltr'><strong><em>actionis</em></strong></span> <span class='ocrx_word' id='word_1_173' title='bbox 1190 2871 1216 2914; x_wconf 88' lang='lat' dir='ltr'><strong><em>in</em></strong></span> <span class='ocrx_word' id='word_1_174' title='bbox 1237 2871 1273 2914; x_wconf 82' lang='lat' dir='ltr'><strong><em>li-</em></strong></span> 
     </span>
     <span class='ocr_line' id='line_1_26' title="bbox 296 2958 1274 3024; baseline -0.003 -19"><span class='ocrx_word' id='word_1_175' title='bbox 296 2961 374 3006; x_wconf 84' lang='lat' dir='ltr'><strong><em>busli.</em></strong></span> <span class='ocrx_word' id='word_1_176' title='bbox 395 2960 441 3016; x_wconf 87' lang='lat' dir='ltr'><strong><em>(sic</em></strong></span> <span class='ocrx_word' id='word_1_177' title='bbox 465 2961 528 3004; x_wconf 89' lang='lat' dir='ltr'><strong><em>enitn</em></strong></span> <span class='ocrx_word' id='word_1_178' title='bbox 550 2962 573 3004; x_wconf 93' lang='lat' dir='ltr'><strong><em>in</em></strong></span> <span class='ocrx_word' id='word_1_179' title='bbox 597 2961 639 3004; x_wconf 90' lang='lat' dir='ltr'><strong><em>illo</em></strong></span> <span class='ocrx_word' id='word_1_180' title='bbox 667 2959 747 3004; x_wconf 80' lang='lat' dir='ltr'><strong><em>codice</em></strong></span> <span class='ocrx_word' id='word_1_181' title='bbox 770 2960 836 3017; x_wconf 81' lang='lat' dir='ltr'><strong><em>legi,</em></strong></span> <span class='ocrx_word' id='word_1_182' title='bbox 859 2973 905 3024; x_wconf 83' lang='lat' dir='ltr'><strong><em>non</em></strong></span> <span class='ocrx_word' id='word_1_183' title='bbox 927 2958 1039 3012; x_wconf 69' lang='lat' dir='ltr'><strong><em>titana,</em></strong></span> <span class='ocrx_word' id='word_1_184' title='bbox 1065 2965 1089 3004; x_wconf 88' lang='lat' dir='ltr'><strong><em>ut</em></strong></span> <span class='ocrx_word' id='word_1_185' title='bbox 1109 2961 1274 3003; x_wconf 77' lang='lat' dir='ltr'><strong><em>aiii-tradide-</em></strong></span> 
     </span>
     <span class='ocr_line' id='line_1_27' title="bbox 296 3045 1271 3110; baseline -0.002 -18"><span class='ocrx_word' id='word_1_186' title='bbox 296 3053 359 3101; x_wconf 82' lang='lat' dir='ltr'><strong><em>rant,</em></strong></span> <span class='ocrx_word' id='word_1_187' title='bbox 383 3053 483 3092; x_wconf 82' lang='lat' dir='ltr'><strong><em>testatur</em></strong></span> <span class='ocrx_word' id='word_1_188' title='bbox 501 3048 664 3110; x_wconf 62' lang='lat' dir='ltr'><strong><em>DuebnerusJ3</em></strong></span> <span class='ocrx_word' id='word_1_189' title='bbox 686 3049 732 3092; x_wconf 90' lang='lat' dir='ltr'><strong><em>Sed</em></strong></span> <span class='ocrx_word' id='word_1_190' title='bbox 756 3047 871 3092; x_wconf 83' lang='lat' dir='ltr'><strong><em>dubitatio</em></strong></span> <span class='ocrx_word' id='word_1_191' title='bbox 891 3053 975 3092; x_wconf 78' lang='lat' dir='ltr'><strong><em>exorte</em></strong></span> <span class='ocrx_word' id='word_1_192' title='bbox 997 3051 1042 3102; x_wconf 85' lang='lat' dir='ltr'><strong><em>est,</em></strong></span> <span class='ocrx_word' id='word_1_193' title='bbox 1062 3061 1091 3090; x_wconf 77' lang='lat' dir='ltr'><strong><em>sn</em></strong></span> <span class='ocrx_word' id='word_1_194' title='bbox 1113 3045 1165 3092; x_wconf 84' lang='lat' dir='ltr'><strong><em>fleri</em></strong></span> <span class='ocrx_word' id='word_1_195' title='bbox 1185 3050 1271 3102; x_wconf 78' lang='lat' dir='ltr'><strong><em>possit,</em></strong></span> 
     </span>
    </p>

    <p class='ocr_par' dir='ltr' id='par_1_10' title="bbox 293 3119 1273 3538">
     <span class='ocr_line' id='line_1_28' title="bbox 297 3119 1273 3192; baseline 0 -14"><span class='ocrx_word' id='word_1_196' title='bbox 297 3141 321 3178; x_wconf 92' lang='lat' dir='ltr'><strong><em>ut</em></strong></span> <span class='ocrx_word' id='word_1_197' title='bbox 343 3135 433 3179; x_wconf 79' lang='lat' dir='ltr'><strong><em>Caesar</em></strong></span> <span class='ocrx_word' id='word_1_198' title='bbox 454 3141 490 3180; x_wconf 91' lang='lat' dir='ltr'><strong><em>tot</em></strong></span> <span class='ocrx_word' id='word_1_199' title='bbox 513 3138 634 3180; x_wconf 84' lang='lat' dir='ltr'><strong><em>orationes</em></strong></span> <span class='ocrx_word' id='word_1_200' title='bbox 665 3137 687 3179; x_wconf 93' lang='lat' dir='ltr'><strong><em>in</em></strong></span> <span class='ocrx_word' id='word_1_201' title='bbox 717 3133 868 3180; x_wconf 75' lang='lat' dir='ltr'><em>Dolabellam</em></span> <span class='ocrx_word' id='word_1_202' title='bbox 890 3119 1012 3184; x_wconf 75' lang='lat' dir='ltr'><strong><em>habuerit,</em></strong></span> <span class='ocrx_word' id='word_1_203' title='bbox 1034 3137 1157 3192; x_wconf 82' lang='lat' dir='ltr'><strong><em>tnagisque</em></strong></span> <span class='ocrx_word' id='word_1_204' title='bbox 1180 3137 1273 3180; x_wconf 85' lang='lat' dir='ltr'><strong><em>videtur</em></strong></span> 
     </span>
     <span class='ocr_line' id='line_1_29' title="bbox 293 3221 1272 3280; baseline 0.002 -15"><span class='ocrx_word' id='word_1_205' title='bbox 293 3222 443 3275; x_wconf 78' lang='lat' dir='ltr'><strong><em>verisimile,</em></strong></span> <span class='ocrx_word' id='word_1_206' title='bbox 471 3225 565 3280; x_wconf 79' lang='lat' dir='ltr'><strong><em>legere,</em></strong></span> <span class='ocrx_word' id='word_1_207' title='bbox 592 3223 701 3266; x_wconf 86' lang='lat' dir='ltr'><strong><em>actionis</em></strong></span> <span class='ocrx_word' id='word_1_208' title='bbox 730 3222 803 3265; x_wconf 89' lang='lat' dir='ltr'><strong><em>tertio</em></strong></span> <span class='ocrx_word' id='word_1_209' title='bbox 824 3221 898 3265; x_wconf 85' lang='lat' dir='ltr'><strong><em>libro.</em></strong></span> <span class='ocrx_word' id='word_1_210' title='bbox 931 3223 994 3264; x_wconf 79' lang='lat' dir='ltr'><strong><em>&#39;l&#39;res</em></strong></span> <span class='ocrx_word' id='word_1_211' title='bbox 1019 3224 1081 3264; x_wconf 87' lang='lat' dir='ltr'><strong><em>enim</em></strong></span> <span class='ocrx_word' id='word_1_212' title='bbox 1107 3225 1228 3267; x_wconf 86' lang='lat' dir='ltr'><strong><em>orationes</em></strong></span> <span class='ocrx_word' id='word_1_213' title='bbox 1250 3225 1272 3266; x_wconf 93' lang='lat' dir='ltr'><strong><em>in</em></strong></span> 
     </span>
     <span class='ocr_line' id='line_1_30' title="bbox 295 3299 1273 3366; baseline 0 -14"><span class='ocrx_word' id='word_1_214' title='bbox 295 3310 338 3352; x_wconf 81' lang='lat' dir='ltr'><strong><em>bac</em></strong></span> <span class='ocrx_word' id='word_1_215' title='bbox 368 3322 438 3352; x_wconf 85' lang='lat' dir='ltr'><strong><em>causa</em></strong></span> <span class='ocrx_word' id='word_1_216' title='bbox 468 3299 580 3354; x_wconf 77' lang='lat' dir='ltr'><strong><em>habuisse</em></strong></span> <span class='ocrx_word' id='word_1_217' title='bbox 607 3313 714 3366; x_wconf 85' lang='lat' dir='ltr'><strong><em>videtur,</em></strong></span> <span class='ocrx_word' id='word_1_218' title='bbox 745 3323 789 3352; x_wconf 85' lang='lat' dir='ltr'><strong><em>una</em></strong></span> <span class='ocrx_word' id='word_1_219' title='bbox 820 3313 872 3351; x_wconf 78' lang='lat' dir='ltr'><strong><em>emt</em></strong></span> <span class='ocrx_word' id='word_1_220' title='bbox 897 3308 1018 3357; x_wconf 74' lang='lat' dir='ltr'><strong><em>Divinatio</em></strong></span> <span class='ocrx_word' id='word_1_221' title='bbox 1039 3309 1069 3352; x_wconf 87' lang='lat' dir='ltr'><strong><em>de</em></strong></span> <span class='ocrx_word' id='word_1_222' title='bbox 1105 3311 1273 3352; x_wconf 85' lang='lat' dir='ltr'><strong><em>constituendo</em></strong></span> 
     </span>
     <span class='ocr_line' id='line_1_31' title="bbox 295 3394 1273 3451; baseline 0 -11"><span class='ocrx_word' id='word_1_223' title='bbox 295 3399 451 3451; x_wconf 81' lang='lat' dir='ltr'><strong><em>accusatore,</em></strong></span> <span class='ocrx_word' id='word_1_224' title='bbox 480 3399 564 3441; x_wconf 89' lang='lat' dir='ltr'><strong><em>deinde</em></strong></span> <span class='ocrx_word' id='word_1_225' title='bbox 589 3397 680 3440; x_wconf 85' lang='lat' dir='ltr'><strong><em>duabus</em></strong></span> <span class='ocrx_word' id='word_1_226' title='bbox 710 3394 859 3438; x_wconf 81' lang='lat' dir='ltr'><strong><em>orationibus</em></strong></span> <span class='ocrx_word' id='word_1_227' title='bbox 887 3396 1062 3438; x_wconf 74' lang='lat' dir='ltr'><strong><em>accusationem</em></strong></span> <span class='ocrx_word' id='word_1_228' title='bbox 1088 3397 1202 3439; x_wconf 88' lang='lat' dir='ltr'><strong><em>intendit:</em></strong></span> <span class='ocrx_word' id='word_1_229' title='bbox 1230 3411 1273 3440; x_wconf 89' lang='lat' dir='ltr'><strong><em>nec</em></strong></span> 
     </span>
     <span class='ocr_line' id='line_1_32' title="bbox 297 3480 1271 3538; baseline -0.001 -10"><span class='ocrx_word' id='word_1_230' title='bbox 297 3484 423 3528; x_wconf 85' lang='lat' dir='ltr'><strong><em>Ciceronis</em></strong></span> <span class='ocrx_word' id='word_1_231' title='bbox 444 3485 500 3528; x_wconf 88' lang='lat' dir='ltr'><strong><em>libri</em></strong></span> <span class='ocrx_word' id='word_1_232' title='bbox 523 3489 613 3538; x_wconf 86' lang='lat' dir='ltr'><strong><em>septem</em></strong></span> <span class='ocrx_word' id='word_1_233' title='bbox 637 3482 797 3526; x_wconf 74' lang='lat' dir='ltr'><strong><em>accusationis</em></strong></span> <span class='ocrx_word' id='word_1_234' title='bbox 819 3482 842 3524; x_wconf 91' lang='lat' dir='ltr'><strong><em>in</em></strong></span> <span class='ocrx_word' id='word_1_235' title='bbox 869 3480 970 3525; x_wconf 79' lang='lat' dir='ltr'><strong><em>Verrem</em></strong></span> <span class='ocrx_word' id='word_1_236' title='bbox 995 3481 1039 3525; x_wconf 88' lang='lat' dir='ltr'><strong><em>huc</em></strong></span> <span class='ocrx_word' id='word_1_237' title='bbox 1061 3483 1142 3526; x_wconf 79' lang='lat' dir='ltr'><strong><em>vocari</em></strong></span> <span class='ocrx_word' id='word_1_238' title='bbox 1162 3490 1271 3538; x_wconf 79' lang='lat' dir='ltr'><strong><em>possunt.</em></strong></span> 
     </span>
    </p>

    <p class='ocr_par' dir='ltr' id='par_1_11' title="bbox 225 3567 1272 3630">
     <span class='ocr_line' id='line_1_33' title="bbox 225 3567 1272 3630; baseline 0.002 -15"><span class='ocrx_word' id='word_1_239' title='bbox 225 3603 226 3606; x_wconf 18' lang='grc' dir='ltr'>η</span> <span class='ocrx_word' id='word_1_240' title='bbox 297 3585 399 3628; x_wconf 86' lang='lat' dir='ltr'><strong><em>quorum</em></strong></span> <span class='ocrx_word' id='word_1_241' title='bbox 421 3571 469 3614; x_wconf 87' lang='lat' dir='ltr'><strong><em>duo</em></strong></span> <span class='ocrx_word' id='word_1_242' title='bbox 492 3575 582 3614; x_wconf 84' lang='lat' dir='ltr'><strong><em>tautum</em></strong></span> <span class='ocrx_word' id='word_1_243' title='bbox 604 3571 626 3613; x_wconf 91' lang='lat' dir='ltr'><strong><em>in</em></strong></span> <span class='ocrx_word' id='word_1_244' title='bbox 649 3569 708 3613; x_wconf 82' lang='lat' dir='ltr'><strong><em>foro&#39;</em></strong></span> <span class='ocrx_word' id='word_1_245' title='bbox 726 3569 814 3621; x_wconf 80' lang='lat' dir='ltr'><strong><em>babiti,</em></strong></span> <span class='ocrx_word' id='word_1_246' title='bbox 838 3569 925 3625; x_wconf 80' lang='lat' dir='ltr'><strong><em>reliqui</em></strong></span> <span class='ocrx_word' id='word_1_247' title='bbox 945 3570 967 3613; x_wconf 84' lang='lat' dir='ltr'><strong><em>in</em></strong></span> <span class='ocrx_word' id='word_1_248' title='bbox 981 3567 1126 3624; x_wconf 79' lang='lat' dir='ltr'><strong><em>voluptatem</em></strong></span> <span class='ocrx_word' id='word_1_249' title='bbox 1141 3572 1272 3630; x_wconf 80' lang='lat' dir='ltr'><strong><em>legentium</em></strong></span> 
     </span>
    </p>
   </div>
   <div class='ocr_carea' id='block_1_6' title="bbox 298 3659 484 3704">
    <p class='ocr_par' dir='ltr' id='par_1_12' title="bbox 298 3659 484 3704">
     <span class='ocr_line' id='line_1_34' title="bbox 298 3659 484 3704; baseline 0 0"><span class='ocrx_word' id='word_1_250' title='bbox 298 3659 400 3704; x_wconf 87' lang='lat' dir='ltr'><strong><em>coniecti</em></strong></span> <span class='ocrx_word' id='word_1_251' title='bbox 420 3663 484 3704; x_wconf 89' lang='lat' dir='ltr'><strong><em>sunt.</em></strong></span> 
     </span>
    </p>
   </div>
   <div class='ocr_carea' id='block_1_7' title="bbox 315 3785 1119 3885">
    <p class='ocr_par' dir='ltr' id='par_1_13' title="bbox 315 3785 1119 3885">
     <span class='ocr_line' id='line_1_35' title="bbox 315 3785 1119 3885; baseline 0 -13"><span class='ocrx_word' id='word_1_252' title='bbox 315 3785 318 3790; x_wconf 23' lang='grc' dir='ltr'>Ι</span> <span class='ocrx_word' id='word_1_253' title='bbox 376 3815 405 3872; x_wconf 74' lang='lat'><strong><em>2.</em></strong></span> <span class='ocrx_word' id='word_1_254' title='bbox 446 3813 546 3870; x_wconf 85' lang='lat' dir='ltr'><strong><em>Oratio</em></strong></span> <span class='ocrx_word' id='word_1_255' title='bbox 566 3830 618 3885; x_wconf 88' lang='lat' dir='ltr'><strong><em>pro</em></strong></span> <span class='ocrx_word' id='word_1_256' title='bbox 639 3813 756 3870; x_wconf 87' lang='lat' dir='ltr'><strong><em>Graecis</em></strong></span> <span class='ocrx_word' id='word_1_257' title='bbox 776 3818 875 3871; x_wconf 87' lang='lat' dir='ltr'><strong><em>contra</em></strong></span> <span class='ocrx_word' id='word_1_258' title='bbox 897 3813 928 3872; x_wconf 84' lang='lat' dir='ltr'><strong><em>C.</em></strong></span> <span class='ocrx_word' id='word_1_259' title='bbox 951 3811 1119 3872; x_wconf 78' lang='lat' dir='ltr'><strong><em>Antonium.</em></strong></span> 
     </span>
    </p>
   </div>
   <div class='ocr_carea' id='block_1_8' title="bbox 227 3931 1271 4336">
    <p class='ocr_par' dir='ltr' id='par_1_14' title="bbox 227 3931 1271 4336">
     <span class='ocr_line' id='line_1_36' title="bbox 230 3931 1270 4032; baseline -0.003 -19"><span class='ocrx_word' id='word_1_260' title='bbox 230 4023 231 4026; x_wconf 7' lang='grc' dir='ltr'><strong>Ἴ</strong></span> <span class='ocrx_word' id='word_1_261' title='bbox 290 3953 374 4013; x_wconf 87' lang='lat' dir='ltr'><strong><em>Acta</em></strong></span> <span class='ocrx_word' id='word_1_262' title='bbox 390 3960 438 4011; x_wconf 85' lang='lat' dir='ltr'><strong><em>est</em></strong></span> <span class='ocrx_word' id='word_1_263' title='bbox 460 3967 552 4008; x_wconf 86' lang='lat' dir='ltr'><strong><em>causa</em></strong></span> <span class='ocrx_word' id='word_1_264' title='bbox 577 3968 605 4008; x_wconf 86' lang='lat' dir='ltr'><strong><em>a.</em></strong></span> <span class='ocrx_word' id='word_1_265' title='bbox 631 3947 694 4009; x_wconf 82' lang='grc'><strong><em>678</em></strong></span> <span class='ocrx_word' id='word_1_266' title='bbox 718 3946 799 4025; x_wconf 87' lang='grc'><strong>(76).</strong></span> <span class='ocrx_word' id='word_1_267' title='bbox 825 3931 1064 4022; x_wconf 85' lang='lat' dir='ltr'><strong><em>C.·Autooius,</em></strong></span> <span class='ocrx_word' id='word_1_268' title='bbox 1088 3946 1143 4032; x_wconf 89' lang='lat' dir='ltr'><strong><em>qui</em></strong></span> <span class='ocrx_word' id='word_1_269' title='bbox 1160 3959 1270 4029; x_wconf 88' lang='lat' dir='ltr'><strong><em>postea</em></strong></span> 
     </span>
     <span class='ocr_line' id='line_1_37' title="bbox 229 4047 1271 4132; baseline -0.002 -17"><span class='ocrx_word' id='word_1_270' title='bbox 229 4050 398 4116; x_wconf 85' lang='lat' dir='ltr'><strong><em>Ciceronis</em></strong></span> <span class='ocrx_word' id='word_1_271' title='bbox 426 4049 552 4131; x_wconf 81' lang='lat' dir='ltr'><strong><em>collega</em></strong></span> <span class='ocrx_word' id='word_1_272' title='bbox 582 4048 613 4111; x_wconf 87' lang='lat' dir='ltr'><strong><em>iu</em></strong></span> <span class='ocrx_word' id='word_1_273' title='bbox 643 4048 808 4111; x_wconf 81' lang='lat' dir='ltr'><strong><em>consulatu</em></strong></span> <span class='ocrx_word' id='word_1_274' title='bbox 830 4047 908 4122; x_wconf 86' lang='lat' dir='ltr'><strong><em>fuit,</em></strong></span> <span class='ocrx_word' id='word_1_275' title='bbox 938 4059 1106 4132; x_wconf 72' lang='lat' dir='ltr'><strong><em>postquam</em></strong></span> <span class='ocrx_word' id='word_1_276' title='bbox 1130 4047 1162 4110; x_wconf 87' lang='lat' dir='ltr'><strong><em>in</em></strong></span> <span class='ocrx_word' id='word_1_277' title='bbox 1185 4049 1271 4113; x_wconf 87' lang='lat' dir='ltr'><strong><em>bello</em></strong></span> 
     </span>
     <span class='ocr_line' id='line_1_38' title="bbox 227 4149 1271 4233; baseline -0.001 -20"><span class='ocrx_word' id='word_1_278' title='bbox 227 4151 471 4227; x_wconf 86' lang='lat' dir='ltr'><strong><em>Mithridatico,</em></strong></span> <span class='ocrx_word' id='word_1_279' title='bbox 501 4149 605 4233; x_wconf 88' lang='lat' dir='ltr'><strong><em>copiis</em></strong></span> <span class='ocrx_word' id='word_1_280' title='bbox 634 4150 740 4213; x_wconf 86' lang='lat' dir='ltr'><strong><em>Sullae</em></strong></span> <span class='ocrx_word' id='word_1_281' title='bbox 769 4149 907 4224; x_wconf 87' lang='lat' dir='ltr'><strong><em>adiutus,</em></strong></span> <span class='ocrx_word' id='word_1_282' title='bbox 932 4150 1100 4214; x_wconf 84' lang='lat' dir='ltr'><strong><em>Graeciam</em></strong></span> <span class='ocrx_word' id='word_1_283' title='bbox 1125 4162 1271 4214; x_wconf 88' lang='lat' dir='ltr'><strong><em>vexasset</em></strong></span> 
     </span>
     <span class='ocr_line' id='line_1_39' title="bbox 227 4250 1271 4336; baseline 0.003 -25"><span class='ocrx_word' id='word_1_284' title='bbox 227 4254 406 4333; x_wconf 86' lang='lat' dir='ltr'><strong><em>praedaque</em></strong></span> <span class='ocrx_word' id='word_1_285' title='bbox 436 4265 466 4315; x_wconf 91' lang='lat' dir='ltr'><strong><em>et</em></strong></span> <span class='ocrx_word' id='word_1_286' title='bbox 495 4251 606 4335; x_wconf 87' lang='lat' dir='ltr'><strong><em>spoliis</em></strong></span> <span class='ocrx_word' id='word_1_287' title='bbox 640 4252 760 4336; x_wconf 89' lang='lat' dir='ltr'><strong><em>potitus</em></strong></span> <span class='ocrx_word' id='word_1_288' title='bbox 789 4263 889 4316; x_wconf 89' lang='lat' dir='ltr'><strong><em>esset:</em></strong></span> <span class='ocrx_word' id='word_1_289' title='bbox 920 4273 937 4314; x_wconf 86' lang='lat' dir='ltr'><strong><em>a</em></strong></span> <span class='ocrx_word' id='word_1_290' title='bbox 968 4250 1106 4316; x_wconf 85' lang='lat' dir='ltr'><strong><em>Caesare</em></strong></span> <span class='ocrx_word' id='word_1_291' title='bbox 1136 4251 1271 4316; x_wconf 87' lang='lat' dir='ltr'><strong><em>Graecis</em></strong></span> 
     </span>
    </p>
   </div>
   <div class='ocr_carea' id='block_1_9' title="bbox 0 0 1496 4842">
    <p class='ocr_par' dir='ltr' id='par_1_15' title="bbox 0 0 1496 4842">
     <span class='ocr_line' id='line_1_40' title="bbox 0 0 1496 4842; baseline 0 2"><span class='ocrx_word' id='word_1_292' title='bbox 0 0 1496 4842; x_wconf 95' lang='lat' dir='ltr'><strong><em> </em></strong></span> 
     </span>
    </p>
   </div>
  </div>
 </body>
</html>
