2992 4844
253 373 315 436 308

255 530 504 614 interrogauit,
540 540 642 613 atque
665 538 704 590 ut
735 525 913 609 respondit
942 524 1106 608 sexagies
1127 528 1300 601 sestertio,

255 638 395 717 Quanto
420 653 506 715 ergo
531 652 628 705 eam,
658 628 791 713 inquit,
826 628 970 692 minoris
988 626 1083 718 fore
1104 628 1300 705 existimas,

256 736 289 800 si
309 736 424 798 ‹tecem
446 735 651 797 arbusculas
672 732 751 795 inde
773 730 979 794 succidero?
1001 735 1084 813 Ipso
1109 731 1224 796 tricies
1249 754 1302 796 se·

255 839 390 914 stertio,
407 838 459 901 ait
473 836 664 901 Domitius.
682 837 781 899 Tunc
799 837 960 908 Crassus,
980 845 1058 896 uter
1072 834 1184 917 igitur
1197 837 1303 898 luscu-

256 939 386 1004 riosior
417 940 496 1003 est.⁹
525 943 669 1022 Egone,
710 937 770 1022 qui
807 935 922 998 elecem
958 939 1136 1000 columnas
1166 948 1302 1002 centum

256 1043 405 1106 millibus
428 1063 605 1104 nummum
627 1039 716 1115 emi,
745 1061 791 1102 un
819 1051 876 1113 tu,
911 1039 971 1123 qui
995 1039 1110 1102 decem
1136 1040 1301 1103 arbuscu-

255 1150 369 1208 larum
384 1145 542 1208 umbram
561 1144 679 1208 tricies
704 1142 903 1208 sestertium
921 1161 1057 1204 summa
1076 1143 1303 1226 compensas?

290 1292 415 1351 sexagies
439 1288 569 1349 sestertio]
613 1291 630 1339 i.
656 1305 678 1334 e.
705 1289 779 1334 Sechs
806 1287 934 1333 Millionsn
962 1288 1095 1333 Sesterlicn
1122 1292 1159 1334 rel
1187 1283 1300 1343 25⁰,oou

327 1381 433 1434 'ihelon
453 1385 478 1424 ut
497 1393 526 1424 ex
546 1381 630 1424 sudeus
648 1377 712 1423 libro
733 1377 872 1421 llsrlmsnni
892 1391 915 1431 ρ.
937 1373 979 1422 20.
999 1381 1107 1432 apparet.

319 1518 489 1582 Suetonius
504 1517 537 1580 in
554 1519 686 1581 Nerone
702 1539 732 1579 c.
757 1516 790 1578 9.
834 1520 875 1581 ln
898 1519 960 1582 Cn.
977 1515 1172 1580 Domitium
1187 1517 1302 1581 Aeno-

257 1622 400 1686 barbum
421 1620 514 1683 dixis
537 1619 693 1682 Licinius
720 1621 868 1684 Crassus
894 1629 1034 1695 orator,
1061 1639 1131 1682 non
1149 1640 1222 1684 esse
1237 1619 1301 1682 mi-

258 1723 427 1797 randum,
455 1723 548 1807 quod
569 1742 712 1784 aeneam
737 1721 878 1783 barbam
902 1722 1058 1796 baberet,
1081 1723 1137 1786 cui
1161 1742 1201 1785 os
1211 1720 1301 1812 ser·

256 1847 372 1902 reum,
391 1847 451 1889 cor
471 1825 668 1908 plumbeum
688 1835 790 1887 esset.

326 1945 399 2010 Cic.
416 1948 453 2009 de
470 1946 565 2010 Orat.
583 1947 614 2021 2,
631 1945 687 2020 59,
705 1945 779 2008 2112.
802 1947 844 2010 In
861 1968 898 2009 re
912 1945 998 2012 inest
1010 1946 1092 2010 item
1103 1945 1299 2021 ridiculum,

260 2051 421 2135 quotvex
444 2047 594 2133 quatiam
617 2048 805 2130 deprauata
825 2048 1017 2112 imitatione
1036 2049 1128 2114 sumi
1147 2052 1246 2124 solet,
1263 2061 1303 2112 ut

256 2153 346 2216 idem
363 2155 531 2218 Crassus:
546 2153 613 2216 Per
631 2161 729 2212 tuam
751 2151 981 2228 nobilitatem,
995 2173 1061 2234 per
1078 2149 1301 2241 vestramfa·

260 2255 403 2330 miiiam‚
426 2275 489 2338 per
511 2264 591 2316 tuas
612 2258 767 2317 statuas!

290 2415 336 2460 per·
355 2398 435 2458 tuam]
473 2393 603 2446 natitatem
621 2400 721 2446 Datniiii
741 2402 831 2445 notavit
850 2405 942 2449 orator.

288 2505 336 2548 per
354 2495 411 2534 tuas
429 2485 538 2546 statuas]
574 2490 591 2532 i.
612 2502 634 2532 e.
660 2502 703 2544 per
726 2493 818 2533 statues
841 2503 902 2548 ques
923 2489 945 2533 iu
969 2489 1086 2533 honorem
1112 2494 1177 2533 tuum
1197 2491 1301 2534 collaes-

258 2575 263 2592 '
325 2585 363 2622 lae
382 2583 446 2621 suut.

216 2777 223 2788 ,
318 2715 511 2779 Macrobius
545 2715 705 2779 saturnal.
738 2717 775 2791 2,
802 2718 853 2778 ll.
905 2717 943 2781 Is
976 2719 1125 2782 Crassus
1150 2718 1203 2780 vir
1227 2737 1303 2779 cen-

166 2813 168 2818 ’
256 2819 372 2884 sarius
387 2815 482 2902 (uam
496 2841 574 2881 cum
590 2822 651 2883 Cn.
667 2817 824 2882 Domitio
849 2839 971 2881 censor
982 2817 1085 2909 suit)
1100 2841 1178 2882 cum
1193 2842 1303 2902 supra

255 2933 387 2985 ceteros
408 2920 559 2985 disertus
587 2921 772 2984 haberetur
797 2931 948 3005 essetque
974 2921 1065 2984 inter
1088 2921 1301 2985 clarissimos

255 3025 344 3087 ciues
359 3023 545 3107 princeps,
573 3036 688 3086 tamen
721 3045 924 3086 muraenam
960 3023 996 3086 in
1022 3024 1159 3107 piscina
1177 3023 1300 3088 domus

255 3146 339 3189 suae
362 3138 536 3189 mortuam
561 3137 698 3190 atratus
723 3137 902 3211 tamquam
914 3126 1038 3206 filiam
1061 3128 1299 3212 luscitsneque

256 3227 295 3291 id
309 3229 492 3290 obscurum
497 3226 593 3316 fuit,
620 3229 746 3313 quippe
771 3232 904 3313 collega
928 3229 1106 3294 Domitius
1125 3231 1161 3292 in
1178 3241 1302 3292 senatu

254 3331 318 3392 hoc
332 3330 365 3394 ei
382 3330 483 3413 quasi
505 3327 665 3421 deforme
690 3332 820 3395 crimen
846 3332 980 3395 obiecit.
1025 3335 1146 3417 Neque
1167 3332 1206 3394 iti
1222 3353 1303 3394 oon-

248 3431 355 3509 sueri
376 3432 518 3497 Crassus
540 3426 689 3510 erubuit,
712 3434 773 3497 sed
795 3437 888 3498 ultro
909 3435 1025 3512 etiam,
1049 3432 1081 3498 si
1102 3435 1155 3497 tiis
1172 3436 1299 3520 placet,

256 3536 430 3618 gloriatus
452 3547 504 3599 est
535 3557 674 3612 censor,
706 3536 805 3620 piam
830 3535 1125 3625 affectuosamque
1148 3558 1221 3599 rem
1231 3533 1300 3628 se·

256 3638 342 3702 cisse
364 3661 402 3702 se
427 3637 602 3702 iactitans.

289 3785 417 3844 gloriatus
436 3782 484 3841 est]
521 3784 545 3827 in
565 3785 646 3830 sedem
666 3787 776 3830 cretione
796 3792 880 3831 contre
899 3784 1042 3833 Domitium.

317 3921 511 3984 Plutarchus
541 3924 579 3984 de
609 3921 760 4003 capienda
791 3944 832 3985 ex
862 3922 1010 3987 hostibus
1040 3923 1175 3989 utilitate
1201 3927 1243 3989 T.
1269 3928 1300 3987 7.

254 4045 288 4104 p.
314 4023 375 4085 276
399 4024 450 4087 ed.
475 4025 611 4087 Hutteu.
635 4019 730 4111 Πρός
754 4021 810 4090 τὸν
832 4021 994 4110 Κράσσον
1016 4021 1035 4091 ὁ
1062 4029 1227 4114 Δομίτιος·
1255 4023 1301 4092 Osi

256 4121 295 4189 σύ
307 4125 468 4213 μυραίνης
482 4128 514 4191 ἐν
527 4125 666 4214 ζωγρείῳ
684 4147 737 4191 σοι
750 4131 960 4218 τρεφομένης,
975 4119 1046 4194 εἶτα
1058 4123 1303 4209 ἀποθανούσης

254 4225 436 4310 inlaesas,-
458 4233 513 4294 καὶ
537 4224 554 4293 ὁ
578 4230 695 4315 ἕτερος·
717 4223 760 4293 Oi
785 4227 824 4294 ob
849 4234 934 4314 τρεῖς
955 4237 1113 4315 γυναῖκας
1128 4232 1303 4317 ἐκκομίσας

256 4321 316 4390 οὐκ
338 4328 536 4415 ἕδοίκρυσαςς
