2976 4844
265 353 305 412 88

279 516 440 574 -prcndersl
471 520 494 562 Si
519 517 618 562 verbum
645 521 809 574 incorruptum
837 524 882 572 cst,
908 515 1027 576 significat
1053 521 1115 572 „mit
1137 520 1188 564 rich
1212 522 1323 575 ttrtrrenst·

338 606 383 648 sibi
407 607 546 664 adiungere.

506 800 552 856 19.
589 799 687 856 Oratio
710 801 746 856 dc
767 801 847 856 lustri
868 801 912 856 sui
933 801 1080 856 felicitate.

333 930 418 995 Cato
443 942 473 993 et
498 932 633 994 Flaccus
659 951 810 994 censores
837 930 968 992 lustrum
992 932 1212 1008 condiderunt,
1236 938 1323 1018 quod

271 1033 386 1096 Livius
413 1054 543 1098 narrare
576 1033 704 1108 omisit,
739 1036 794 1096 sed
825 1033 857 1096 in
888 1033 993 1098 Fastis
1017 1033 1211 1116 Capitolinis
1236 1036 1322 1099 sacta

269 1149 316 1200 est
342 1135 410 1199 eius
435 1135 573 1200 mentio:
602 1139 702 1201 Gens.
731 1139 772 1199 Ι..
802 1137 964 1202 Valerius
985 1140 1024 1200 P.
1037 1135 1082 1228 f.
1107 1141 1149 1200 Ι..
1171 1159 1205 1201 n.
1225 1142 1322 1202 Flac·

268 1260 340 1302 cus.
399 1243 455 1302 M.
494 1239 639 1303 Porcius
686 1241 742 1302 Μ.
770 1238 815 1328 s.
853 1242 940 1304 Cato
978 1242 1128 1303 lustrum
1148 1240 1323 1330 fecerunt

268 1344 529 1407 XXXXVIIII.
574 1338 678 1403 Conf.
698 1339 833 1404 Clintan
855 1342 944 1404 Fasti
969 1341 1102 1406 Oxlord
1120 1343 1213 1406 1880.
1236 1345 1320 1408 Τ.3.

193 1460 196 1469 “
269 1469 302 1526 p.
331 1445 403 1519 111),
430 1443 485 1528 qui
515 1444 652 1504 tabulam
678 1442 949 1528 chronologicam
973 1444 1150 1508 lustrorum
1171 1466 1322 1510 romano·

269 1571 338 1611 rum
363 1547 492 1609 adiecit.

336 1649 471 1712 Accedit
495 1651 574 1710 haec
598 1647 773 1730 inscriptio
799 1670 840 1710 en
863 1649 1024 1713 Eumenii
1046 1651 1251 1714 Gratiarum
1266 1671 1323 1712 ac-

269 1754 361 1815 tione
391 1750 622 1816 Constantino
658 1772 688 1812 c.
721 1751 773 1813 13.
826 1751 984 1834 Quinque
1016 1773 1190 1816 annorum
1225 1753 1322 1817 nobis

270 1855 403 1939 reliqua
429 1853 606 1948 remisisti.
652 1855 684 1918 0
715 1857 864 1916 lustrum
899 1854 1057 1917 omnibus
1087 1857 1208 1918 lustris
1227 1854 1322 1947 feli·

269 1959 367 2021 cius!
403 1979 424 2020 ο
449 1960 620 2030 lustrum,
647 1957 740 2040 quod
766 1958 891 2020 merito
916 1960 1003 2020 lianc
1029 1957 1168 2040 imperii
1192 1959 1245 2021 tui
1265 1979 1322 2020 ae·

274 2059 392 2145 quasit
415 2064 585 2122 aetatem!
614 2059 726 2124 Nobis
750 2081 836 2142 ergo
859 2060 1047 2141 praecipue
1075 2072 1108 2124 te
1130 2061 1323 2142 principem

275 2163 324 2226 dii
346 2170 570 2238 creaverunt,
594 2162 717 2245 quibus
743 2162 893 2245 singulis
915 2163 998 2224 haec
1021 2173 1072 2225 est
1098 2175 1181 2224 nata
1196 2161 1322 2253 felici·

272 2279 349 2342 tas,
387 2289 434 2329 cac
466 2286 534 2350 quo
568 2275 607 2326 ru
634 2265 805 2348 imperare
837 2265 991 2346 coepisti.
1045 2265 1323 2348 Quinquennalia

274 2383 335 2433 tua
364 2369 461 2432 nobis
483 2368 589 2431 ctiam
612 2365 777 2459 perfecta
798 2368 1002 2430 celebranda
1024 2379 1125 2440 suntr
1149 2367 1209 2430 illa
1232 2367 1323 2430 enim

271 2475 392 2556 quinto
432 2471 615 2554 incipiente
652 2481 836 2552 suscepta,
880 2470 1038 2533 omnibus
1070 2469 1212 2552 populis
1248 2470 1324 2533 iure

270 2575 488 2649 communia,
526 2574 624 2638 nobis
655 2575 738 2636 haec
768 2573 937 2656 propria,
974 2593 1063 2655 quae
1090 2576 1196 2656 plena
1229 2585 1322 2636 sunt.

270 2680 510 2741 Praeclara
532 2674 699 2767 fertur
722 2675 899 2740 Catonis
932 2676 1079 2737 oratio
1109 2676 1158 2738 dc
1187 2675 1324 2738 lustri

270 2781 343 2843 sui
359 2777 615 2870 felicitate.
661 2781 737 2844 Iam
763 2790 845 2840 tunc
873 2777 964 2839 enim
990 2777 1025 2838 in
1050 2777 1111 2838 itta
1133 2790 1245 2839 vetere
1270 2799 1323 2839 re·

271 2882 411 2965 publica
436 2881 483 2942 ad
509 2901 691 2943 censorum
718 2882 856 2958 laudem
878 2878 1085 2960 pertinebat,
1116 2879 1148 2940 si
1173 2880 1323 2941 taetram

261 2983 367 3076 felix
398 2983 649 3060 condidissent,
681 2985 712 3046 si
745 2985 874 3046 horrea
910 2981 1031 3042 messis
1063 2981 1256 3064 implesset,
1292 2981 1324 3043 si

275 3087 446 3150 vindemia
471 3087 711 3160 redundasset,
738 3086 768 3148 si
794 3084 918 3148 oliveta
939 3086 1045 3166 larga
1061 3082 1279 3174 fluxissent.

336 3187 435 3253 Conf.
459 3187 544 3251 infra
572 3188 744 3272 Scipionis
768 3175 913 3251 minoris
938 3187 1055 3250 oratio
1078 3199 1202 3250 contra
1224 3189 1322 3250 Asel·

271 3298 353 3367 lum,
376 3290 432 3375 qui
450 3294 600 3354 lustrum
616 3289 748 3381 infelix
764 3289 942 3353 obiecerat.
988 3290 1039 3353 De
1058 3287 1122 3352 ritu
1138 3287 1231 3352 lustri
1246 3309 1324 3352 con·

270 3395 328 3460 diti
344 3392 425 3457 dixit
442 3395 593 3456 Huschke
610 3395 649 3455 ad
669 3392 785 3454 librum
805 3392 925 3455 Incerti
946 3390 1088 3456 auctoris
1106 3390 1322 3474 Magistratu-

272 3521 321 3560 um
341 3508 374 3559 et
391 3495 651 3560 sacerdotiorum
669 3495 710 3558 P.
728 3495 759 3558 R
774 3515 864 3576 .pag.
878 3495 931 3557 52.
971 3493 1122 3576 Giittling
1145 3493 1266 3554 Gesch.
1290 3494 1321 3554 d.

272 3607 356 3664 rom.
376 3599 566 3662 Staatsverf.
584 3621 619 3681 p.
640 3598 714 3660 331.
743 3598 825 3660 Fuss
846 3595 1064 3680 Antiquitates
1085 3597 1183 3657 Rom.
1200 3613 1234 3673 p.
1250 3593 1322 3654 132.

534 3739 588 3794 Hic
614 3739 718 3794 finiunt
738 3739 885 3793 orationes
909 3734 1070 3790 censoriae.

607 3963 654 4020 50.
686 3961 785 4018 Oratio
808 3960 844 4014 de
867 3957 985 4012 ambitu.

337 4099 379 4159 A.
406 4096 466 4158 573
490 4095 580 4174 (181)
604 4092 687 4154 dicta
711 4089 849 4152 videtur.

339 4197 494 4280 Quamvis
520 4196 634 4258 multae
655 4215 692 4256 ac
716 4191 824 4254 variae
847 4213 961 4255 causae
984 4191 1164 4277 excogitari
1187 4189 1323 4273 possint,

272 4311 413 4386 propter
441 4320 518 4383 quas
546 4296 631 4362 Cato
656 4297 696 4360 de
722 4296 854 4359 ambitu
880 4295 1026 4358 habuerit
1049 4294 1249 4370 orationem,
1278 4302 1326 4354 ta·

1469 3785 1477 4062 l
