2958 4840
259 357 322 420 020

259 533 298 584 ut
319 520 418 604 digni
439 531 581 582 senam
602 517 841 582 ntisericordia
869 529 904 580 st
929 519 1068 582 aemilio
1092 519 1302 582 uiderentur.

260 623 394 690 Deinde
416 621 466 684 ita
485 621 631 684 breuiter
654 642 727 684 rem
748 639 883 684 omnem
905 633 1006 704 atque
1028 622 1080 682 ita
1101 621 1212 682 valide
1233 626 1302 684 elo.

258 738 359 790 cutus
375 745 429 799 es,
455 737 493 787 ut
507 723 727 806 paucissimis
743 723 853 784 verbis
878 723 1013 797 omniu,
1037 743 1125 806 quae
1148 744 1205 786 res
1223 745 1306 805 pos·

257 841 366 903 cerel,
398 827 670 894 continerentur.
702 837 740 887 ut
769 845 836 887 non
864 825 960 888 ocius
987 837 1048 888 aut
1073 825 1303 890 uehcmentins

259 944 356 994 terra
377 930 494 992 urbem
516 929 610 990 illam
633 948 735 1010 quam
755 927 891 989 animos
907 927 1121 990 audientium
1137 939 1200 990 tua
1224 949 1305 990 ora·

258 1035 309 1097 tin
331 1031 486 1096 mouerit.
504 1065 544 1078 -
566 1029 634 1094 Secl
655 1029 738 1091 milri
760 1029 877 1103 crede,
900 1029 1153 1111 amplissimum
1175 1029 1302 1094 teiam

259 1137 295 1200 in
323 1133 516 1220 eloquentia
547 1143 660 1194 tenere
694 1133 807 1194 locum
836 1132 993 1217 breuique
1028 1153 1200 1195 summum
1228 1133 1304 1197 eius

259 1257 419 1300 cacumen
436 1235 627 1297 aditurum.
655 1272 685 1286 -
707 1236 747 1298 ln
763 1233 920 1296 oratione
935 1246 996 1296 tua
1012 1233 1202 1320 Cyzicena,
1226 1257 1303 1297 cum

262 1341 344 1404 deos
366 1335 561 1422 precareris
582 1348 615 1399 et
642 1335 678 1398 si
695 1332 780 1426 fas
809 1347 890 1410 est,
915 1335 1091 1399 obsecro
1119 1337 1304 1400 addidisti:

259 1442 352 1530 quoti
374 1461 440 1524 ego
462 1462 515 1501 me
536 1460 604 1504 non
627 1438 766 1501 memini
786 1437 928 1519 legisse:
957 1438 1131 1502 obsecrari
1151 1439 1242 1501 enim
1271 1451 1304 1502 et

258 1541 428 1608 resecrari
454 1544 603 1624 populus
629 1554 691 1604 aut
713 1540 842 1603 iudices
866 1539 1035 1614 solebant,
1064 1541 1126 1604 secl
1146 1563 1198 1604 ms
1211 1539 1303 1632 for·

259 1647 349 1710 sitan
374 1645 541 1708 memoria
550 1641 717 1734 fugerit:
742 1656 782 1705 tu
803 1641 1002 1726 diligentius
1023 1641 1301 1707 animadvertito.

535 1783 563 1840 ³.
603 1780 702 1838 Oratio
722 1783 758 1838 da
781 1782 813 1838 L.
835 1782 911 1838 Vero
930 1782 1028 1840 tratre.

321 1887 372 1948 M.
398 1883 549 1948 Aurelius
572 1881 751 1946 arationem
774 1881 855 1945 dixit
876 1905 904 1948 a.
935 1885 997 1948 919
1020 1886 1127 1964 (196),
1157 1907 1228 1948 eum
1259 1888 1300 1950 L.

256 1989 359 2054 irater
382 1985 566 2051 Armeniam
589 1985 767 2067 subegisset
789 1984 1046 2071 triumphumque
1068 2001 1193 2071 egeret.

321 2091 446 2156 Fronto
463 2092 502 2152 ad
520 2089 643 2151 Verum
656 2087 901 2169 Imperatorem.
925 2110 958 2168 p.
978 2089 1051 2152 181.
1074 2091 1147 2154 Alii
1168 2112 1301 2175 quoque

257 2195 357 2258 clucet
384 2206 464 2255 ante
492 2214 551 2254 vos
574 2191 776 2256 Armeniam
798 2191 1023 2271 subegerunt,
1058 2194 1210 2289 seduna
1232 2217 1301 2258 me·

258 2299 410 2361 hercules
433 2296 579 2376 epistola
600 2307 678 2364 tua,
710 2314 779 2354 una
806 2293 858 2354 tui
875 2293 1017 2379 finiris
1046 2295 1087 2356 de
1112 2307 1144 2358 te
1166 2297 1302 2380 tuisque

260 2398 441 2464 uirtutibus
487 2398 601 2460 oratio
635 2395 784 2458 nobilior
823 2395 870 2456 ad
904 2397 1054 2478 gloriam
1090 2410 1122 2461 ei
1157 2400 1204 2458 aci
1239 2422 1301 2480 po·

161 2499 167 2510 '
259 2515 370 2564 steros
409 2500 612 2563 celebratior
641 2497 707 2561 erit
735 2519 837 2580 qnam
861 2501 1017 2582 plerique
1051 2501 1301 2583 principum

256 2601 481 2684 triumphi.

319 2707 497 2788 Supersunt
532 2702 563 2768 in
599 2703 751 2785 Corpore
790 2703 873 2768 luris
911 2705 1085 2787 fragmenta
1118 2705 1300 2769 orationum

257 2808 366 2872 Marci
388 2804 564 2880 Antonini,
588 2827 687 2889 quae,
713 2829 783 2868 cum
797 2807 1115 2888 orationesproprie
1139 2830 1202 2872 nnn
1225 2807 1300 2884 sint,

257 2915 313 2975 sed
347 2910 451 2974 edicta
486 2909 592 2991 potins
629 2908 696 2972 sive
737 2908 840 2991 leges,
879 2931 909 2970 tn
950 2907 1088 2973 editione
1116 2912 1175 2974 hae
1205 2909 1302 2982 omit·

255 3016 347 3076 tende
368 3010 567 3086 arbitrabar,
591 3009 714 3092 pariter
738 3011 1034 3095 ammonitiones,
1060 3012 1091 3075 id
1112 3025 1174 3086 est,
1198 3011 1300 3076 edicta

257 3115 485 3196 isnperatorum
502 3112 611 3176 Helvii
629 3112 822 3187 Pertinacis,
839 3113 985 3194 Septimii
1008 3113 1123 3177 Severi
1144 3127 1174 3178 et
1197 3113 1299 3177 Cara-

256 3216 353 3280 eallae
395 3213 616 3296 praetermisi,
665 3237 801 3300 quorum
832 3214 864 3278 in
907 3215 985 3280 edit.
1024 3216 1134 3299 priore
1166 3214 1300 3282 fecimus

257 3316 459 3381 ruentioneur.

299 3455 358 3514 ct..
401 3455 433 3512 t..
456 3456 582 3512 Aurelius
605 3456 687 3514 Verus
707 3457 862 3528 Imperator
881 3459 921 3516 ll.
946 3458 1079 3514 Antonini
1097 3460 1257 3528 Philosoplu'

623 3553 712 3618 frater
735 3554 890 3622 adoptivus.

320 3657 419 3716 Natus
441 3675 468 3721 a.
490 3653 552 3716 883
573 3654 678 3732 (130),
705 3666 782 3718 octo
810 3656 898 3716 annis
923 3655 1025 3717 minor
1051 3668 1122 3716 natu
1149 3656 1200 3717 M.
1230 3657 1299 3716 Αιι-

253 3757 343 3822 relio.
375 3756 453 3819 Vid.
483 3751 606 3818 Eckhel
633 3756 747 3819 Doctr.
774 3758 900 3822 Nnmtn.
927 3769 948 3822 t.
975 3762 1005 3818 7.
1030 3779 1064 3838 p.
1094 3757 1146 3822 87.
1183 3758 1299 3836 Adop-

253 3870 373 3922 tstuea
400 3843 477 3921 'l'ito
502 3859 667 3920 Antonino
691 3860 752 3921 Pio
776 3879 805 3918 a.
836 3882 865 3921 n.
890 3860 949 3920 891
971 3859 1072 3936 (138).
1119 3858 1242 3922 ‘Consul
1267 3879 1297 3919 a.

252 3964 311 4026 997
336 3965 439 4038 (tit).
486 3959 652 4039 Particeps
674 3957 799 4040 imperii
820 3961 855 4021 iit
872 3982 901 4022 n.
927 3962 988 4024 911
1009 3960 1099 4041 (161)
1120 3962 1298 4044 eodemque

253 4083 334 4127 anuo
355 4083 425 4125 cum
449 4063 498 4125 M.
523 4061 656 4124 Aurelio
679 4060 791 4124 iterum
812 4063 1008 4124 consulatum
1028 4073 1125 4125 tenet.
1173 4061 1299 4125 Consul

254 4187 282 4235 a.
306 4167 368 4228 990
390 4165 492 4241 (167).
540 4165 691 4225 Mortuus
714 4175 760 4226 est
783 4187 812 4229 a.
839 4165 900 4228 999
923 4163 1022 4243 (199).

317 4267 505 4329 Frontoni
532 4269 649 4327 Verum
672 4266 903 4348 imperatorem
932 4275 960 4330 1.
985 4289 1016 4347 p.
1041 4269 1113 4330 175.
1147 4271 1205 4331 Ex
1221 4269 1290 4328 elo·

250 4368 390 4447 quentia
411 4379 490 4441 tua,
515 4387 619 4449 quam
641 4368 779 4449 scriptis
796 4369 844 4430 ad
868 4380 1025 4430 serentum
1047 4370 1157 4432 literis
1182 4369 1295 4430 decta·
