2966 4842
1142 389 1200 453 087

472 540 561 600 01111.
604 540 632 598 0.
654 540 766 598 niatu
785 545 885 600 Pollio.

216 695 319 755 Natus
341 712 370 751 a.
395 713 427 750 u.
452 689 512 752 079
535 691 616 768 (75),
647 703 680 752 ut
703 692 897 754 Thorbecke
926 714 961 773 p.
994 693 1025 755 3.
1057 705 1088 756 et
1113 694 1200 758 Dru-

153 815 282 856 mannus
305 803 327 859 t.
351 792 382 852 7.
406 811 439 871 p.
463 792 482 852 7
505 791 660 853 scribunt.
694 791 823 866 Melius,
843 791 974 874 opinor,
999 792 1131 858 Clinton
1150 795 1198 857 iu·

154 893 282 967 dicavit,
306 891 361 976 qui
383 891 529 953 Asinium
552 914 581 954 a.
606 893 668 954 678
691 894 758 970 (70)
781 906 886 955 natum
910 894 1034 970 scribit,
1058 895 1199 960 auctori·

151 1007 214 1056 tate
241 994 342 1056 fretus
372 991 581 1073 Hieronymi,
617 993 671 1078 qui
706 992 740 1054 in
770 994 902 1056 Eusebii
931 994 1096 1059 Chronico
1131 1019 1200 1060 eum

152 1095 271 1159 obiisse
293 1094 390 1156 tradit
412 1115 492 1158 auno
515 1093 624 1156 aetatis
647 1096 794 1169 LXXX,
811 1096 928 1158 Mundi
948 1099 1124 1172 MMXX„
1141 1099 1200 1160 im·

152 1197 235 1279 perii
258 1195 398 1278 Augusti
420 1197 570 1259 XLVll.
594 1220 647 1271 =,
671 1195 704 1258 id
726 1209 785 1272 est,
809 1218 890 1259 anno
915 1199 973 1261 757
996 1199 1032 1277 (0
1054 1221 1089 1280 p.
1104 1197 1201 1278 Chr.)

155 1301 263 1382 Atque
287 1298 445 1360 consentit
462 1296 592 1360 Tacitus
614 1298 646 1358 in
663 1297 806 1380 Dialogo
830 1302 877 1362 de.
885 1299 1069 1362 oratoribus
1087 1322 1117 1362 c.
1135 1301 1200 1372 st..

154 1423 224 1463 cum
246 1399 346 1462 altero
360 1411 390 1462 et
406 1398 557 1462 vicesimo
570 1419 651 1461 anno
662 1399 772 1462 aetatis
784 1402 823 1461 ab
836 1400 951 1463 Asinio
966 1400 1121 1464 Catonem
1134 1421 1202 1464 esse

153 1501 344 1584 postulatum
368 1499 501 1564 scribit:
534 1499 588 1561 illa
611 1499 692 1562 enim
715 1501 857 1576 ratione,
889 1524 980 1586 quam
1005 1503 1201 1566 'l'horbeclte

155 1614 344 1678 estsecutus,
358 1623 421 1665 uno
433 1613 463 1663 ct
479 1600 633 1664 vicesimo
647 1622 728 1663 anno
737 1601 769 1663 id
778 1601 919 1666 fecisset.
943 1624 1012 1665 nam
1023 1604 1210 1666 baeccausa‘

154 1705 186 1766 in
210 1726 239 1766 a.
265 1706 326 1765 700
347 1705 415 1782 (50)
438 1701 535 1765 cadit.
558 1733 598 1745 —
622 1703 660 1764 ln
683 1703 768 1766 bello
793 1702 879 1766 civili
896 1703 1065 1769 Caesarem
1090 1715 1136 1766 est
1152 1725 1201 1765 se-

155 1817 246 1869 cutus
268 1827 298 1868 a.
324 1806 384 1866 705
407 1806 487 1881 (09).
519 1804 683 1866 Tribunus
704 1804 807 1885 plebis
830 1826 860 1868 a.
886 1807 944 1867 707
968 1805 1049 1882 (07).
1074 1806 1118 1867 A.
1142 1805 1202 1869 709

155 1909 223 1987 (05)
247 1909 400 1969 bonorem
424 1917 594 1986 praeturae
617 1927 687 1968 cum
710 1906 817 1968 multis
841 1904 951 1969 allisa
975 1905 1114 1970 Caesare
1142 1908 1202 1969 ob-

155 2007 261 2077 tinuit.
305 2006 370 2070 Dio
395 2006 486 2069 Cass.
511 2007 562 2081 03,
594 2009 647 2070 07.
704 2010 744 2072 A.
777 2011 838 2069 710
859 2011 928 2087 (00)
959 2008 990 2069 in
1012 2007 1200 2089 Hispaniam

156 2110 341 2172 ulteriorem
366 2107 512 2170 decessit.
557 2114 598 2169 A.
624 2110 682 2171 711
707 2107 773 2192 (03)
795 2112 834 2170 ad
857 2109 1033 2171 Antonium
1055 2120 1086 2171 et
1105 2111 1203 2172 Octa-

157 2212 282 2274 vianum
305 2208 441 2272 transiit.
488 2208 611 2273 Consul
644 2231 673 2272 a.
708 2211 768 2271 710
792 2210 891 2287 (00),
927 2231 985 2271 sex
1013 2222 1044 2272 et
1072 2208 1204 2293 triginta

158 2335 256 2376 anuos
277 2323 380 2375 natus.
406 2311 632 2392 Triumphauit
656 2314 693 2372 de
710 2309 874 2374 Parthinis
898 2322 992 2392 gente
1015 2309 1201 2390 lllyriorum

158 2413 335 2496 proconsul
358 2435 387 2474 a.
413 2413 472 2474 715
496 2413 578 2489 (39).
609 2411 732 2474 Deinde
756 2411 824 2474 otio
848 2424 879 2473 et
902 2411 1013 2474 studiis
1031 2410 1111 2474 vixit
1127 2433 1205 2494 pro·

159 2516 210 2579 cul
232 2538 247 2576 a
271 2513 445 2597 republica,
469 2527 500 2576 et
521 2511 722 2594 octogesimo
753 2534 835 2575 auno
865 2513 946 2574 diem
976 2513 1057 2576 obiit
1090 2535 1120 2574 a.
1145 2515 1204 2575 757

159 2619 192 2696 (0
212 2629 288 2699 post
311 2615 409 2694 Chr.)
432 2615 649 2694 Hieronymus
672 2613 703 2676 in
727 2615 848 2677 Euseb.
874 2614 999 2678 Chron.
1023 2615 1154 2696 Olymp.
1173 2617 1203 2679 0.

159 2718 299 2800 Augusti
322 2719 480 2780 47:757
506 2719 539 2791 (0
561 2738 594 2797 p.
620 2715 697 2793 C.):
723 2717 865 2779 Asinius
888 2717 997 2780 Pollio
1026 2730 1148 2780 orator
1174 2730 1207 2780 et

157 2821 363 2894 consularis,
389 2819 447 2903 qui
469 2819 510 2882 de
522 2817 710 2882 Dalmatiis
732 2818 975 2900 triumpharat,
999 2822 1134 2882 LXXX
1147 2840 1204 2880 oe-

158 2923 241 2985 tatis
264 2945 348 2985 suae
370 2942 462 2983 anno
484 2920 519 2981 in
542 2920 622 2980 uilla
636 2921 833 2981 Tusculana
856 2920 1016 2982 moritur.
1041 2920 1206 2982 Drumann

158 3036 184 3086 t.
209 3025 253 3100 7.,
278 3047 313 3105 p.
330 3027 381 3084 11.
406 3020 529 3095 scribit,
544 3019 689 3083 Asinium
708 3031 864 3083 mortuum
887 3041 955 3082 esse
978 3040 1006 3088 a.
1031 3021 1091 3083 758
1114 3022 1146 3096 (5
1169 3042 1204 3101 p.

161 3123 240 3208 Ch.)
263 3125 337 3188 item
362 3127 479 3203 Zumpt
501 3121 534 3184 in
558 3120 746 3185 Annalibus.
771 3156 809 3166 -
833 3119 933 3183 Conf.
949 3122 1144 3185 Thorbeclse
1169 3125 1207 3185 de

162 3225 201 3292 C.
221 3226 336 3289 Asinio
360 3225 511 3290 Pollione
534 3222 686 3308 Lugduni
709 3223 782 3284 Bat.
809 3222 906 3296 1870,
936 3224 1099 3285 Drumann
1123 3235 1147 3286 t.
1173 3223 1206 3287 7.

160 3350 192 3410 p.
217 3329 247 3402 7,
266 3327 412 3391 ¹Orellius
434 3328 465 3388 in
489 3324 698 3390 Onomastico
713 3322 861 3387 Tulliano
886 3335 916 3386 et
938 3324 970 3386 in
983 3326 1125 3388 Horatio
1148 3325 1206 3388 lib.

161 3431 194 3491 7.
219 3431 282 3493 Od.
308 3433 337 3490 1.
361 3431 407 3489 ad
418 3432 456 3493 G.
481 3430 641 3492 Asinium
656 3429 856 3492 Pollionem.
879 3428 998 3490 Mauso
1015 3427 1206 3490 vermischtu

162 3529 418 3610 Abhandlungen
440 3553 475 3610 p.
499 3531 550 3592 59.

164 3663 295 3718 Catullus
323 3664 369 3732 12,
390 3669 420 3721 7.
463 3703 470 3717 .
494 3704 502 3721 .
525 3705 533 3720 .
554 3669 632 3720 erede
652 3667 773 3722 Pollioni

389 3756 495 3817 Fratri,
517 3761 565 3826 qul
584 3765 633 3814 tua
651 3760 729 3826 furtu
747 3760 789 3814 uel
810 3761 910 3816 talento

386 3846 494 3906 Mutari
512 3851 592 3905 uelit:
614 3858 665 3905 eat
685 3855 775 3907 euim
795 3854 954 3921 leporum

389 3937 560 3995 Disertua
578 3959 665 4012 puer
691 3961 733 4000 uo
751 3947 986 4013 facetiarum.

165 4064 300 4120 Horatius
321 4063 417 4122 Carm.
439 4065 488 4121 tib.
510 4066 539 4126 7.
580 4067 642 4126 Ode
664 4071 690 4127 1.
715 4072 759 4128 13.

391 4199 500 4269 lusique
519 4203 629 4256 moestis
645 4201 817 4271 praesidium
836 4202 891 4254 reis

393 4293 428 4349 Et
448 4294 605 4358 consulenti,
629 4295 727 4357 Pollio,
750 4296 853 4349 ocrim.
