2984 4842
1172 383 1231 445 491

183 525 323 586 Praetor
353 544 382 585 a.
418 523 480 596 699
512 525 591 602 (69),
625 526 746 590 Consul
781 550 809 591 a.
841 530 901 593 695
931 534 1012 613 (59).
1048 536 1232 600 Proconsul

183 623 296 704 Syriae
325 646 354 687 a.
393 626 453 688 703
485 627 567 706 (51).
605 629 754 691 Mortuus
786 642 833 693 est
865 655 894 694 a.
931 637 990 698 705
1024 634 1102 720 (ts).
1133 637 1236 728 conf..

182 729 348 791 Dromaan
374 730 417 790 T.
445 729 476 790 9.
503 750 536 812 p.
563 730 616 792 97.

245 848 364 912 Cicero
394 849 487 912 Brut.
515 873 545 913 c.
577 853 633 926 77,
661 851 734 914 967.
780 857 868 918 Snnt
887 856 991 920 etiam
1014 882 1060 922 ex
1082 861 1143 937 iis,
1170 866 1230 950 qni

181 951 299 1014 eodem
336 952 422 1014 bello
452 953 544 1014 civili
574 954 789 1018 occiderant:
821 959 876 1022 Μ.
905 958 1067 1036 Bibulas,
1103 968 1163 1048 qni
1195 980 1229 1031 et

180 1054 387 1135 scriptitavit
402 1067 574 1130 accurate,
592 1079 670 1118 cum
682 1061 889 1139 praesertim
904 1082 971 1124 non
988 1077 1077 1127 esset
1092 1081 1226 1144 orator,

181 1167 212 1217 et
235 1158 308 1238 egit
330 1161 439 1220 mulla
461 1170 670 1222 constanter.

417 1351 571 1422 Orationes
590 1355 621 1409 io
642 1353 674 1412 G.
696 1355 800 1412 Iulium
822 1358 987 1418 Caesarem.

244 1487 308 1548 Eas
333 1484 469 1546 Bibulas
492 1483 524 1546 in
551 1485 713 1548 consulatu
740 1509 769 1550 a.
794 1489 854 1553 695
881 1492 949 1568 (59)
973 1494 1116 1577 scripsit.
1145 1496 1226 1562 Cum

180 1588 261 1653 enim
292 1586 413 1652 Caesar
445 1587 571 1670 collega
613 1587 678 1650 eius
720 1591 831 1652 multas
868 1595 1092 1677 promulgaret
1125 1620 1227 1664 novas

179 1693 283 1773 leges,
308 1712 377 1751 cum
409 1710 513 1772 eoque
552 1689 698 1782 qaotidie
732 1692 802 1756 fere
839 1692 1019 1759 inimicitias
1045 1715 1225 1780 exerceret,

180 1815 249 1857 cam
265 1793 369 1874 impar
386 1804 467 1854 esset
483 1791 613 1876 ingenio
638 1791 795 1869 Caesaris,
821 1817 886 1859 non
915 1799 1049 1879 amplius
1072 1801 1103 1864 in
1119 1816 1228 1866 senatu

179 1899 286 1958 adesse
314 1894 455 1968 solebat,
486 1897 539 1956 sed
573 1893 736 1958 arationes
765 1910 859 1982 atque
888 1900 990 1963 edicta
1018 1916 1132 1967 eontra
1157 1927 1227 1970 eum

179 1998 290 2061 edidit.

249 2121 382 2181 Sueton.
414 2117 510 2182 Caes.
538 2141 568 2180 c.
598 2121 629 2184 9.
682 2121 920 2184 Meminerant
943 2125 1046 2186 haias
1067 2127 1228 2189 coniura-

177 2223 282 2287 tionis
304 2223 482 2285 Tanusius
506 2222 671 2285 Geminus
698 2222 733 2283 in
759 2224 925 2298 historia,
951 2229 1007 2289 M.
1031 2227 1172 2291 Bibulas
1191 2230 1228 2292 in

178 2325 330 2398 Edictis,
356 2328 393 2388 0.
414 2324 521 2388 Curio
540 2325 698 2406 poterin
722 2324 950 2388 orationibus.

212 2467 288 2514 luins
307 2467 500 2526 coniurationis]
538 2483 550 2512 a
570 2468 675 2512 Caesare
695 2473 718 2512 et
737 2469 772 2512 M.
794 2469 884 2513 Crasso
905 2485 927 2514 a.
950 2469 997 2517 ⁶89
1018 2471 1074 2528 (65)
1095 2474 1175 2523 initae.

242 2587 318 2651 ibid.
343 2611 372 2653 c.
398 2589 449 2652 49.
495 2588 613 2652 Missa
630 2588 737 2650 etiam
746 2585 858 2677 facio
877 2588 993 2671 ¹edicta
1007 2590 1137 2666 Bibali,
1155 2593 1228 2676 qni·

176 2693 238 2754 bns
256 2691 462 2774 proscripsit
483 2693 650 2772 collegam
679 2711 783 2752 suam
810 2689 1031 2776 Bithynicam
1057 2694 1226 2776 reginam,

176 2796 273 2879 eique
296 2815 414 2877 regem
441 2804 544 2855 antea
556 2790 683 2882 faisse
709 2794 824 2868 cordi,
856 2815 947 2855 nnnc
969 2816 1042 2858 esse
1066 2819 1224 2879 regnam.

241 2914 360 2979 Cicero
391 2917 430 2975 ad
459 2912 601 2976 Atticum
635 2913 658 2976 l.
699 2914 736 2990 9,
772 2915 823 2980 90.
874 2915 1016 2978 Bibulas
1048 2918 1226 2979 hominum

175 3016 405 3080 admiratione
430 3027 463 3077 et
483 3015 715 3077 benevolentia
737 3016 773 3076 in
796 3018 891 3078 coelo
911 3029 975 3078 est.
1008 3018 1137 3080 Edicta
1152 3018 1226 3081 eins

129 3163 130 3166 =
175 3132 208 3183 et
222 3121 401 3183 conciones
417 3117 614 3180 describant
629 3129 662 3178 et
677 3119 809 3199 legunt.
828 3137 916 3180 novo
931 3120 1082 3200 quodam
1097 3142 1225 3203 genere

175 3223 210 3285 in
229 3243 399 3285 summam
424 3218 576 3304 gloriam
606 3219 708 3282 venit.
732 3222 901 3300 populare
928 3241 1018 3282 nnnc
1046 3222 1133 3284 nihil
1153 3235 1226 3286 tam

174 3337 348 3409 estonam
368 3322 486 3387 odiam
506 3322 743 3408 popularium.

237 3446 315 3510 ibid.
341 3447 364 3508 l.
395 3447 431 3520 9,
465 3446 517 3509 19.
568 3445 711 3508 Bibulas
739 3443 776 3505 in
808 3445 902 3505 coelo
930 3455 999 3519 est,
1031 3465 1091 3506 nee
1119 3466 1226 3528 qnare

174 3548 263 3624 scio,
296 3547 357 3609 sed
383 3547 434 3608 ita
462 3547 625 3608 landatur
666 3545 764 3629 qnasi
802 3566 913 3608 anas
948 3548 1074 3607 homo
1109 3549 1225 3611 nobis

175 3648 420 3708 cunctando
449 3647 653 3718 restitnit
675 3668 774 3708 rem.
821 3647 948 3710 Edicta
979 3647 1093 3709 Bibuli
1119 3650 1225 3712 audio

175 3748 222 3806 ad
236 3759 269 3809 te
285 3749 404 3810 missa.
429 3747 478 3810 Iis
507 3747 606 3808 ardet
631 3749 749 3810 dolore
772 3759 805 3809 et
823 3749 879 3811 ira
896 3760 1014 3811 noster
1029 3751 1224 3830 Pompeius.

240 3863 327 3931 Plut.
343 3860 494 3944 Pompei·
512 3883 539 3921 c·
557 3863 607 3930 48.
648 3869 891 3954 Πραττομένων
908 3869 943 3932 δὲ
960 3861 1084 3932 τούτων
1099 3867 1226 3949 Βίβλος

174 3971 234 4050 μὲν
270 3960 316 4041 εἰς
350 3961 410 4042 τὴν
450 3957 556 4026 οἰκίαν
590 3962 888 4052 κατακλεισάμενος
918 3963 1003 4032 ὀκτὼ
1041 3965 1150 4048 μηνῶν
1186 3960 1225 4030 οὐ

175 4068 351 4156 προῆλθεν
370 4056 557 4140 ὑπατεύων,
583 4059 658 4126 ἀλλ’
688 4067 845 4160 ἐξέπεμψε
868 4060 1107 4153 διαγράμματα
1122 4065 1227 4146 βλασ.

176 4171 304 4260 φημίας
325 4164 453 4258 ἀμφοῖν
476 4161 590 4248 ἔχοντα
613 4171 669 4228 καὶ
689 4171 898 4256 κατηγορίας.

211 4313 337 4378 ἀμφοῖν]
374 4309 514 4366 Pompeium
535 4309 705 4356 etCeesmem
724 4311 851 4369 significet.
