2984 4842
1174 381 1234 442 ttt

183 539 363 624 reginam,
388 537 485 621 eique
507 557 623 618 regem
648 548 754 600 ¹cauea
767 533 890 626 fuisse
912 535 1027 610 cordi,
1050 555 1138 598 nunc
1159 559 1233 600 esse

182 662 343 724 regnum.
390 644 468 722 Quo
501 651 665 721 tempore,
701 652 746 702 ut
775 642 832 704 M.
869 637 1232 735 Bratuslrefert,

183 742 348 809 Octauius
378 741 483 804 etiam
514 742 672 825 quidam,
709 740 901 803 ualetudine
937 741 1060 803 mentis
1091 742 1232 804 liberius

185 846 301 920 dicax,
320 855 487 908 conuentu
501 844 657 906 maximo
675 865 752 906 cum
768 843 968 926 Pompeium
983 865 1100 927 regem
1116 846 1230 927 appel·

136 987 139 994 ·
183 951 306 1021 lasset,
329 946 444 1028 ipsum
468 947 625 1028 reginam
650 946 829 1010 salutauit.

218 1088 255 1135 M.
282 1087 378 1134 Brutus
403 1087 492 1149 refert]
529 1094 552 1135 iu
578 1091 751 1137 declamatione
780 1093 808 1136 de
834 1093 952 1135 dictatura
980 1091 1091 1148 Pompeii
1117 1091 1231 1147 scripturn

253 1179 386 1222 arbitratur
405 1179 528 1222 Drumuun
548 1183 566 1221 t.
587 1175 613 1223 4.
633 1191 657 1234 p.
679 1174 721 1224 ³⁹.

427 1350 457 1407 2.
498 1350 597 1407 Oratio
617 1368 669 1422 pro
689 1351 723 1408 T.
744 1352 841 1408 Annio
860 1352 979 1409 Milone.

249 1483 296 1544 Es
321 1481 506 1544 declamatio
530 1503 561 1543 a.
586 1481 646 1543 703
670 1484 737 1560 (51)
759 1481 879 1566 scripta
902 1493 958 1548 est.
995 1483 1230 1565 Argumentum

186 1605 227 1648 ex
261 1583 430 1647 Ciceronis
463 1583 610 1648 oratione
639 1605 701 1666 pro
737 1584 864 1648 Milone
903 1587 1085 1668 petendum.
1130 1583 1229 1648 Cous.

186 1687 349 1750 Drumann
372 1699 396 1752 t.
424 1687 457 1750 2.
483 1709 517 1768 p.
546 1687 607 1749 358
630 1708 680 1770 sq.

249 1807 383 1888 Quintil.
399 1809 430 1881 3,
450 1809 479 1880 6,
496 1807 548 1870 93.
594 1809 663 1869 Pro
679 1808 814 1870 Milone
831 1807 928 1869 aliud
943 1807 1099 1870 Ciceroni
1113 1807 1233 1890 agenti

181 1911 324 1992 placuit,
349 1911 446 1972 aliud
466 1913 594 1983 Bruto,
616 1932 694 1971 cum
716 1910 976 1972 exercitationis
999 1909 1118 1992 gratia
1141 1931 1232 1972 com·

183 2025 328 2095 poneret
354 2011 562 2102 orationem,
586 2034 662 2072 oum
689 2012 745 2074 ille
760 2012 835 2074 iure
856 2026 1031 2095 tamquam
1051 2012 1234 2075 insidiato-

184 2136 256 2176 rem
281 2114 430 2177 occisum
460 2127 492 2176 et
519 2126 633 2176 tamen
660 2135 728 2176 non
755 2113 902 2176 Milonis
924 2113 1067 2176 consilio
1088 2113 1232 2186 dixerit,

183 2215 239 2279 iile
261 2217 366 2280 etiam
392 2217 566 2300 gloriatus
591 2216 636 2278 sit
663 2215 775 2279 occiso
799 2218 889 2278 malo
910 2215 993 2278 ciue.

248 2337 381 2419 Quintil.
416 2340 471 2411 10,
499 2342 534 2413 1,
569 2337 620 2406 23.
675 2337 766 2419 Quin
792 2336 916 2410 etiam,
945 2335 1083 2397 easdem
1106 2356 1232 2400 causas

184 2451 223 2500 ut
253 2440 394 2522 quisque
426 2440 558 2522 egerit,
585 2439 667 2502 utile
698 2438 765 2501 erit
795 2437 897 2499 scire.
950 2439 1044 2501 Nam
1067 2437 1107 2499 de
1131 2438 1234 2502 domo

185 2540 360 2604 Ciceronis
386 2542 478 2604 dixit
506 2542 677 2617 Calidius,
710 2553 743 2603 et
765 2562 845 2623 pro
870 2541 1038 2603 Milone
1063 2540 1230 2602 oratio·

184 2663 271 2706 nem
293 2647 454 2706 Brutus
475 2643 825 2706 exercitationis
848 2642 998 2724 gratia
1019 2643 1229 2724 scripsit,

185 2746 321 2808 etiamsi
341 2747 455 2828 egisse
481 2768 558 2808 eum
585 2747 765 2810 Cornelius
791 2749 909 2810 Celsus
921 2743 1030 2835 falso
1045 2745 1233 2810 existimat.

251 2866 387 2947 Quintil.
420 2869 479 2941 10,
510 2868 546 2940 5,
571 2867 624 2928 20.
670 2870 800 2932 Causas
823 2870 874 2929 uel
906 2865 1044 2928 easdem
1068 2887 1153 2948 quas
1173 2866 1235 2946 agi

185 2971 355 3045 audierit,
383 2971 463 3032 stilo
498 2981 530 3032 et
566 2969 639 3050 ipse
678 2980 881 3050 componat,
916 2973 967 3030 uei
997 2968 1101 3030 ctiam
1130 2967 1231 3043 alias,

186 3095 283 3136 ueras
307 3073 419 3145 modo,
445 3084 478 3134 et
502 3071 662 3153 utrinque
688 3083 829 3145 tractet,
858 3083 890 3132 et
916 3071 1009 3154 quod
1034 3071 1068 3132 in
1096 3071 1228 3152 gladia·

184 3176 414 3253 toribusfieri
424 3176 589 3251 videmus,
603 3175 806 3236 decretoriis
821 3185 1036 3249 exerceatur,
1052 3185 1090 3234 ut
1093 3170 1233 3261 fecisse

185 3282 364 3342 Brutum
387 3277 543 3340 diximus
567 3299 650 3360 pro
672 3277 849 3342 Milone.

250 3397 410 3463 Asconius
425 3398 457 3460 in
475 3399 684 3462 Milonianstn
710 3419 744 3478 p.
774 3397 823 3460 ll.
868 3396 1057 3478 Respondit
1073 3395 1126 3456 his
1141 3415 1232 3458 unus

185 3506 240 3565 M.
266 3504 402 3573 Cicero,·
425 3514 458 3564 et
481 3525 558 3564 cum
583 3501 784 3584 quibusdum
806 3499 993 3580 placuisset
1015 3499 1064 3559 ita
1089 3495 1234 3585 dffendi

185 3603 325 3677 crimen,
340 3603 493 3678 interfici
510 3605 677 3676 Clodium,
694 3624 757 3682 pro
774 3601 946 3682 republica
947 3598 1075 3688 fuisse
1086 3585 1233 3680 ¹(quam

173 3698 377 3789 formam
409 3705 465 3764 M.
500 3705 661 3764 Brutus
688 3708 862 3762 secutus
896 3713 961 3762 est
994 3701 1036 3760 in
1059 3722 1105 3761 ea
1134 3722 1237 3762 ora·

186 3802 320 3874 tione,
338 3821 553 3885 quampro
576 3803 737 3866 Milone
760 3801 1232 3882 composuitetedidit,

186 3903 312 3985 quasi
329 3901 533 3985 egisset).·
555 3903 712 3967 Ciceroni
726 3905 763 3965 id
780 3925 848 3966 non
866 3904 1017 3984 placuit,
1042 3902 1134 3985 quod
1149 3920 1230 3973 non,

186 4005 244 4088 qui
265 4005 352 4067 bono
380 4002 517 4087 publico
547 4003 729 4080 damnari,
760 4006 850 4068 idem
883 4003 988 4066 etiam
1015 4003 1235 4064 indemnatus

185 4107 294 4171 occidi
314 4115 444 4188 posset.

250 4209 382 4273 Scholia
400 4203 576 4271 Bobiensia
594 4204 626 4268 in
649 4219 732 4270 orat.
755 4231 786 4290 p.
807 4205 934 4271 Milone
949 4225 984 4284 p.
1003 4203 1077 4265 tto.
1116 4203 1236 4266 Cicero

187 4313 380 4376 orationem
394 4329 463 4396 pro
478 4306 613 4372 Milone
626 4320 748 4391 postea
766 4308 923 4392 legitimo
937 4327 1040 4388 opere
1055 4316 1088 4369 et
1104 4306 1236 4367 maiore
