2992 4840
259 367 320 430 lob

262 545 331 588 non
360 524 514 598 destitit,
545 543 613 586 non
642 520 757 605 exigit
791 518 1036 611 defensorem,
1077 542 1156 584 cum
1175 519 1310 612 fatear

260 627 430 711 quasdam
458 625 673 710 eloquentiae
706 645 828 690 eorum
856 637 895 690 ut
928 623 1084 692 nascenti
1108 623 1223 690 adhaec
1248 646 1309 690 neo

260 729 350 794 satis
375 729 515 794 adultae
539 727 712 819 defuisse.

263 979 291 1037 l.
322 978 475 1038 Orationes
494 979 569 1038 duas
592 981 732 1038 adversus
753 979 786 1035 Ι..
806 977 989 1036 Scribonium
1010 976 1149 1036 Libonem
1165 979 1309 1037 tribunum

731 1072 836 1144 plebis.

324 1205 373 1266 Ea
401 1225 495 1268 causa
517 1217 585 1267 acta
606 1215 654 1267 est
673 1226 704 1268 a.
727 1204 788 1268 605
806 1203 912 1282 (tls).
946 1199 1051 1267 Conl.
1067 1203 1210 1269 Catonis
1227 1225 1308 1269 ora·

261 1305 311 1370 tio
332 1305 370 1369 in
393 1309 489 1371 Sero.
511 1309 609 1389 Sulp.
634 1307 781 1371 Galbam
803 1328 870 1390 pro
897 1306 1079 1370 Lusitanis
1093 1328 1133 1392 p.
1148 1306 1223 1372 120.

326 1406 416 1471 Livii
439 1407 530 1492 Epis.
553 1408 613 1473 lib.
639 1410 692 1473 ts.
737 1411 824 1475 Gum
849 1411 892 1472 L.
919 1407 1122 1474 Scribonius
1150 1408 1310 1474 tribunus

258 1511 310 1594 pl.
344 1511 561 1595 rogationem
588 1513 873 1598 promulgasset,
906 1522 946 1574 ut
970 1512 1155 1588 Lusitani,
1189 1513 1310 1598 quiin

253 1611 371 1690 fidem
398 1614 524 1697 populi
552 1614 691 1678 romani
719 1612 849 1690 dediti,
884 1634 908 1676 a
936 1616 1016 1678 Ser.
1034 1613 1147 1678 Galba
1167 1614 1204 1678 in
1227 1617 1310 1680 Gal·

260 1715 345 1779 ῑίαιη
363 1716 546 1793 venissent,
570 1717 607 1780 in
628 1715 822 1780 libertatem
845 1715 1126 1792 restituerentur,
1147 1719 1204 1784 M.
1221 1721 1310 1784 Gato

261 1818 430 1881 acerrime
453 1818 578 1882 suasit.
623 1821 736 1883 Extat
759 1818 875 1883 oratio
900 1819 937 1882 in
957 1819 1141 1884 annalibus
1162 1820 1238 1884 cius
1256 1821 1309 1885 in·

262 1921 372 1983 clusa.
400 1923 443 2006 Q.
467 1921 607 1986 Fulvius
631 1921 807 1998 Nobilior,
831 1932 866 1985 et
888 1943 991 2005 saepe
1013 1922 1057 1986 ab
1076 1944 1117 1988 eo
1134 1921 1171 1985 in
1187 1934 1311 1986 senatu

262 2024 446 2102 laceratus,
476 2024 654 2108 respondit
679 2046 747 2107 pro
767 2025 890 2090 Galba.
924 2029 1003 2110 Ipse
1025 2046 1160 2111 quoque
1185 2026 1308 2102 Galba,

261 2148 339 2192 cum
358 2149 395 2191 sc
414 2127 576 2190 damnari
596 2127 739 2204 videret,
760 2131 962 2212 complexus
981 2127 1070 2192 duos
1089 2127 1191 2206 salios
1207 2149 1309 2214 prae·

262 2239 418 2295 textatos
444 2243 478 2294 et
504 2231 648 2314 Sulpicii
673 2230 767 2295 Galli
788 2229 933 2310 filium,
962 2231 1062 2294 cuius
1087 2242 1187 2296 tutor
1209 2243 1307 2308 erat,

262 2331 313 2397 ita
338 2333 581 2398 miserabiliter
602 2353 671 2416 pro
698 2354 735 2396 se
754 2335 891 2396 locutus
916 2344 988 2411 est,
1016 2345 1056 2396 ut
1079 2333 1223 2418 rogatio
1246 2353 1310 2396 an·

261 2436 470 2522 liqueretur.
513 2439 682 2501 Extant
708 2447 800 2499 tres
825 2436 1050 2500 orationes
1080 2437 1194 2514 eius,
1221 2435 1310 2500 duae

260 2539 428 2603 adversus
455 2539 621 2604 Libonem
646 2538 824 2602 tribunum
847 2542 899 2624 pl.
925 2538 1213 2624 rogationemque
1235 2539 1311 2603 eius

262 2642 397 2706 habitae
420 2642 461 2705 de
489 2642 689 2716 Lusitanis,
718 2663 790 2704 una
814 2654 939 2706 contra
959 2645 1000 2706 L.
1023 2642 1222 2708 Cornelium
1247 2644 1309 2707 Ge·

262 2745 426 2826 thegum,
458 2743 493 2806 in
524 2766 593 2830 qua
622 2743 811 2808 Lusitanos
833 2756 980 2828 propter
1006 2765 1080 2808 sese
1108 2756 1226 2807 castra
1247 2747 1310 2808 ba-

262 2847 378 2910 bentes
407 2868 526 2910 caesos
548 2845 718 2937 fatetur,
758 2847 852 2933 quod
885 2855 1098 2930 compertum
1131 2843 1309 2922 habuerit,

265 2971 352 3032 equo
375 2960 477 3032 atque
503 2949 639 3013 homine
673 2972 739 3012 suo
763 2951 836 3013 ritu
861 2947 1051 3012 immolatis
1073 2969 1139 3030 per
1162 2948 1311 3030 speciem

262 3052 361 3134 pacis
381 3051 519 3115 adoriri
544 3053 737 3116 exercitam
761 3052 924 3118 suumin
945 3051 1063 3115 animo
1087 3049 1261 3136 babuisse.

327 3153 499 3218 Suetonius
526 3153 629 3218 Galba
660 3178 689 3219 c.
720 3155 753 3219 3.
803 3153 984 3219 Familiam
1013 3153 1200 3218 illustravit
1231 3157 1310 3220 Ser.

264 3257 374 3322 Galba
401 3257 597 3322 consularis
623 3269 657 3323 et
680 3270 874 3341 temporum
900 3279 1046 3321 suorum
1070 3256 1309 3342 eloquentissi-

262 3381 350 3437 mus,
374 3382 474 3445 quem
492 3361 649 3436 tradunt,
673 3360 881 3445 Hispaniam
900 3383 948 3424 ex
965 3371 1139 3443 practura
1156 3359 1310 3424 obtinen-

261 3475 331 3526 tem
351 3463 500 3546 triginta
524 3464 777 3527 Lusitanorum
800 3463 949 3528 millibus
976 3461 1135 3547 perfidia
1156 3445 1311 3528 bracisla-

263 3565 309 3628 tis
335 3565 524 3630 Viriathini
550 3566 627 3630 belli
653 3587 797 3630 causam
818 3567 990 3632 extitisse.

297 3709 406 3770 triginta
425 3710 548 3770 millibus]
585 3713 711 3758 immodico
736 3713 802 3758 suxit
825 3725 951 3760 numerum
974 3709 1104 3756 Suetonius
1125 3711 1167 3752 sut
1188 3710 1310 3756 annalium

331 3799 448 3856 scriptor,
471 3814 542 3858 quom
565 3805 661 3846 secutus
681 3807 728 3848 cst.

324 3917 446 3984 Cicero
470 3920 574 3982 Bruto
596 3941 627 3982 o.
647 3920 699 3996 23,
721 3917 775 3981 89.
819 3921 880 3982 Ex
902 3919 965 3980 hac
988 3916 1114 3984 Rutilii
1134 3917 1310 3980 narratio·

262 4043 304 4086 ne
328 4021 503 4104 suspicari
526 4023 622 4098 licet,
648 4057 689 4070 —-
711 4021 920 4102 elegantiam
944 4020 981 4084 in
1008 4021 1147 4098 Laelio,
1173 4019 1241 4083 vim
1266 4017 1308 4081 in

261 4125 372 4188 Galba
381 4120 521 4214 fuisse.
552 4128 650 4206 Quae
671 4122 808 4207 quidem
828 4124 879 4188 vis
897 4136 975 4188 *tam
994 4124 1148 4189 maxime
1167 4121 1309 4204 cognita

261 4239 324 4303 est,
347 4248 425 4288 cum
447 4226 629 4291 Lusitanis
648 4248 673 4290 a
696 4229 771 4292 ser.
791 4228 903 4291 Galba
925 4240 1090 4311 praetore
1109 4236 1235 4290 contra
1256 4223 1308 4286 in-

260 4328 475 4411 terpositam,
504 4341 543 4392 ut
565 4329 847 4408 corbanacum,
869 4331 986 4408 fidem
1011 4325 1232 4419 interfectis,
1263 4330 1305 4389 L.
