2984 4842
1168 336 1227 398 dil

181 490 302 552 elicere
337 510 433 551 voces
465 500 498 551 et
537 489 693 573 querelae
728 491 840 554 solet?
883 491 978 554 uuila
1008 469 1227 574 perturbatio

181 591 309 666 animi,
350 592 446 652 nulla
484 592 660 672 corporis,
683 587 801 681 frons
834 613 901 656 uon
936 615 1122 675 percussa,
1157 617 1226 659 uon

169 693 320 785 semum
347 691 461 775 pedis,
489 692 581 774 quod
610 692 789 756 minimum
820 706 890 770 est,
918 698 1014 758 nulla
1034 697 1223 780 supplosio,

181 796 297 880 itaque
312 806 449 856 tautum
463 793 593 881 abfuit,
610 808 648 857 ut
663 795 905 886 inflammares
920 797 1055 862 animos
1067 811 1225 879 nostros,

182 918 339 960 somnum
354 897 422 958 isto
445 898 520 958 loco
542 897 603 958 uix
628 898 858 960 tenebamus.“
882 928 923 943 -·
945 899 1001 963 Sic
1020 921 1084 964 uos
1098 902 1225 964 summi

181 999 331 1063 oratoris
370 1000 421 1059 vel
457 998 604 1061 sanitate
640 1001 691 1062 vel
730 999 812 1062 vitio
843 1021 911 1081 pro
943 1015 1150 1084 argumento
1179 1005 1225 1067 ad
1303 1003 1305 1007 ’

181 1101 380 1164 diluendum
403 1100 532 1162 crimen
555 1101 610 1163 usi
636 1123 768 1163 sumus.

246 1201 379 1267 Coelius
395 1204 433 1263 ad
449 1199 640 1265 Ciceronem
660 1201 717 1266 lib.
742 1204 779 1278 8,
803 1204 834 1267 9.
879 1204 1033 1268 Calidius
1051 1205 1087 1267 in
1102 1205 1225 1296 defen.

181 1306 278 1368 sione
314 1326 380 1367 sua
398 1303 485 1395 suit
520 1306 791 1381 disertissimus,
824 1305 859 1368 in
891 1309 1110 1370 accusatione
1139 1309 1226 1373 satis

168 1407 353 1496 frigidus.

218 1554 246 1596 in
264 1547 408 1610 defensione
426 1551 486 1611 aua]
523 1554 659 1598 orationem
684 1553 796 1613 inteiligit
815 1554 916 1608 (laudii,
937 1568 1007 1611 quam
1027 1569 1070 1611 pro
1089 1569 1115 1601 se
1134 1557 1224 1612 habuit,

251 1653 305 1685 eum
323 1653 335 1682 a
353 1639 438 1684 Galliis
457 1639 550 1684 duobus
570 1655 593 1684 a.
624 1636 671 1684 70³
694 1635 755 1701 (51)
779 1640 883 1685 ambitus
907 1641 1090 1697 postulabatur,
1118 1649 1143 1687 ut
1162 1645 1226 1689 inira

250 1729 365 1772 dicemus.

244 1847 359 1910 Festus
382 1867 415 1909 v.
440 1845 549 1936 Sccfes
571 1868 605 1927 p.
630 1847 705 1910 309.
751 1845 859 1938 Sufes
881 1847 1009 1928 dic(tus
1031 1851 1227 1915 Poenorum

181 1949 426 2032 ma)gistratus
446 1961 485 2011 ut
506 1951 692 2030 Oscor(um
714 1951 865 2014 Meddix
888 1951 1048 2032 tuticus).
1071 1953 1225 2015 Calidius
1252 1992 1290 2014 κ

178 2053 215 2114 in
238 2051 412 2132 oratiou(e
436 2052 472 2113 iu
495 2055 538 2133 Q.
565 2053 750 2132 Coldium:
781 2054 907 2116 Nonne
933 2053 1043 2126 vobis,
1063 2053 1222 2131 i(udices,

180 2154 381 2234 scintillam)
414 2166 448 2216 et
465 2154 600 2241 fumus
626 2155 790 2237 prosequi
815 2166 848 2215 et
874 2152 1034 2243 (fumum
1056 2154 1224 2240 flamma)

179 2256 339 2319 uidetur?
365 2260 512 2320 Senatus
538 2257 688 2336 cerr(suit
711 2255 961 2341 referentibus)
986 2254 1128 2345 sufetis.

216 2402 242 2444 in
261 2400 290 2461 (l
311 2398 433 2458 Gallium]
470 2402 504 2444 sie
532 2403 689 2456 supplendum
717 2414 785 2456 esse,
812 2401 835 2445 in
860 2401 897 2448 ed.
923 2413 960 2455 pr.
983 2401 1129 2443 monuimus.
1150 2399 1173 2444 iu
1193 2398 1222 2459 (l.

250 2485 386 2532 Caecilium
404 2490 516 2533 Ursinus.

216 2574 365 2634 scintillam]
402 2577 576 2630 Proverbium,
606 2591 652 2633 quo
680 2575 786 2619 Calidius
813 2588 870 2619 usus
895 2579 945 2626 est,
972 2575 1043 2630 paulo
1066 2575 1137 2619 aliter
1155 2580 1226 2633 atque

250 2665 350 2708 Ursinus
370 2667 493 2709 constituit
512 2666 676 2720 supplevitque
695 2664 725 2708 G.
746 2663 777 2708 0.
798 2665 897 2708 mutter.

216 2752 330 2812 senatus]
367 2753 610 2811 Carthaginiensium.

245 2872 362 2936 Paulus
379 2871 542 2935 Diaconus
565 2893 599 2952 p.
625 2871 696 2939 308.
721 2869 814 2933 Sufes
837 2869 949 2932 consul
972 2868 1080 2952 lingua
1098 2870 1227 2933 Poeno·

180 2997 262 3039 rium.
308 2974 473 3047 Calidius,
498 2986 651 3047 senatus,
680 2973 807 3055 inquit,
836 2971 966 3033 censuit
991 2969 1239 3066 referentibus
1262 3003 1297 3024 s

179 3076 318 3167 sufetis,

214 3220 337 3281 Calidius]
376 3219 500 3267 Caecilius
521 3221 596 3266 codex
614 3221 764 3266 Basiliensis.

243 3342 367 3405 Nonius
396 3364 428 3423 p.
456 3343 531 3406 208.
584 3344 724 3405 Horrea
759 3359 876 3423 genere
909 3349 1024 3403 neutro
1058 3349 1092 3400 ut
1119 3359 1225 3420 saepe,
1247 3370 1287 3394 s.

179 3443 333 3507 feminino
376 3446 541 3509 Claudius
574 3445 731 3508 oratione
775 3443 810 3505 in
851 3441 1033 3524 Quintium
1069 3444 1226 3504 Gallum.-

179 3565 326 3626 quarum
351 3547 460 3607 iucem
482 3567 645 3607 murenae
672 3548 742 3606 ullo
767 3547 896 3606 horrea
920 3544 1097 3624 curiaque.

215 3683 345 3745 Claudius]
384 3691 508 3746 tegendum
527 3684 641 3730 Calidius
665 3687 778 3731 oratione
804 3687 832 3732 in
850 3686 968 3748 Quintum
989 3685 1111 3734 Gallium.
1132 3685 1224 3741 reliqua

251 3774 325 3818 uerba
343 3780 398 3818 sunt
416 3777 551 3830 desperata.
573 3773 644 3818 Cani.
664 3787 736 3830 supra
755 3788 778 3828 p.
800 3771 860 3820 ³⁵⁵.

450 3928 480 3983 2.
522 3925 621 3983 Oratio
642 3927 678 3984 de
698 3929 782 3984 domo
802 3927 960 3986 Ciceronis.

244 4043 292 4104 Ea
321 4038 430 4102 habita
459 4035 584 4098 videtur
613 4061 642 4102 a.
672 4041 731 4103 697
763 4040 850 4119 (57):
883 4060 948 4123 quo
976 4054 1059 4096 anuo
1083 4029 1227 4097 Calidius

179 4156 360 4226 praeturam
378 4139 489 4226 gessit.
515 4136 579 4200 Dio
603 4140 734 4204 Cassius
756 4141 808 4216 39,
833 4143 884 4202 11.
910 4141 1085 4216 Postquam
1106 4133 1227 4197 Cicero

178 4267 238 4328 per
268 4244 419 4311 Clodium
452 4239 485 4303 in
516 4239 658 4304 exsilium
690 4240 808 4305 eiectus
839 4250 934 4312 esset,
965 4238 1075 4298 doruus
1098 4253 1226 4320 quoque
