2976 4844
1199 389 1237 451 ut

264 545 300 590 bis
324 559 369 590 non
392 549 482 590 tentam
505 547 656 591 tribuentium
679 549 780 603 opinor,
809 554 833 592 nt
857 561 884 593 u
907 550 942 594 eis
966 551 1037 594 totius
1059 553 1175 596 orationis
1196 565 1240 594 nr·

264 639 403 691 gumerium
420 635 536 692 colligere
553 639 577 680 et
594 638 721 682 enucleare
744 637 825 682 licent.

371 873 418 932 52.
453 874 564 945 Oratio,
584 891 621 932 ne
643 878 699 947 legi
719 876 843 934 Orchiac
867 879 1062 946 decoraretur.

260 1044 424 1108 Extnbant
445 1041 478 1104 in
503 1043 670 1125 republica
694 1065 825 1108 romans
852 1048 967 1110 multae
992 1048 1080 1129 leges
1102 1060 1240 1112 sumtus·

192 1145 278 1224 aas,
301 1148 358 1210 sed
380 1155 550 1227 tantopere
579 1146 717 1210 Romani
743 1147 869 1212 luxuria
896 1149 1049 1214 delectari
1079 1172 1239 1233 coepere,

193 1259 229 1310 ut
264 1269 320 1312 eae
356 1248 446 1332 leges
483 1259 535 1311 eut
568 1251 806 1332 abrogarentur
843 1264 896 1313 sut
928 1250 1085 1315 invalidae
1122 1266 1238 1316 essent.

193 1353 277 1416 Nam
306 1371 372 1436 quo
398 1361 546 1432 ternpore
575 1350 757 1416 Antiochus
786 1373 846 1414 rex
877 1353 1030 1417 devictas·
1049 1367 1136 1432 erat,
1167 1355 1238 1419 inde

193 1453 295 1519 libido
316 1463 410 1539 atque
429 1451 557 1516 licentia
580 1451 613 1515 in
634 1453 701 1517 dies
721 1475 868 1518 crescere
888 1455 1007 1538 coepit.
1054 1456 1168 1519 Livias
1187 1459 1238 1532 39,
1293 1489 1297 1500 ‚

193 1557 226 1619 b.
265 1555 470 1638 „Luxuriae
492 1556 701 1640 peregrinae
720 1557 823 1641 origo
845 1558 889 1622 ab
908 1559 1065 1622 exercitu
1085 1561 1241 1625 Asiatico

193 1659 328 1722 inuecta
348 1659 384 1720 in
409 1659 528 1721 urbem
548 1669 612 1723 est.
637 1659 663 1721 ii
684 1659 842 1741 primum
867 1663 972 1724 lectos
993 1674 1145 1736 aeratae,
1168 1686 1240 1726 ces-

194 1775 263 1825 tem
288 1763 484 1844 stragulam
510 1761 714 1844 pretiosam,
741 1765 904 1848 plagulas
929 1777 963 1828 et
988 1765 1061 1827 alia
1086 1766 1238 1840 textilia,

194 1877 227 1929 et
263 1885 350 1952 quae
384 1877 460 1927 tum
497 1863 710 1947 magnificae
747 1867 967 1953 supellectilis
1003 1870 1238 1944 habebantur,

195 1966 405 2050 monopodia
434 1979 469 2030 et
500 1967 627 2032 abacos
661 1971 809 2034 Romam
845 1969 1074 2034 advexerunt.
1142 1975 1240 2036 Tunc

191 2070 361 2153 psaltriae
399 2069 727 2154 sambucistriaeque
765 2081 799 2133 et
837 2072 1029 2135 convivalia
1057 2074 1240 2138 tardiorum

194 2173 442 2236 delectamenta
470 2173 591 2236 addita
617 2173 750 2255 epulis,
781 2177 902 2256 epulae
928 2197 1061 2258 quoque
1085 2177 1181 2258 ipsae
1207 2189 1239 2240 et

194 2287 336 2337 caract
363 2287 481 2337 sumtu
510 2275 642 2338 maiore
670 2277 842 2358 apparari
865 2288 1017 2360 coeptae.
1065 2283 1156 2342 Tum
1184 2303 1240 2344 co·

194 2399 301 2462 quus,
331 2377 535 2441 uilissimum
558 2378 713 2462 antiquie
736 2380 946 2464 mancipium
972 2393 1005 2443 et
1027 2383 1241 2448 aestimatio·

193 2501 236 2543 ne
258 2492 292 2543 et
312 2501 395 2556 usu,
420 2480 456 2543 in
474 2479 591 2565 pretio
614 2502 708 2556 esse,
732 2493 765 2542 et
787 2482 881 2565 quoti
903 2481 1134 2547 ministerium
1148 2483 1242 2574 fue·

194 2595 270 2658 rat,
295 2603 356 2646 ars
379 2583 497 2646 haberi
522 2593 655 2664 coepta.
704 2583 777 2647 Vix
803 2595 917 2645 tamen
946 2583 1026 2657 itta,
1054 2607 1141 2669 quae
1167 2599 1242 2652 tum

193 2685 506 2769 conspiciebantur,
534 2684 668 2750 semina
689 2697 788 2748 erant
799 2683 959 2776 ficturae
983 2688 1187 2754 luxuriant
1203 2725 1242 2740 —

197 2787 242 2850 Ut
280 2787 427 2851 luxuriae
463 2790 589 2854 modurn
623 2787 824 2870 imponeret,
855 2786 897 2852 C.
928 2788 1068 2854 Orchius
1097 2791 1244 2856 tribunus

194 2889 298 2973 plebis
332 2890 405 2952 anni
436 2891 497 2953 573
519 2892 608 2970 (181)
635 2893 737 2974 legem
763 2890 965 2956 cantuariam
991 2893 1121 2958 tulerat.
1166 2897 1241 2960 Ma-

195 2993 326 3057 crobius
350 2994 479 3056 Satura.
503 2993 534 3069 2,
563 2993 615 3056 tt.
659 2994 780 3057 Prima
800 2994 955 3056 omnium
977 2996 1018 3058 de
1044 2997 1160 3061 coenis
1182 3001 1243 3062 lex

193 3095 242 3158 ad
262 3098 428 3179 populum
450 3096 580 3160 Orchia
605 3097 774 3178 peruenit,
802 3117 904 3180 quam
931 3098 1011 3160 tulit
1031 3101 1071 3162 0.
1093 3102 1244 3167 Orchius

194 3199 355 3262 tribunus
390 3199 500 3280 plebis
537 3199 579 3261 de
614 3211 756 3262 senatus
797 3199 967 3262 sententia
1005 3202 1122 3266 tertio·
1149 3225 1244 3269 anno

193 3323 298 3386 quam
325 3303 412 3366 Cato
440 3322 564 3364 censor
577 3299 725 3392 fuerat.
773 3301 876 3364 Ouiae
903 3304 1024 3381 cerba,
1057 3305 1139 3388 qaia
1160 3328 1243 3388 pra·

195 3405 271 3467 iixa
294 3415 387 3478 sunt,
410 3415 618 3487 praeterear
640 3425 776 3466 summa
798 3417 915 3468 autem
936 3407 1012 3469 eius
1032 3409 1243 3483 praescribe·

195 3507 252 3569 bat
277 3527 460 3568 numerum
480 3507 713 3570 convivarum.
751 3519 784 3569 et
811 3510 893 3570 haec
924 3519 976 3571 est
1005 3511 1065 3571 icoc
1091 3511 1240 3588 Orchia,

195 3609 237 3671 de
260 3629 329 3693 qua
348 3611 436 3673 Oato
458 3608 493 3670 in
519 3609 736 3672 arationibus
758 3610 832 3672 setis
854 3608 1125 3700 vociferabatur,
1152 3617 1245 3700 quoti

192 3714 324 3793 piures,
352 3731 457 3794 quam
478 3711 699 3795 praescripto
721 3711 795 3774 eius
819 3713 1013 3790 cavebatur,
1037 3715 1084 3776 ad
1102 3737 1244 3780 coenam

195 3826 423 3888 vocarentur,
456 3835 600 3898 cumque
626 3815 871 3878 auctoritatem
898 3837 1005 3878 novae
1030 3817 1117 3900 legis
1140 3829 1245 3882 aucta

196 3915 622 4000 necessitasimplorarct,
651 3929 731 3998 post
750 3939 879 3980 annum
904 3919 1100 3982 uicesimum
1124 3941 1243 3986 secun-

195 4019 278 4082 dum
311 4021 400 4103 legis
428 4021 576 4084 Orchiae
607 4019 739 4084 Fannia
770 4023 829 4082 Iex
859 4023 931 4083 lata
961 4033 1012 4083 est
1042 4041 1135 4084 anno
1163 4036 1244 4104 post

195 4125 343 4188 Romam
374 4123 549 4187 conditam
578 4123 764 4185 secundum
790 4123 893 4186 Gellii
923 4122 1119 4204 opinionem
1144 4125 1243 4206 quin·

194 4225 389 4309 gentesimo
417 4225 629 4309 octogesimo
658 4237 791 4288 octavo.
837 4224 986 4287 Fanniae
1013 4233 1130 4287 autem
1156 4225 1243 4308 legis

194 4329 362 4394 seueritas
390 4328 428 4392 in
454 4349 496 4392 eo
524 4326 713 4409 superabat
741 4327 905 4390 Orchiam
932 4328 1061 4408 legem,
1088 4328 1183 4409 artati
1200 4327 1244 4395 vin
