2966 4842
244 347 306 414 511

244 505 299 570 ehi
320 505 484 588 impetum
515 467 576 566 asti
598 504 782 569 1..0rcsst
811 503 1046 567 maturitatem
1071 523 1175 588 quarn
1202 505 1298 568 cala«

246 607 388 672 mistros
410 605 625 672 Maecenatis
647 619 709 671 aut
730 605 925 670 tinnitus
947 605 1184 670 Gallionis.
1207 608 1299 672 adeo

245 710 367 774 melius
385 721 447 786 est,
473 722 648 774 oratorem
668 712 719 773 uel
741 709 834 772 hirta
848 721 933 792 toga
954 709 1096 773 induere
1115 707 1297 800 quamfec-

245 813 334 876 catis
359 824 393 876 et
419 813 623 875 meretriciis
648 811 795 876 uestibus
820 811 996 897 insignire.

311 913 461 979 Sidonius
484 915 685 998 Apollinaris
707 913 815 998 Epist.
838 914 862 978 l.
880 918 912 991 5,
940 913 988 976 10.
1014 913 1202 998 manitatem
1217 915 1297 978 Gal·

244 1015 340 1082 lionis
364 1017 482 1082 laudat.

311 1119 449 1203 Scripsit
479 1123 516 1184 de
549 1133 616 1186 arte
638 1118 801 1186 rhetorica
830 1119 979 1204 (Quintil.
1003 1122 1033 1196 3,
1058 1124 1089 1199 1,
1115 1121 1181 1200 ll.)
1203 1132 1299 1206 atque

246 1222 504 1288 declamationes.
521 1223 742 1306 Hieronymus
760 1222 967 1289 Praefatinne
983 1222 1043 1286 lib.
1057 1223 1090 1288 8.
1105 1221 1137 1286 in
1146 1223 1294 1286 Esaiam:

249 1327 318 1410 Qui
339 1325 484 1418 flumen
516 1328 728 1411 eloquentiae
757 1338 789 1390 el
822 1327 1005 1390 concinnat
1032 1326 1299 1390 declamationes

248 1429 464 1504 desiderant,
493 1431 610 1514 legant
636 1429 811 1501 Tullium,
836 1429 1109 1512 Quintilianum,
1136 1429 1297 1494 Gallio·

249 1552 353 1608 nem,
378 1532 622 1596 Gabinianum.

426 1669 454 1728 1.
485 1669 585 1728 Oratio
604 1687 657 1743 pro
677 1671 811 1745 Bathyllo
830 1677 929 1730 contra
951 1671 1119 1729 Labienum.

314 1767 430 1863 Cani.⁴
447 1803 530 1863 0'rat.
567 1801 709 1864 Labieni
741 1815 863 1866 contra
889 1803 1087 1887 Bathyllum
1117 1822 1192 1885 pag.
1222 1801 1298 1865 531.

250 1902 358 1966 Gallio
389 1901 573 1966 adolescens
606 1904 789 1986 Bathyllum
817 1903 1067 1986 pantomimum,
1099 1904 1301 1968 Maecenatis

248 2002 408 2080 amasium,
436 2018 547 2068 contra
571 2005 749 2070 Labienum
775 2006 928 2072 defendit.

315 2108 435 2171 Seneca
465 2106 627 2172 Controv.
662 2109 684 2171 l.
715 2111 745 2176 5.
782 2133 817 2193 p.
845 2111 919 2175 351.
972 2112 1180 2176 Monstrabo
1206 2111 1300 2175 vobis

249 2209 374 2274 bellum
399 2210 560 2285 libellum,
583 2233 684 2296 quem
704 2234 727 2274 a
744 2213 901 2276 Gallione
922 2226 1035 2279 uestro
1057 2214 1197 2296 petatis.
1233 2216 1300 2277 Re·

251 2311 369 2377 citabit
396 2314 602 2396 rescriptum
626 2315 778 2378 Labieno
796 2337 864 2398 pro
884 2316 1047 2400 Bathyllo
1068 2310 1297 2384 Maecenatis,

250 2415 287 2480 in
312 2437 380 2501 quo
410 2416 601 2499 suspicietis
627 2418 851 2483 adolescentis
874 2417 1047 2491 animum,
1077 2415 1157 2478 illos
1182 2414 1301 2477 dentes

249 2518 298 2581 ad
319 2519 545 2583 mordendum
564 2520 796 2601 provocantis.

286 2664 344 2708 illos
365 2662 460 2724 dentes]
497 2665 514 2712 i.
538 2680 561 2711 c.
582 2665 681 2710 Labieni
701 2663 815 2725 (hominis
838 2659 1028 2726 inordacissimi)
1048 2663 1142 2709 denies.
1161 2663 1241 2708 Gallio
1260 2675 1301 2704 re·

321 2753 443 2797 hemenler
464 2754 627 2798 adversariam
650 2755 672 2797 in
693 2755 736 2798 hac
759 2755 881 2800 lacessivit
904 2755 1023 2798 orations.

322 2850 351 2909 S.
385 2853 562 2910 Declamatio
582 2825 619 2910 de
637 2859 753 2927 raptore
772 2859 882 2927 patrem
903 2871 986 2911 sunm
1005 2871 1063 2911 nan
1083 2855 1227 2911 exorante.

317 2964 452 3045 Quintil.
477 2967 512 3044 9,
540 2968 574 3043 2,
598 2967 652 3030 91.
696 2972 805 3032 Latro
836 2968 962 3051 optime
989 2967 1147 3044 „Occides
1169 2965 1300 3051 ergo?“

254 3067 313 3150 „Si
331 3073 494 3150 potero!“
537 3071 728 3135 Remissius
754 3083 786 3134 el
807 3093 875 3154 pro
905 3093 970 3136 suo
999 3071 1139 3155 ingenio
1170 3082 1303 3154 pater·

254 3171 401 3233 Gallio
424 3174 561 3246 „Dura,
586 3174 720 3250 anime,
746 3176 854 3246 dura,·
882 3176 963 3237 here
981 3172 1119 3263 fortior
1143 3169 1302 3264 suistil“

252 3271 342 3335 Idem
364 3269 455 3336 locus
479 3277 562 3357 apud
583 3275 733 3340 Senecam
755 3278 920 3342 rhetorem
945 3276 1109 3342 Controv.
1132 3275 1153 3345 l,
1176 3277 1208 3339 2.
1224 3295 1302 3360 pag.

257 3373 329 3436 177.
351 3385 447 3442 extat.

600 3519 689 3579 CXX.
709 3517 852 3581 illusimus
872 3521 959 3582 Cotta.

319 3652 455 3718 Ovidius
477 3652 551 3717 huic
573 3652 697 3717 oratori
719 3652 885 3736 epistolam
917 3677 958 3718 ex
985 3655 1093 3719 Ponto
1118 3655 1140 3717 l:
1176 3653 1207 3717 1.
1246 3673 1300 3733 ep.

256 3757 288 3822 5.
313 3757 409 3835 misit,
432 3779 474 3820 ex
496 3777 559 3840 qua
582 3770 725 3840 apparet,
749 3781 818 3822 eum
842 3757 1005 3822 orationes
1028 3756 1175 3820 edidisse.
1210 3755 1303 3820 Alius

257 3873 304 3923 est
326 3860 424 3926 Cotta
446 3860 657 3938 Messalinus,
693 3863 781 3926 cuius
804 3860 944 3923 meminit
967 3859 1106 3924 Ovidius
1137 3857 1169 3922 in
1194 3856 1301 3939 Epist.

256 3984 298 4026 ex
319 3967 429 4029 Ponto
453 3965 517 4030 lv.
544 3965 594 4032 ts.
620 3967 673 4028 tt.

331 4101 467 4173 Manu,
490 4118 506 4156 o
525 4103 640 4166 turmis,
660 4104 750 4172 patris·
765 4119 824 4160 non
843 4107 956 4178 masna
975 4104 1041 4168 oris,

406 4198 481 4253 dista
501 4196 553 4252 titt
568 4197 649 4267 plato
668 4198 753 4255 umba
772 4201 875 4256 diruta
894 4201 966 4269 loro.

332 4288 413 4354 Quae
432 4303 606 4384 mansuem
626 4289 726 4362 lingua
744 4293 816 4350 mihi
835 4297 903 4350 sunt
921 4291 1096 4362 properante
1116 4288 1266 4361 perhoras
