2992 4844
274 349 337 410 331

276 507 399 573 trottae
417 528 536 570 sumen
559 525 643 580 esse,
668 507 704 568 in
727 506 849 589 quibus
872 505 1023 586 perticas
1044 503 1159 586 pridie
1180 504 1321 568 relictus

277 623 422 692 gramen
438 610 608 692 operiret;
630 609 692 672 sed
713 607 851 672 nonnisi
873 607 920 670 ad
934 607 1099 689 pabutum
1110 607 1319 688 probantur.

357 785 386 842 1.
427 784 526 842 Oratio
544 790 643 842 contra
667 785 699 841 P.
724 785 881 856 Sulpicium
901 784 1005 840 [tutum
1025 747 1172 840 tribunum
1194 786 1236 854 pl.

341 919 390 980 Ea
420 931 467 980 est
499 920 606 982 habita
638 942 667 983 a.
705 919 765 981 666
799 919 883 997 (88),
915 939 985 980 cum
1020 914 1058 978 lis
1091 929 1204 980 coorta
1239 928 1322 980 esset

277 1031 415 1102 propter
447 1023 632 1103 petitionem
672 1020 957 1085 extraordinariam
1000 1021 1196 1084 consulatus.
1237 1019 1319 1083 Vid.

276 1125 405 1186 Ahrens
426 1124 489 1188 Dis
518 1125 585 1188 drsi
620 1124 875 1188 Volkstribunen
901 1146 933 1205 p.
958 1124 1031 1186 150.
1055 1123 1220 1186 Drmnann
1241 1133 1265 1184 t.
1290 1125 1320 1190 2.

276 1247 308 1306 p.
332 1227 405 1289 482.
1086 1281 1088 1288 ,

341 1327 499 1390 Asconius
525 1328 557 1390 in
587 1327 791 1392 Scaurianam
818 1350 852 1409 p.
881 1327 933 1389 21.
989 1324 1098 1389 Iulios
1130 1345 1210 1386 cum
1238 1323 1320 1385 dicit

277 1429 413 1505 Cicero,
445 1431 534 1494 duos
564 1434 731 1496 Caesares
748 1427 913 1520 fratres,
946 1428 1068 1493 Caium
1097 1437 1131 1490 et
1160 1425 1318 1499 Lucium,

275 1530 468 1614 significat,
493 1556 540 1596 eu
560 1533 683 1618 quibus
698 1533 827 1597 Lucius
849 1544 882 1594 et
902 1534 1023 1595 consul
1043 1541 1077 1593 et
1095 1549 1216 1591 censor
1218 1525 1318 1612 fuit,

277 1633 382 1696 Gaius
411 1635 589 1698 aedilicius
617 1635 753 1718 quidem
783 1636 915 1697 occisus
944 1645 1014 1708 est,
1045 1633 1105 1695 sed
1126 1643 1261 1695 tantum
1282 1631 1320 1694 in

276 1735 413 1798 ciuitate
444 1737 577 1812 potuit,
607 1748 646 1800 ut
666 1758 772 1800 causa
802 1737 878 1801 betti
905 1735 1014 1799 ciuilis
1044 1734 1214 1798 contentio
1243 1733 1320 1796 eius

278 1858 356 1898 oum
379 1839 531 1921 Sulpicio
552 1839 690 1902 tribuno
699 1837 838 1928 suerit.
870 1839 965 1903 Nam
994 1849 1027 1900 et
1048 1837 1207 1920 sperabat
1228 1849 1262 1902 et
1283 1838 1321 1902 id

278 1941 401 2022 agebat
416 1944 556 2017 Caesar,
581 1953 621 2004 ut
642 1942 773 2004 omissa
790 1952 960 2024 praetura
980 1943 1100 2003 consul
1113 1939 1241 2016 fieren
1263 1942 1320 2003 cui

276 2063 355 2102 cum
393 2044 520 2124 primis
556 2044 768 2126 temporibus
801 2044 876 2106 iure
915 2043 1088 2125 Sulpicius
1128 2042 1316 2118 resisteret,

273 2157 397 2224 postea
428 2145 537 2208 nimia
574 2146 788 2209 contentione
825 2146 873 2208 ad
892 2143 1045 2234 ferrum
1077 2158 1111 2210 et
1141 2147 1190 2207 ad
1219 2166 1320 2208 arma

273 2247 455 2330 processit.
486 2249 581 2313 Idem
610 2249 700 2310 inter
723 2248 857 2329 primos
883 2248 1048 2330 temporis
1078 2249 1133 2311 sui
1161 2259 1320 2312 oratores

277 2361 311 2413 et
332 2351 487 2432 tragicus
504 2362 608 2432 poeta
630 2351 735 2413 honus
757 2350 944 2412 admodum
965 2351 1103 2412 habitus
1124 2362 1193 2412 est:
1218 2351 1319 2412 huius

277 2464 357 2514 sunt
379 2451 470 2513 enim
500 2449 721 2534 tragoediae,
753 2473 839 2534 quae
868 2451 1103 2514 inscribuntur
1124 2453 1240 2517 Iulii.
1273 2453 1319 2516 Hi

277 2565 393 2616 autem
414 2555 497 2618 Iulii
519 2555 562 2616 ab
583 2554 787 2617 satellitibus
810 2553 922 2618 Marii
943 2567 1023 2617 sunt
1045 2555 1159 2618 occisi.

342 2654 462 2720 Cicero
488 2658 592 2720 Bruto
626 2679 656 2718 c.
692 2657 743 2734 63.
792 2657 1002 2720 Coniunctus
1034 2657 1146 2738 igitur
1177 2656 1321 2740 Sulpicii

278 2758 385 2820 aetati
410 2761 450 2821 Ρ.
473 2759 649 2822 Antistius
661 2757 763 2848 fuit,
791 2759 913 2821 rabula
932 2779 1016 2821 sane
1034 2759 1236 2840 probabilis,
1260 2760 1320 2842 qui

214 2899 223 2914 ·
278 2862 404 2922 multos
428 2881 505 2922 curn
530 2861 692 2922 tacuisset
716 2880 845 2933 annos,
879 2881 986 2943 neque
1010 2861 1180 2922 contemni
1206 2862 1319 2922 solum

276 2964 338 3025 sed
351 2962 493 3025 irrideri
514 2963 618 3025 etiam
640 2963 764 3025 solitus
786 2973 891 3036 esset,
917 2963 952 3023 in
974 2962 1152 3024 tribunatu
1166 2962 1319 3042 primum

278 3077 401 3126 contra
425 3069 463 3129 G.
498 3065 580 3129 Iulii
611 3065 706 3127 ittam
742 3067 941 3126 consulatus
970 3065 1171 3145 petitionem
1198 3077 1318 3127 extru-

281 3166 497 3228 ordinariam
520 3187 636 3228 veram
662 3187 803 3228 causam
827 3187 935 3248 agens
956 3178 1007 3228 est
1027 3169 1206 3250 probatus,
1231 3179 1264 3230 et
1279 3189 1320 3230 eo

280 3268 405 3348 magis,
423 3268 523 3350 quod,
540 3269 682 3330 eandem
700 3289 841 3332 causam
863 3289 940 3329 cum
962 3281 1083 3350 ageret
1097 3269 1172 3330 eius
1187 3270 1321 3357 collega

278 3369 335 3431 ille
373 3369 445 3451 ipse
478 3370 671 3452 Sulpicius,
702 3371 755 3433 hic
784 3358 890 3452 plura
919 3380 953 3430 et
981 3369 1139 3430 acutiora
1173 3368 1319 3438 dicebat.

278 3474 399 3555 Itaque
409 3483 488 3554 post
506 3472 719 3534 tribunatum
738 3473 854 3554 primo
873 3473 1000 3532 multae
1018 3470 1065 3531 ad
1085 3491 1164 3532 eum
1178 3491 1317 3546 causae,

278 3574 398 3636 deinde
424 3595 540 3636 omnes
564 3575 738 3636 maximae
764 3573 1022 3665 deferebantur.

341 3676 468 3739 Auctor
488 3679 527 3738 de
548 3675 763 3757 Haruspicum
786 3674 948 3758 responsis
978 3696 1006 3738 c.
1037 3675 1086 3742 20.
1130 3672 1320 3756 Sulpicium
1356 3675 1363 3688 ’

277 3779 321 3842 ab
335 3779 467 3861 optima
480 3799 588 3840 causa
605 3778 807 3868 profectum
822 3777 971 3860 Gaioque
993 3777 1084 3841 Iulio
1103 3779 1320 3839 consulatum

277 3893 400 3945 contra
420 3883 513 3960 leges
530 3880 661 3961 petenti
683 3881 900 3944 resistentem
922 3877 1061 3962 longius
1085 3899 1189 3962 quam
1213 3876 1320 3941 noluit

274 3983 452 4066 popularis
471 4001 562 4042 aura
575 3981 752 4063 provexit.

195 4153 243 4191 l„
277 4073 279 4077 ⁴
341 4082 526 4148 Priscianus
544 4085 586 4145 T.
605 4084 635 4143 1.
658 4105 691 4162 p.
711 4085 780 4146 197.
808 4085 937 4148 Caesar
953 4083 1079 4146 Strabo
1094 4083 1129 4144 in
1147 4081 1317 4154 oratione,

274 4203 346 4266 qua
372 4185 525 4266 Sulpicio
547 4183 744 4267 respondit:
775 4185 908 4248 Deinde
934 4185 1320 4266 propinquosnostros

278 4285 466 4350 Messallae
480 4287 582 4351 domo
596 4287 800 4379 day‘lagrata
816 4306 943 4370 penore
958 4286 1153 4349 nolebamus
1164 4285 1319 4366 privare.
