2976 4844
353 585 381 640 2.
417 583 517 640 Oratio
538 600 590 654 pro
611 583 643 640 P.
667 583 801 654 Scipione
820 585 957 640 Africano
977 587 1095 642 maiore.

267 735 447 799 Ferebatur
464 732 571 796 oratio
596 732 671 795 Tib.
702 733 863 809 Gracchi,
888 734 1156 816 tribuniplebis,
1184 759 1247 820 pro

203 837 357 919 Scipione
379 835 499 898 maiore
523 858 551 897 a.
577 836 635 898 567
661 833 750 919 (187)
779 835 896 898 habita.
937 835 1037 902 Coni.
1055 861 1150 920 supra
1167 863 1200 921 p.
1215 843 1246 903 t.

268 939 382 1002 Livius
410 939 460 1013 38,
484 941 537 1000 bb.
583 941 702 1002 Multa
719 939 791 1000 alia
814 939 848 1000 in
870 941 1042 1022 Scipionis
1061 942 1160 1004 exitu
1177 965 1249 1006 ma·

205 1045 302 1106 xime
327 1042 436 1116 uitae,
467 1043 588 1125 dieque
611 1042 723 1117 dicta,
755 1054 884 1116 morte,
910 1043 1060 1128 funere,
1090 1049 1248 1127 sepulcro

203 1149 239 1209 in
269 1147 442 1208 diuersum
469 1148 632 1216 trabunt,
660 1156 713 1218 ut,
742 1146 798 1206 cui
824 1144 969 1232 famae,
997 1147 1121 1229 quibus
1142 1149 1250 1230 scrip-

204 1251 251 1311 tis
275 1249 465 1322 adsentiar,
493 1268 561 1307 non
587 1249 742 1310 habeam.
781 1251 861 1311 Non
887 1249 927 1308 de
948 1262 1150 1312 accusatore
1168 1272 1248 1314 con-

207 1352 320 1424 venit,
349 1353 410 1413 alii
435 1354 490 1415 Μ.
515 1351 707 1424 Naevium,
734 1351 796 1412 alii
820 1352 972 1415 Petillios
998 1351 1087 1413 tliem
1114 1353 1269 1422 dixisse,

204 1454 380 1530 scribunt,
412 1474 478 1516 non
504 1454 546 1516 ile
572 1466 745 1534 tempore,
774 1474 843 1536 quo
870 1454 963 1515 dicta
991 1454 1151 1528 diesen,
1180 1477 1249 1520 non

205 1558 247 1619 de
274 1578 387 1631 anno,
424 1578 491 1640 quo
523 1568 682 1618 mortuus
714 1556 781 1628 sit,
816 1577 884 1619 non
916 1557 973 1619 abi
1003 1569 1161 1621 mortuus
1187 1569 1249 1621 aret

204 1663 315 1722 elatus
342 1660 400 1722 sit.
425 1696 466 1706 -
489 1694 530 1705 -
553 1662 626 1723 Nec
652 1663 742 1721 inter
764 1659 952 1741 scriptores
975 1681 1092 1722 rernm
1119 1660 1247 1724 discre-

203 1775 267 1845 pat
299 1767 433 1834 solam,
467 1763 527 1824 secl
560 1762 797 1825 orationes
830 1783 1011 1845 qaoque,
1052 1763 1089 1824 si
1126 1765 1248 1828 morlo

204 1867 399 1947 ipsorum
421 1877 539 1939 sant,
569 1862 932 1953 quaeseruntur,
960 1868 998 1928 P.
1025 1866 1249 1947 Scipionis

204 1981 245 2030 et
282 1969 344 2031 Τι’.
373 1967 560 2032 Gracchi
596 1969 833 2030 abhorrent
869 1967 988 2029 inter
1024 1989 1078 2031 se.
1134 1969 1248 2034 Index

207 2072 376 2135 orationis
414 2074 453 2134 Ρ.
490 2068 663 2153 Scipionis
701 2091 822 2133 nomen
861 2073 917 2134 M.
955 2071 1081 2134 Naeuii
1120 2072 1250 2135 tribuni

205 2175 313 2255 plebis
336 2175 454 2249 habet,
486 2174 563 2255 ipsa
594 2173 710 2237 oratio
739 2173 812 2235 sine
839 2173 976 2236 nomine
999 2187 1051 2237 est
1070 2187 1248 2238 accusato·

206 2278 277 2347 ris,·
306 2277 506 2339 nebulonem
539 2276 658 2352 morlo,
707 2277 810 2338 modo
846 2289 1053 2358 nugatorem
1084 2280 1247 2358 appellat.

206 2382 267 2444 Ne
292 2381 477 2443 Gracchi
506 2379 673 2462 quidem
693 2379 839 2440 oratio
865 2391 940 2439 out
968 2380 1249 2442 Petilliorum

205 2495 512 2544 accersatorum
530 2479 743 2571 Africani
761 2492 831 2542 aut
852 2480 940 2541 diei
964 2481 1104 2542 (lictae
1124 2478 1249 2567 Afri·

205 2606 309 2649 cano
342 2588 472 2646 allam
508 2583 762 2646 mentionem
798 2582 934 2643 habet.
981 2581 1061 2644 Alia
1093 2592 1168 2644 tota
1196 2604 1248 2646 se·

205 2687 314 2750 reuda
337 2685 473 2778 fabula
505 2699 556 2748 est
587 2686 627 2760 (i.
657 2707 685 2747 e.
712 2686 952 2767 argumentum)
987 2685 1135 2747 Gracchi
1168 2707 1247 2749 ora·

206 2791 295 2853 tioni
316 2789 528 2862 conveniens,
553 2801 586 2850 et
609 2789 659 2850 illi
683 2800 844 2850 auctores
870 2788 1033 2871 sequendi
1059 2801 1150 2864 sunt,
1176 2790 1246 2873 qui,

206 2915 284 2954 cum
310 2895 350 2955 Ι..
379 2892 493 2974 Scipio
519 2903 552 2952 et
578 2905 762 2953 accusatus
797 2903 828 2952 et
861 2892 1046 2953 damnatas
1074 2892 1120 2953 sit
1145 2915 1246 2973 pecu·

207 2997 283 3058 niae
315 3007 435 3077 captae
469 2996 511 3056 ab
542 3017 643 3076 rege,
687 2997 840 3076 legatum
877 2995 913 3054 in
946 2994 1094 3056 Etruria
1121 2992 1248 3084 fuisse

206 3096 420 3187 Africanum
442 3097 598 3171 tradunt,
623 3117 691 3179 qno
710 3107 790 3177 post
799 3093 948 3184 famam
967 3094 1012 3174 de
1023 3094 1165 3185 fratris
1191 3119 1248 3160 ca·

205 3221 247 3262 su
269 3203 413 3262 allatam
434 3200 553 3261 relicta
576 3198 747 3282 legatione
775 3197 969 3260 cucurrisse
990 3221 1067 3260 eum
1088 3202 1247 3276 Romam,

208 3315 240 3366 et
263 3325 340 3365 cnm
364 3324 386 3363 a
406 3315 509 3385 porta
534 3314 629 3364 recta
650 3301 696 3362 ad
706 3298 842 3390 forum
867 3322 903 3362 se
921 3301 1131 3378 contulisset,
1158 3304 1251 3386 quod

206 3407 241 3467 in
272 3406 408 3468 uincula
441 3405 520 3468 duci
540 3402 706 3495 fratrem
740 3405 868 3466 dictrrm
903 3415 990 3474 erat,
1024 3405 1192 3484 repulisse
1227 3428 1251 3467 a

206 3530 351 3589 corpore
379 3507 454 3569 eius
480 3507 667 3580 viatorem,
695 3517 729 3566 et
754 3506 903 3568 tribunis
929 3506 1153 3569 retinentibus
1176 3529 1249 3570 ma·

208 3612 263 3693 gis
284 3611 342 3692 pie
369 3631 472 3693 quiam
496 3609 643 3670 ciuiliter
666 3608 734 3669 vim
750 3605 901 3696 fecisse.
949 3610 1041 3670 Haec
1062 3609 1152 3670 onim
1174 3609 1251 3692 ipsa

206 3715 382 3777 Gracchus
407 3711 576 3795 queritur,
602 3710 811 3773 dissolutam
836 3727 905 3772 esse
928 3728 952 3771 a
972 3711 1112 3792 priuato
1141 3713 1249 3774 tribu·

207 3815 334 3878 niciam
352 3826 570 3897 potestatem,
599 3825 631 3875 et
656 3812 702 3873 aa
721 3824 948 3894 postremum,
976 3835 1054 3876 cum
1076 3813 1251 3875 auxilium

207 3921 248 3981 L.
276 3919 432 4000 Scipioni
454 3919 658 4000 pollicetur,
687 3915 828 3989 adiicit,
862 3915 1107 3978 tolerabilioris
1133 3936 1250 3976 eorem-

203 4021 255 4103 pli
276 4043 362 4097 esse,
387 4043 411 4082 a
429 4023 568 4083 tribuno
583 4019 693 4101 plebis
715 4019 832 4100 potius
853 4038 957 4100 qnam
974 4038 996 4078 a
1017 4016 1157 4098 privato
1182 4016 1249 4078 vic·

205 4135 277 4185 tam
303 4123 413 4186 videri
431 4135 463 4186 ot
486 4121 705 4184 tribuniciam
723 4131 931 4203 potestatem
951 4129 984 4178 et
1005 4116 1248 4198 rempublicam

205 4247 292 4290 esse.
339 4225 407 4290 Sed
428 4227 479 4288 ita
501 4227 588 4286 banc
616 4243 719 4284 ronam
742 4225 963 4303 impotentem
987 4217 1061 4279 eius
1084 4218 1251 4285 iniuriam
1350 4248 1351 4253 ¹

206 4328 336 4395 inuidia
357 4339 491 4400 onerat,
520 4337 558 4386 ut
576 4324 796 4405 increpando,
819 4319 911 4404 quod
933 4320 1152 4400 degenerarit
1175 4336 1251 4386 tnn-
