<?xml version="1.0" encoding="UTF-8"?>
<!DOCTYPE html PUBLIC "-//W3C//DTD XHTML 1.0 Transitional//EN"
    "http://www.w3.org/TR/xhtml1/DTD/xhtml1-transitional.dtd">
<html xmlns="http://www.w3.org/1999/xhtml" xml:lang="en" lang="en">
 <head>
  <title>
</title>
<meta http-equiv="Content-Type" content="text/html;charset=utf-8" />
  <meta name='ocr-system' content='tesseract 3.04.00' />
  <meta name='ocr-capabilities' content='ocr_page ocr_carea ocr_par ocr_line ocrx_word'/>
</head>
<body>
  <div class='ocr_page' id='page_1' title='image "./oratorumromanor02meyegoog_0027.png"; bbox 0 0 2970 4836; ppageno 0'>
   <div class='ocr_carea' id='block_1_1' title="bbox 1176 342 1192 400">
    <p class='ocr_par' dir='ltr' id='par_1_1' title="bbox 1176 342 1192 400">
     <span class='ocr_line' id='line_1_1' title="bbox 1176 342 1192 400; baseline 0 0"><span class='ocrx_word' id='word_1_1' title='bbox 1176 342 1192 400; x_wconf 83' lang='lat' dir='ltr'><strong><em>&#39;l</em></strong></span> 
     </span>
    </p>
   </div>
   <div class='ocr_carea' id='block_1_2' title="bbox 145 496 1194 688">
    <p class='ocr_par' dir='ltr' id='par_1_2' title="bbox 145 496 1194 688">
     <span class='ocr_line' id='line_1_2' title="bbox 147 496 1194 580; baseline 0.002 -22"><span class='ocrx_word' id='word_1_2' title='bbox 147 499 304 564; x_wconf 78' lang='lat' dir='ltr'><strong><em>mollibus</em></strong></span> <span class='ocrx_word' id='word_1_3' title='bbox 319 520 396 580; x_wconf 83' lang='lat' dir='ltr'><strong><em>pax</em></strong></span> <span class='ocrx_word' id='word_1_4' title='bbox 411 520 488 562; x_wconf 90' lang='lat' dir='ltr'><strong><em>cum</em></strong></span> <span class='ocrx_word' id='word_1_5' title='bbox 505 520 547 562; x_wconf 89' lang='lat' dir='ltr'><strong><em>eo</em></strong></span> <span class='ocrx_word' id='word_1_6' title='bbox 565 496 686 579; x_wconf 86' lang='lat' dir='ltr'><strong><em>populi</em></strong></span> <span class='ocrx_word' id='word_1_7' title='bbox 706 496 845 560; x_wconf 85' lang='lat' dir='ltr'><strong><em>romani</em></strong></span> <span class='ocrx_word' id='word_1_8' title='bbox 863 497 999 560; x_wconf 84' lang='lat' dir='ltr'><strong><em>nomine</em></strong></span> <span class='ocrx_word' id='word_1_9' title='bbox 1015 496 1145 574; x_wconf 82' lang='lat' dir='ltr'><strong><em>sceret,</em></strong></span> <span class='ocrx_word' id='word_1_10' title='bbox 1161 510 1194 560; x_wconf 89' lang='lat' dir='ltr'><strong><em>et</em></strong></span> 
     </span>
     <span class='ocr_line' id='line_1_3' title="bbox 145 599 1194 688; baseline 0 -24"><span class='ocrx_word' id='word_1_11' title='bbox 145 603 315 688; x_wconf 79' lang='lat' dir='ltr'><strong><em>quaedam</em></strong></span> <span class='ocrx_word' id='word_1_12' title='bbox 329 602 411 665; x_wconf 89' lang='lat' dir='ltr'><strong><em>item</em></strong></span> <span class='ocrx_word' id='word_1_13' title='bbox 428 601 499 664; x_wconf 89' lang='lat' dir='ltr'><strong><em>alia</em></strong></span> <span class='ocrx_word' id='word_1_14' title='bbox 513 600 652 663; x_wconf 82' lang='lat' dir='ltr'><strong><em>crimini</em></strong></span> <span class='ocrx_word' id='word_1_15' title='bbox 667 600 766 662; x_wconf 83' lang='lat' dir='ltr'><strong><em>daret</em></strong></span> <span class='ocrx_word' id='word_1_16' title='bbox 782 599 928 684; x_wconf 81' lang='lat' dir='ltr'><strong><em>indigna</em></strong></span> <span class='ocrx_word' id='word_1_17' title='bbox 942 600 1005 662; x_wconf 87' lang='lat' dir='ltr'><strong><em>tali</em></strong></span> <span class='ocrx_word' id='word_1_18' title='bbox 1020 601 1103 674; x_wconf 85' lang='lat' dir='ltr'><strong><em>viro,</em></strong></span> <span class='ocrx_word' id='word_1_19' title='bbox 1120 611 1194 665; x_wconf 88' lang='lat' dir='ltr'><strong><em>tum</em></strong></span> 
     </span>
    </p>
   </div>
   <div class='ocr_carea' id='block_1_3' title="bbox 143 701 1197 2322">
    <p class='ocr_par' dir='ltr' id='par_1_3' title="bbox 144 701 1197 1812">
     <span class='ocr_line' id='line_1_4' title="bbox 145 701 1195 794; baseline -0.005 -23"><span class='ocrx_word' id='word_1_20' title='bbox 145 705 261 786; x_wconf 78' lang='lat' dir='ltr'><strong><em>Scipio</em></strong></span> <span class='ocrx_word' id='word_1_21' title='bbox 274 725 388 786; x_wconf 88' lang='lat' dir='ltr'><strong><em>panca</em></strong></span> <span class='ocrx_word' id='word_1_22' title='bbox 402 701 603 794; x_wconf 82' lang='lat' dir='ltr'><strong><em>praefatus,</em></strong></span> <span class='ocrx_word' id='word_1_23' title='bbox 621 723 708 786; x_wconf 81' lang='lat' dir='ltr'><strong><em>quae</em></strong></span> <span class='ocrx_word' id='word_1_24' title='bbox 723 702 878 786; x_wconf 81' lang='lat' dir='ltr'><strong><em>dignitas</em></strong></span> <span class='ocrx_word' id='word_1_25' title='bbox 892 704 981 767; x_wconf 86' lang='lat' dir='ltr'><strong><em>vitoe</em></strong></span> <span class='ocrx_word' id='word_1_26' title='bbox 994 723 1078 766; x_wconf 85' lang='lat' dir='ltr'><strong><em>suae</em></strong></span> <span class='ocrx_word' id='word_1_27' title='bbox 1092 715 1195 787; x_wconf 79' lang='lat' dir='ltr'><strong><em>atque</em></strong></span> 
     </span>
     <span class='ocr_line' id='line_1_5' title="bbox 144 805 1192 890; baseline 0.002 -22"><span class='ocrx_word' id='word_1_28' title='bbox 144 808 261 889; x_wconf 79' lang='lat' dir='ltr'><strong><em>gloria</em></strong></span> <span class='ocrx_word' id='word_1_29' title='bbox 272 809 479 888; x_wconf 87' lang='lat' dir='ltr'><strong><em>postulabat,</em></strong></span> <span class='ocrx_word' id='word_1_30' title='bbox 509 857 525 887; x_wconf 91' lang='lat'>„</span> <span class='ocrx_word' id='word_1_31' title='bbox 536 805 723 881; x_wconf 86' lang='lat' dir='ltr'><strong><em>Memoria,</em></strong></span> <span class='ocrx_word' id='word_1_32' title='bbox 740 806 861 890; x_wconf 80' lang='lat' dir='ltr'><strong><em>inquit,</em></strong></span> <span class='ocrx_word' id='word_1_33' title='bbox 879 805 1046 888; x_wconf 81' lang='lat' dir='ltr'><strong><em>Quirites,</em></strong></span> <span class='ocrx_word' id='word_1_34' title='bbox 1063 817 1192 887; x_wconf 78' lang='lat' dir='ltr'><em>repeto,</em></span> 
     </span>
     <span class='ocr_line' id='line_1_6' title="bbox 146 909 1192 992; baseline 0.001 -21"><span class='ocrx_word' id='word_1_35' title='bbox 146 955 161 982; x_wconf 87' lang='lat'><strong><em>,</em></strong></span> <span class='ocrx_word' id='word_1_36' title='bbox 171 910 260 972; x_wconf 81' lang='lat' dir='ltr'><strong><em>diem</em></strong></span> <span class='ocrx_word' id='word_1_37' title='bbox 275 931 348 972; x_wconf 82' lang='lat' dir='ltr'><strong><em>esse</em></strong></span> <span class='ocrx_word' id='word_1_38' title='bbox 363 910 579 983; x_wconf 79' lang='lat' dir='ltr'><strong><em>hodiernum,</em></strong></span> <span class='ocrx_word' id='word_1_39' title='bbox 600 931 669 992; x_wconf 83' lang='lat' dir='ltr'><strong><em>quo</em></strong></span> <span class='ocrx_word' id='word_1_40' title='bbox 681 909 909 976; x_wconf 85' lang='lat' dir='ltr'><strong><em>Hannibalem</em></strong></span> <span class='ocrx_word' id='word_1_41' title='bbox 920 911 1071 974; x_wconf 89' lang='lat' dir='ltr'><strong><em>Poenum</em></strong></span> <span class='ocrx_word' id='word_1_42' title='bbox 1087 909 1192 992; x_wconf 85' lang='lat' dir='ltr'><strong><em>impe-</em></strong></span> 
     </span>
     <span class='ocr_line' id='line_1_7' title="bbox 145 1011 1194 1095; baseline 0.002 -21"><span class='ocrx_word' id='word_1_43' title='bbox 145 1058 159 1085; x_wconf 91' lang='lat'>„</span> <span class='ocrx_word' id='word_1_44' title='bbox 169 1013 224 1075; x_wconf 86' lang='lat' dir='ltr'><strong><em>rio</em></strong></span> <span class='ocrx_word' id='word_1_45' title='bbox 239 1024 352 1076; x_wconf 86' lang='lat' dir='ltr'><strong><em>oestro</em></strong></span> <span class='ocrx_word' id='word_1_46' title='bbox 376 1011 651 1075; x_wconf 87' lang='lat' dir='ltr'><strong><em>inimicissimum</em></strong></span> <span class='ocrx_word' id='word_1_47' title='bbox 666 1033 796 1095; x_wconf 87' lang='lat' dir='ltr'><strong><em>magno</em></strong></span> <span class='ocrx_word' id='word_1_48' title='bbox 814 1012 949 1092; x_wconf 89' lang='lat' dir='ltr'><strong><em>praelio</em></strong></span> <span class='ocrx_word' id='word_1_49' title='bbox 966 1012 1030 1074; x_wconf 87' lang='lat' dir='ltr'><strong><em>uici</em></strong></span> <span class='ocrx_word' id='word_1_50' title='bbox 1045 1011 1081 1074; x_wconf 93' lang='lat' dir='ltr'><strong><em>in</em></strong></span> <span class='ocrx_word' id='word_1_51' title='bbox 1097 1024 1194 1076; x_wconf 85' lang='lat' dir='ltr'><strong><em>terra</em></strong></span> 
     </span>
     <span class='ocr_line' id='line_1_8' title="bbox 147 1112 1193 1203; baseline 0 -25"><span class='ocrx_word' id='word_1_52' title='bbox 147 1161 162 1188; x_wconf 88' lang='lat'><strong><em>,</em></strong></span> <span class='ocrx_word' id='word_1_53' title='bbox 174 1112 315 1203; x_wconf 87' lang='lat' dir='ltr'><strong><em>Africa,</em></strong></span> <span class='ocrx_word' id='word_1_54' title='bbox 332 1136 517 1196; x_wconf 84' lang='lat' dir='ltr'><strong><em>pacemque</em></strong></span> <span class='ocrx_word' id='word_1_55' title='bbox 531 1126 565 1176; x_wconf 88' lang='lat' dir='ltr'><strong><em>et</em></strong></span> <span class='ocrx_word' id='word_1_56' title='bbox 578 1114 759 1177; x_wconf 89' lang='lat' dir='ltr'><strong><em>victoriam</em></strong></span> <span class='ocrx_word' id='word_1_57' title='bbox 770 1114 864 1178; x_wconf 83' lang='lat' dir='ltr'><strong><em>cobis</em></strong></span> <span class='ocrx_word' id='word_1_58' title='bbox 874 1115 994 1197; x_wconf 86' lang='lat' dir='ltr'><strong><em>peperi</em></strong></span> <span class='ocrx_word' id='word_1_59' title='bbox 1006 1115 1193 1196; x_wconf 79' lang='lat' dir='ltr'><strong><em>insperabi-</em></strong></span> 
     </span>
     <span class='ocr_line' id='line_1_9' title="bbox 147 1215 1194 1298; baseline -0.002 -18"><span class='ocrx_word' id='word_1_60' title='bbox 147 1220 250 1290; x_wconf 87' lang='lat' dir='ltr'><strong><em>„lem.</em></strong></span> <span class='ocrx_word' id='word_1_61' title='bbox 285 1219 367 1280; x_wconf 90' lang='lat' dir='ltr'><strong><em>Non</em></strong></span> <span class='ocrx_word' id='word_1_62' title='bbox 389 1217 501 1297; x_wconf 85' lang='lat' dir='ltr'><strong><em>igitur</em></strong></span> <span class='ocrx_word' id='word_1_63' title='bbox 520 1215 630 1278; x_wconf 86' lang='lat' dir='ltr'><strong><em>simus</em></strong></span> <span class='ocrx_word' id='word_1_64' title='bbox 651 1217 834 1278; x_wconf 82' lang='lat' dir='ltr'><strong><em>adversum</em></strong></span> <span class='ocrx_word' id='word_1_65' title='bbox 861 1217 942 1280; x_wconf 84' lang='lat' dir='ltr'><strong><em>deos</em></strong></span> <span class='ocrx_word' id='word_1_66' title='bbox 964 1218 1115 1298; x_wconf 81' lang='lat' dir='ltr'><strong><em>ingrati,</em></strong></span> <span class='ocrx_word' id='word_1_67' title='bbox 1134 1218 1194 1280; x_wconf 80' lang='lat' dir='ltr'><strong><em>seri</em></strong></span> 
     </span>
     <span class='ocr_line' id='line_1_10' title="bbox 147 1316 1194 1399; baseline 0.002 -20"><span class='ocrx_word' id='word_1_68' title='bbox 147 1364 162 1389; x_wconf 92' lang='lat'><strong><em>,‚</em></strong></span> <span class='ocrx_word' id='word_1_69' title='bbox 175 1339 309 1390; x_wconf 88' lang='lat' dir='ltr'><strong><em>censeo,</em></strong></span> <span class='ocrx_word' id='word_1_70' title='bbox 324 1317 560 1397; x_wconf 76' lang='lat' dir='ltr'><strong><em>relinquamus</em></strong></span> <span class='ocrx_word' id='word_1_71' title='bbox 573 1316 771 1379; x_wconf 79' lang='lat' dir='ltr'><strong><em>nebulonem</em></strong></span> <span class='ocrx_word' id='word_1_72' title='bbox 781 1319 882 1388; x_wconf 88' lang='lat' dir='ltr'><strong><em>hunc,</em></strong></span> <span class='ocrx_word' id='word_1_73' title='bbox 894 1339 1013 1380; x_wconf 83' lang='lat' dir='ltr'><strong><em>eamus</em></strong></span> <span class='ocrx_word' id='word_1_74' title='bbox 1025 1318 1101 1380; x_wconf 87' lang='lat' dir='ltr'><strong><em>hinc</em></strong></span> <span class='ocrx_word' id='word_1_75' title='bbox 1112 1340 1194 1399; x_wconf 88' lang='lat' dir='ltr'><strong><em>pro·</em></strong></span> 
     </span>
     <span class='ocr_line' id='line_1_11' title="bbox 148 1416 1196 1498; baseline 0 -18"><span class='ocrx_word' id='word_1_76' title='bbox 148 1419 266 1490; x_wconf 89' lang='lat' dir='ltr'><strong><em>,tinus</em></strong></span> <span class='ocrx_word' id='word_1_77' title='bbox 293 1418 371 1481; x_wconf 88' lang='lat' dir='ltr'><strong><em>Jooi</em></strong></span> <span class='ocrx_word' id='word_1_78' title='bbox 395 1417 526 1496; x_wconf 87' lang='lat' dir='ltr'><strong><em>optimo</em></strong></span> <span class='ocrx_word' id='word_1_79' title='bbox 548 1416 705 1478; x_wconf 84' lang='lat' dir='ltr'><strong><em>maximo</em></strong></span> <span class='ocrx_word' id='word_1_80' title='bbox 729 1420 1033 1498; x_wconf 76' lang='lat' dir='ltr'><strong><em>gratulatum.“-</em></strong></span> <span class='ocrx_word' id='word_1_81' title='bbox 1074 1423 1196 1482; x_wconf 78' lang='lat' dir='ltr'><strong><em>Fertur</em></strong></span> 
     </span>
     <span class='ocr_line' id='line_1_12' title="bbox 148 1517 1197 1600; baseline 0.002 -18"><span class='ocrx_word' id='word_1_82' title='bbox 148 1519 255 1582; x_wconf 88' lang='lat' dir='ltr'><strong><em>etiam</em></strong></span> <span class='ocrx_word' id='word_1_83' title='bbox 272 1519 398 1591; x_wconf 83' lang='lat' dir='ltr'><strong><em>oratio,</em></strong></span> <span class='ocrx_word' id='word_1_84' title='bbox 412 1539 499 1600; x_wconf 77' lang='lat' dir='ltr'><strong><em>quae</em></strong></span> <span class='ocrx_word' id='word_1_85' title='bbox 517 1517 653 1580; x_wconf 87' lang='lat' dir='ltr'><strong><em>videtur</em></strong></span> <span class='ocrx_word' id='word_1_86' title='bbox 667 1518 784 1580; x_wconf 86' lang='lat' dir='ltr'><strong><em>habita</em></strong></span> <span class='ocrx_word' id='word_1_87' title='bbox 799 1540 840 1582; x_wconf 93' lang='lat' dir='ltr'><strong><em>eo</em></strong></span> <span class='ocrx_word' id='word_1_88' title='bbox 859 1519 913 1582; x_wconf 84' lang='lat' dir='ltr'><strong><em>die</em></strong></span> <span class='ocrx_word' id='word_1_89' title='bbox 932 1542 954 1581; x_wconf 90' lang='lat' dir='ltr'><strong><em>a</em></strong></span> <span class='ocrx_word' id='word_1_90' title='bbox 973 1519 1147 1600; x_wconf 79' lang='lat' dir='ltr'><strong><em>Scipione,</em></strong></span> <span class='ocrx_word' id='word_1_91' title='bbox 1164 1532 1197 1584; x_wconf 86' lang='lat' dir='ltr'><strong><em>ct</em></strong></span> 
     </span>
     <span class='ocr_line' id='line_1_13' title="bbox 144 1621 1196 1708; baseline 0.002 -24"><span class='ocrx_word' id='word_1_92' title='bbox 144 1621 205 1706; x_wconf 79' lang='lat' dir='ltr'><strong><em>qui</em></strong></span> <span class='ocrx_word' id='word_1_93' title='bbox 220 1621 338 1682; x_wconf 81' lang='lat' dir='ltr'><strong><em>dicunt</em></strong></span> <span class='ocrx_word' id='word_1_94' title='bbox 352 1641 429 1682; x_wconf 89' lang='lat' dir='ltr'><strong><em>eam</em></strong></span> <span class='ocrx_word' id='word_1_95' title='bbox 445 1640 514 1682; x_wconf 92' lang='lat' dir='ltr'><strong><em>non</em></strong></span> <span class='ocrx_word' id='word_1_96' title='bbox 527 1642 655 1696; x_wconf 87' lang='lat' dir='ltr'><strong><em>veram,</em></strong></span> <span class='ocrx_word' id='word_1_97' title='bbox 671 1642 738 1684; x_wconf 93' lang='lat' dir='ltr'><strong><em>non</em></strong></span> <span class='ocrx_word' id='word_1_98' title='bbox 754 1633 837 1687; x_wconf 89' lang='lat' dir='ltr'><strong><em>eunt</em></strong></span> <span class='ocrx_word' id='word_1_99' title='bbox 852 1622 1003 1699; x_wconf 82' lang='lat' dir='ltr'><strong><em>inficiae,</em></strong></span> <span class='ocrx_word' id='word_1_100' title='bbox 1023 1622 1104 1708; x_wconf 84' lang='lat' dir='ltr'><strong><em>quin</em></strong></span> <span class='ocrx_word' id='word_1_101' title='bbox 1114 1626 1196 1686; x_wconf 83' lang='lat' dir='ltr'><strong><em>haec</em></strong></span> 
     </span>
     <span class='ocr_line' id='line_1_14' title="bbox 144 1721 965 1812; baseline 0.004 -26"><span class='ocrx_word' id='word_1_102' title='bbox 144 1724 280 1806; x_wconf 75' lang='lat' dir='ltr'><strong><em>quidem</em></strong></span> <span class='ocrx_word' id='word_1_103' title='bbox 296 1721 560 1812; x_wconf 82' lang='lat' dir='ltr'><strong><em>verbafuerint,</em></strong></span> <span class='ocrx_word' id='word_1_104' title='bbox 576 1743 662 1806; x_wconf 85' lang='lat' dir='ltr'><strong><em>quae</em></strong></span> <span class='ocrx_word' id='word_1_105' title='bbox 677 1723 766 1796; x_wconf 78' lang='lat' dir='ltr'><strong><em>dixi,</em></strong></span> <span class='ocrx_word' id='word_1_106' title='bbox 782 1725 965 1806; x_wconf 79' lang='lat' dir='ltr'><strong><em>Scipionis.</em></strong></span> 
     </span>
    </p>

    <p class='ocr_par' dir='ltr' id='par_1_4' title="bbox 143 1825 1193 2322">
     <span class='ocr_line' id='line_1_15' title="bbox 210 1825 1193 1910; baseline 0.006 -24"><span class='ocrx_word' id='word_1_107' title='bbox 210 1825 323 1887; x_wconf 86' lang='lat' dir='ltr'><strong><em>Livius</em></strong></span> <span class='ocrx_word' id='word_1_108' title='bbox 337 1826 389 1898; x_wconf 72' lang='lat'><strong><em>3⁹3,</em></strong></span> <span class='ocrx_word' id='word_1_109' title='bbox 402 1828 455 1888; x_wconf 85' lang='grc'><strong><em>55.</em></strong></span> <span class='ocrx_word' id='word_1_110' title='bbox 489 1829 603 1890; x_wconf 85' lang='lat' dir='ltr'><strong><em>Multo</em></strong></span> <span class='ocrx_word' id='word_1_111' title='bbox 614 1827 686 1890; x_wconf 87' lang='lat' dir='ltr'><strong><em>alio</em></strong></span> <span class='ocrx_word' id='word_1_112' title='bbox 696 1828 731 1888; x_wconf 91' lang='lat' dir='ltr'><strong><em>in</em></strong></span> <span class='ocrx_word' id='word_1_113' title='bbox 745 1828 916 1910; x_wconf 71' lang='lat' dir='ltr'><strong><em>Scipionis</em></strong></span> <span class='ocrx_word' id='word_1_114' title='bbox 928 1829 1029 1895; x_wconf 78' lang='lat' dir='ltr'><strong><em>exitu</em></strong></span> <span class='ocrx_word' id='word_1_115' title='bbox 1041 1828 1193 1894; x_wconf 77' lang='lat' dir='ltr'><strong><em>maxime</em></strong></span> 
     </span>
     <span class='ocr_line' id='line_1_16' title="bbox 144 1927 1193 2019; baseline 0.001 -26"><span class='ocrx_word' id='word_1_116' title='bbox 144 1928 232 1994; x_wconf 84' lang='lat' dir='ltr'><strong><em>uitae</em></strong></span> <span class='ocrx_word' id='word_1_117' title='bbox 243 1927 363 2010; x_wconf 76' lang='lat' dir='ltr'><strong><em>dieque</em></strong></span> <span class='ocrx_word' id='word_1_118' title='bbox 375 1927 478 2003; x_wconf 83' lang='lat' dir='ltr'><strong><em>dicta,</em></strong></span> <span class='ocrx_word' id='word_1_119' title='bbox 494 1940 615 2002; x_wconf 88' lang='lat' dir='ltr'><strong><em>morte,</em></strong></span> <span class='ocrx_word' id='word_1_120' title='bbox 618 1928 770 2019; x_wconf 83' lang='lat' dir='ltr'><strong><em>funere,</em></strong></span> <span class='ocrx_word' id='word_1_121' title='bbox 785 1934 955 2012; x_wconf 85' lang='lat' dir='ltr'><strong><em>sepulcro,</em></strong></span> <span class='ocrx_word' id='word_1_122' title='bbox 973 1931 1008 1996; x_wconf 91' lang='lat' dir='ltr'><strong><em>in</em></strong></span> <span class='ocrx_word' id='word_1_123' title='bbox 1021 1931 1193 1996; x_wconf 85' lang='lat' dir='ltr'><strong><em>diuersum</em></strong></span> 
     </span>
     <span class='ocr_line' id='line_1_17' title="bbox 143 2029 1193 2120; baseline 0 -24"><span class='ocrx_word' id='word_1_124' title='bbox 143 2033 296 2106; x_wconf 79' lang='lat' dir='ltr'><strong><em>trahunt,</em></strong></span> <span class='ocrx_word' id='word_1_125' title='bbox 308 2042 346 2092; x_wconf 91' lang='lat' dir='ltr'><strong><em>ut</em></strong></span> <span class='ocrx_word' id='word_1_126' title='bbox 357 2030 413 2092; x_wconf 92' lang='lat' dir='ltr'><strong><em>cui</em></strong></span> <span class='ocrx_word' id='word_1_127' title='bbox 412 2029 556 2120; x_wconf 86' lang='lat' dir='ltr'><strong><em>famae,</em></strong></span> <span class='ocrx_word' id='word_1_128' title='bbox 565 2032 686 2114; x_wconf 84' lang='lat' dir='ltr'><strong><em>quihus</em></strong></span> <span class='ocrx_word' id='word_1_129' title='bbox 699 2033 839 2114; x_wconf 87' lang='lat' dir='ltr'><strong><em>scriptis</em></strong></span> <span class='ocrx_word' id='word_1_130' title='bbox 849 2034 1038 2105; x_wconf 82' lang='lat' dir='ltr'><strong><em>adsentiar,</em></strong></span> <span class='ocrx_word' id='word_1_131' title='bbox 1053 2055 1120 2098; x_wconf 91' lang='lat' dir='ltr'><strong><em>non</em></strong></span> <span class='ocrx_word' id='word_1_132' title='bbox 1133 2037 1193 2096; x_wconf 81' lang='lat' dir='ltr'><strong><em>lra-</em></strong></span> 
     </span>
     <span class='ocr_line' id='line_1_18' title="bbox 144 2133 1190 2219; baseline 0.004 -23"><span class='ocrx_word' id='word_1_133' title='bbox 144 2135 253 2196; x_wconf 87' lang='lat' dir='ltr'><strong><em>beam.</em></strong></span> <span class='ocrx_word' id='word_1_134' title='bbox 283 2135 366 2198; x_wconf 91' lang='lat' dir='ltr'><strong><em>Non</em></strong></span> <span class='ocrx_word' id='word_1_135' title='bbox 389 2133 430 2194; x_wconf 82' lang='lat' dir='ltr'><strong><em>de</em></strong></span> <span class='ocrx_word' id='word_1_136' title='bbox 448 2147 652 2198; x_wconf 72' lang='lat' dir='ltr'><strong><em>accusatore</em></strong></span> <span class='ocrx_word' id='word_1_137' title='bbox 671 2137 826 2198; x_wconf 85' lang='lat' dir='ltr'><strong><em>convenit</em></strong></span> <span class='ocrx_word' id='word_1_138' title='bbox 847 2135 1190 2219; x_wconf 64' lang='lat' dir='ltr'><strong><em>(clamitantem,</em></strong></span> 
     </span>
     <span class='ocr_line' id='line_1_19' title="bbox 143 2236 1190 2322; baseline 0.005 -24"><span class='ocrx_word' id='word_1_139' title='bbox 143 2236 204 2298; x_wconf 87' lang='lat' dir='ltr'><strong><em>alii</em></strong></span> <span class='ocrx_word' id='word_1_140' title='bbox 225 2236 379 2300; x_wconf 76' lang='lat' dir='ltr'><strong><em>Petillios</em></strong></span> <span class='ocrx_word' id='word_1_141' title='bbox 398 2236 491 2299; x_wconf 80' lang='lat' dir='ltr'><strong><em>rliem</em></strong></span> <span class='ocrx_word' id='word_1_142' title='bbox 506 2237 640 2300; x_wconf 80' lang='lat' dir='ltr'><strong><em>dixisse</em></strong></span> <span class='ocrx_word' id='word_1_143' title='bbox 654 2238 842 2318; x_wconf 85' lang='lat' dir='ltr'><strong><em>scribunt),</em></strong></span> <span class='ocrx_word' id='word_1_144' title='bbox 868 2259 935 2300; x_wconf 92' lang='lat' dir='ltr'><strong><em>non</em></strong></span> <span class='ocrx_word' id='word_1_145' title='bbox 959 2240 1000 2300; x_wconf 75' lang='lat' dir='ltr'><strong><em>cle</em></strong></span> <span class='ocrx_word' id='word_1_146' title='bbox 1017 2251 1190 2322; x_wconf 85' lang='lat' dir='ltr'><strong><em>tempore,</em></strong></span> 
     </span>
    </p>
   </div>
   <div class='ocr_carea' id='block_1_4' title="bbox 42 2337 1192 2422">
    <p class='ocr_par' dir='ltr' id='par_1_5' title="bbox 42 2337 1192 2422">
     <span class='ocr_line' id='line_1_20' title="bbox 42 2337 1192 2422; baseline 0.002 -23"><span class='ocrx_word' id='word_1_147' title='bbox 42 2397 47 2408; x_wconf 83' lang='grc'><em>,</em></span> <span class='ocrx_word' id='word_1_148' title='bbox 143 2361 210 2422; x_wconf 87' lang='lat' dir='ltr'><strong><em>quo</em></strong></span> <span class='ocrx_word' id='word_1_149' title='bbox 229 2339 321 2401; x_wconf 78' lang='lat' dir='ltr'><strong><em>dicta</em></strong></span> <span class='ocrx_word' id='word_1_150' title='bbox 339 2337 412 2402; x_wconf 85' lang='lat' dir='ltr'><strong><em>dies</em></strong></span> <span class='ocrx_word' id='word_1_151' title='bbox 434 2339 491 2410; x_wconf 92' lang='lat' dir='ltr'><strong><em>sit,</em></strong></span> <span class='ocrx_word' id='word_1_152' title='bbox 512 2360 579 2401; x_wconf 90' lang='lat' dir='ltr'><strong><em>non</em></strong></span> <span class='ocrx_word' id='word_1_153' title='bbox 600 2340 641 2400; x_wconf 81' lang='lat' dir='ltr'><strong><em>rle</em></strong></span> <span class='ocrx_word' id='word_1_154' title='bbox 660 2361 763 2413; x_wconf 92' lang='lat' dir='ltr'><strong><em>anno,</em></strong></span> <span class='ocrx_word' id='word_1_155' title='bbox 782 2361 848 2422; x_wconf 81' lang='lat' dir='ltr'><strong><em>quo</em></strong></span> <span class='ocrx_word' id='word_1_156' title='bbox 867 2351 1025 2404; x_wconf 87' lang='lat' dir='ltr'><strong><em>mortuus</em></strong></span> <span class='ocrx_word' id='word_1_157' title='bbox 1045 2342 1102 2416; x_wconf 88' lang='lat' dir='ltr'><strong><em>sit,</em></strong></span> <span class='ocrx_word' id='word_1_158' title='bbox 1123 2360 1192 2404; x_wconf 88' lang='lat' dir='ltr'><strong><em>non</em></strong></span> 
     </span>
    </p>
   </div>
   <div class='ocr_carea' id='block_1_5' title="bbox 143 2441 1193 2523">
    <p class='ocr_par' dir='ltr' id='par_1_6' title="bbox 143 2441 1193 2523">
     <span class='ocr_line' id='line_1_21' title="bbox 143 2441 1193 2523; baseline 0.002 -21"><span class='ocrx_word' id='word_1_159' title='bbox 143 2441 201 2504; x_wconf 84' lang='lat' dir='ltr'><strong><em>ubi</em></strong></span> <span class='ocrx_word' id='word_1_160' title='bbox 216 2451 377 2504; x_wconf 87' lang='lat' dir='ltr'><strong><em>mortuus</em></strong></span> <span class='ocrx_word' id='word_1_161' title='bbox 391 2452 452 2502; x_wconf 91' lang='lat' dir='ltr'><strong><em>aut</em></strong></span> <span class='ocrx_word' id='word_1_162' title='bbox 467 2444 578 2502; x_wconf 88' lang='lat' dir='ltr'><strong><em>elatus</em></strong></span> <span class='ocrx_word' id='word_1_163' title='bbox 596 2441 654 2502; x_wconf 86' lang='lat' dir='ltr'><strong><em>sit.</em></strong></span> <span class='ocrx_word' id='word_1_164' title='bbox 671 2473 709 2488; x_wconf 88' lang='lat'><em>-</em></span> <span class='ocrx_word' id='word_1_165' title='bbox 727 2471 767 2486; x_wconf 84' lang='lat'><strong><em>·-</em></strong></span> <span class='ocrx_word' id='word_1_166' title='bbox 802 2445 875 2506; x_wconf 90' lang='lat' dir='ltr'><strong><em>Nec</em></strong></span> <span class='ocrx_word' id='word_1_167' title='bbox 896 2441 986 2504; x_wconf 88' lang='lat' dir='ltr'><strong><em>inter</em></strong></span> <span class='ocrx_word' id='word_1_168' title='bbox 1005 2445 1193 2523; x_wconf 86' lang='lat' dir='ltr'><strong><em>scriptores</em></strong></span> 
     </span>
    </p>
   </div>
   <div class='ocr_carea' id='block_1_6' title="bbox 30 2534 1194 2623">
    <p class='ocr_par' dir='ltr' id='par_1_7' title="bbox 30 2534 1194 2623">
     <span class='ocr_line' id='line_1_22' title="bbox 30 2534 1194 2623; baseline 0.003 -20"><span class='ocrx_word' id='word_1_169' title='bbox 30 2534 33 2538; x_wconf 42' lang='lat'><strong><em>¹</em></strong></span> <span class='ocrx_word' id='word_1_170' title='bbox 143 2564 262 2606; x_wconf 85' lang='lat' dir='ltr'><strong><em>rerum</em></strong></span> <span class='ocrx_word' id='word_1_171' title='bbox 274 2541 447 2620; x_wconf 84' lang='lat' dir='ltr'><strong><em>discrepat</em></strong></span> <span class='ocrx_word' id='word_1_172' title='bbox 461 2543 593 2612; x_wconf 90' lang='lat' dir='ltr'><strong><em>solum,</em></strong></span> <span class='ocrx_word' id='word_1_173' title='bbox 611 2541 672 2600; x_wconf 82' lang='lat' dir='ltr'><strong><em>sed</em></strong></span> <span class='ocrx_word' id='word_1_174' title='bbox 691 2541 866 2602; x_wconf 82' lang='lat' dir='ltr'><strong><em>orationes</em></strong></span> <span class='ocrx_word' id='word_1_175' title='bbox 879 2562 1030 2623; x_wconf 85' lang='lat' dir='ltr'><strong><em>quoque,</em></strong></span> <span class='ocrx_word' id='word_1_176' title='bbox 1049 2543 1079 2605; x_wconf 85' lang='lat' dir='ltr'><strong><em>si</em></strong></span> <span class='ocrx_word' id='word_1_177' title='bbox 1092 2546 1194 2607; x_wconf 74' lang='lat' dir='ltr'><strong><em>morlo</em></strong></span> 
     </span>
    </p>
   </div>
   <div class='ocr_carea' id='block_1_7' title="bbox 142 2638 1195 4359">
    <p class='ocr_par' dir='ltr' id='par_1_8' title="bbox 142 2638 1195 3138">
     <span class='ocr_line' id='line_1_23' title="bbox 143 2638 1195 2731; baseline -0.003 -24"><span class='ocrx_word' id='word_1_178' title='bbox 143 2644 301 2726; x_wconf 83' lang='lat' dir='ltr'><strong><em>ipsorum</em></strong></span> <span class='ocrx_word' id='word_1_179' title='bbox 314 2652 413 2714; x_wconf 85' lang='lat' dir='ltr'><strong><em>sunt,</em></strong></span> <span class='ocrx_word' id='word_1_180' title='bbox 432 2638 704 2731; x_wconf 77' lang='lat' dir='ltr'><strong><em>quaeseruntur</em></strong></span> <span class='ocrx_word' id='word_1_181' title='bbox 712 2685 721 2714; x_wconf 91' lang='lat'><strong><em>,</em></strong></span> <span class='ocrx_word' id='word_1_182' title='bbox 735 2645 773 2705; x_wconf 91' lang='grc' dir='ltr'><strong>Ρ.</strong></span> <span class='ocrx_word' id='word_1_183' title='bbox 788 2641 959 2722; x_wconf 74' lang='lat' dir='ltr'><strong><em>Scipionis</em></strong></span> <span class='ocrx_word' id='word_1_184' title='bbox 972 2655 1005 2704; x_wconf 89' lang='lat' dir='ltr'><strong><em>et</em></strong></span> <span class='ocrx_word' id='word_1_185' title='bbox 1017 2645 1075 2706; x_wconf 84' lang='lat' dir='ltr'><strong><em>Ti.</em></strong></span> <span class='ocrx_word' id='word_1_186' title='bbox 1088 2645 1195 2706; x_wconf 83' lang='lat' dir='ltr'><strong><em>Grac·</em></strong></span> 
     </span>
     <span class='ocr_line' id='line_1_24' title="bbox 142 2743 1195 2828; baseline 0.002 -20"><span class='ocrx_word' id='word_1_187' title='bbox 142 2747 199 2810; x_wconf 86' lang='lat' dir='ltr'><strong><em>chi</em></strong></span> <span class='ocrx_word' id='word_1_188' title='bbox 225 2745 411 2808; x_wconf 82' lang='lat' dir='ltr'><strong><em>abhorrent</em></strong></span> <span class='ocrx_word' id='word_1_189' title='bbox 433 2743 524 2806; x_wconf 85' lang='lat' dir='ltr'><strong><em>inter</em></strong></span> <span class='ocrx_word' id='word_1_190' title='bbox 546 2765 596 2806; x_wconf 87' lang='lat' dir='ltr'><strong><em>se.</em></strong></span> <span class='ocrx_word' id='word_1_191' title='bbox 629 2745 742 2808; x_wconf 78' lang='lat' dir='ltr'><strong><em>Index</em></strong></span> <span class='ocrx_word' id='word_1_192' title='bbox 766 2745 938 2808; x_wconf 85' lang='lat' dir='ltr'><strong><em>orationis</em></strong></span> <span class='ocrx_word' id='word_1_193' title='bbox 968 2749 1005 2809; x_wconf 89' lang='lat' dir='ltr'><strong><em>P.</em></strong></span> <span class='ocrx_word' id='word_1_194' title='bbox 1025 2746 1195 2828; x_wconf 80' lang='lat' dir='ltr'><strong><em>Scipionis</em></strong></span> 
     </span>
     <span class='ocr_line' id='line_1_25' title="bbox 144 2846 1195 2928; baseline 0.002 -16"><span class='ocrx_word' id='word_1_195' title='bbox 144 2869 266 2913; x_wconf 86' lang='lat' dir='ltr'><strong><em>nomen</em></strong></span> <span class='ocrx_word' id='word_1_196' title='bbox 282 2851 337 2912; x_wconf 83' lang='lat' dir='ltr'><strong><em>M.</em></strong></span> <span class='ocrx_word' id='word_1_197' title='bbox 354 2847 480 2912; x_wconf 87' lang='lat' dir='ltr'><strong><em>Naevii</em></strong></span> <span class='ocrx_word' id='word_1_198' title='bbox 494 2846 625 2909; x_wconf 86' lang='lat' dir='ltr'><strong><em>tribuni</em></strong></span> <span class='ocrx_word' id='word_1_199' title='bbox 637 2848 746 2928; x_wconf 70' lang='lat' dir='ltr'><strong><em>plebis</em></strong></span> <span class='ocrx_word' id='word_1_200' title='bbox 763 2848 881 2921; x_wconf 82' lang='lat' dir='ltr'><strong><em>habet,</em></strong></span> <span class='ocrx_word' id='word_1_201' title='bbox 900 2849 977 2928; x_wconf 85' lang='lat' dir='ltr'><strong><em>ipsa</em></strong></span> <span class='ocrx_word' id='word_1_202' title='bbox 990 2849 1110 2913; x_wconf 78' lang='lat' dir='ltr'><strong><em>oratio</em></strong></span> <span class='ocrx_word' id='word_1_203' title='bbox 1121 2848 1195 2914; x_wconf 86' lang='lat' dir='ltr'><strong><em>sine</em></strong></span> 
     </span>
     <span class='ocr_line' id='line_1_26' title="bbox 144 2950 1194 3026; baseline 0.002 -12"><span class='ocrx_word' id='word_1_204' title='bbox 144 2951 281 3014; x_wconf 91' lang='lat' dir='ltr'><strong><em>nomine</em></strong></span> <span class='ocrx_word' id='word_1_205' title='bbox 303 2962 353 3014; x_wconf 84' lang='lat' dir='ltr'><strong><em>est</em></strong></span> <span class='ocrx_word' id='word_1_206' title='bbox 376 2950 609 3025; x_wconf 83' lang='lat' dir='ltr'><strong><em>accusatoris,</em></strong></span> <span class='ocrx_word' id='word_1_207' title='bbox 634 2951 835 3014; x_wconf 84' lang='lat' dir='ltr'><strong><em>nebulonem</em></strong></span> <span class='ocrx_word' id='word_1_208' title='bbox 856 2951 978 3026; x_wconf 83' lang='lat' dir='ltr'><strong><em>modo,</em></strong></span> <span class='ocrx_word' id='word_1_209' title='bbox 1005 2953 1107 3018; x_wconf 83' lang='lat' dir='ltr'><strong><em>modo</em></strong></span> <span class='ocrx_word' id='word_1_210' title='bbox 1132 2974 1194 3016; x_wconf 88' lang='lat' dir='ltr'><strong><em>nu·</em></strong></span> 
     </span>
     <span class='ocr_line' id='line_1_27' title="bbox 143 3055 483 3138; baseline -0.006 -22"><span class='ocrx_word' id='word_1_211' title='bbox 143 3065 303 3138; x_wconf 73' lang='lat' dir='ltr'><strong><em>gatonem</em></strong></span> <span class='ocrx_word' id='word_1_212' title='bbox 317 3055 483 3133; x_wconf 87' lang='lat' dir='ltr'><strong><em>appellat.</em></strong></span> 
     </span>
    </p>

    <p class='ocr_par' dir='ltr' id='par_1_9' title="bbox 143 3153 1193 4054">
     <span class='ocr_line' id='line_1_28' title="bbox 210 3153 1193 3240; baseline 0.005 -22"><span class='ocrx_word' id='word_1_213' title='bbox 210 3158 313 3228; x_wconf 80' lang='lat' dir='ltr'><strong><em>Patet,</em></strong></span> <span class='ocrx_word' id='word_1_214' title='bbox 330 3153 507 3229; x_wconf 82' lang='lat' dir='ltr'><strong><em>orationes,</em></strong></span> <span class='ocrx_word' id='word_1_215' title='bbox 524 3177 605 3239; x_wconf 78' lang='lat' dir='ltr'><strong><em>quae</em></strong></span> <span class='ocrx_word' id='word_1_216' title='bbox 624 3156 722 3237; x_wconf 82' lang='lat' dir='ltr'><strong><em>vulgo</em></strong></span> <span class='ocrx_word' id='word_1_217' title='bbox 740 3159 957 3232; x_wconf 73' lang='lat' dir='ltr'><strong><em>tradebantur,</em></strong></span> <span class='ocrx_word' id='word_1_218' title='bbox 977 3159 1018 3222; x_wconf 88' lang='grc' dir='ltr'><strong><em>Ρ.</em></strong></span> <span class='ocrx_word' id='word_1_219' title='bbox 1031 3157 1193 3240; x_wconf 72' lang='lat' dir='ltr'><strong><em>Scipionis</em></strong></span> 
     </span>
     <span class='ocr_line' id='line_1_29' title="bbox 145 3255 1193 3340; baseline 0.007 -21"><span class='ocrx_word' id='word_1_220' title='bbox 145 3267 176 3319; x_wconf 83' lang='lat' dir='ltr'><strong><em>et</em></strong></span> <span class='ocrx_word' id='word_1_221' title='bbox 194 3255 248 3320; x_wconf 84' lang='lat' dir='ltr'><strong><em>Ti.</em></strong></span> <span class='ocrx_word' id='word_1_222' title='bbox 261 3257 403 3320; x_wconf 87' lang='lat' dir='ltr'><strong><em>Gracchi</em></strong></span> <span class='ocrx_word' id='word_1_223' title='bbox 414 3278 478 3320; x_wconf 90' lang='lat' dir='ltr'><strong><em>non</em></strong></span> <span class='ocrx_word' id='word_1_224' title='bbox 494 3261 633 3322; x_wconf 75' lang='lat' dir='ltr'><strong><em>eamdnn</em></strong></span> <span class='ocrx_word' id='word_1_225' title='bbox 646 3280 770 3320; x_wconf 86' lang='lat' dir='ltr'><strong><em>causam</em></strong></span> <span class='ocrx_word' id='word_1_226' title='bbox 786 3271 942 3340; x_wconf 83' lang='lat' dir='ltr'><strong><em>spectare,</em></strong></span> <span class='ocrx_word' id='word_1_227' title='bbox 962 3282 1019 3323; x_wconf 86' lang='lat' dir='ltr'><strong><em>nec</em></strong></span> <span class='ocrx_word' id='word_1_228' title='bbox 1033 3265 1070 3324; x_wconf 85' lang='lat' dir='ltr'><strong><em>de</em></strong></span> <span class='ocrx_word' id='word_1_229' title='bbox 1084 3264 1193 3326; x_wconf 82' lang='lat' dir='ltr'><strong><em>eadem</em></strong></span> 
     </span>
     <span class='ocr_line' id='line_1_30' title="bbox 145 3357 1192 3444; baseline 0.004 -22"><span class='ocrx_word' id='word_1_230' title='bbox 145 3357 202 3422; x_wconf 81' lang='lat' dir='ltr'><strong><em>lite</em></strong></span> <span class='ocrx_word' id='word_1_231' title='bbox 222 3358 253 3424; x_wconf 90' lang='lat' dir='ltr'><strong><em>io</em></strong></span> <span class='ocrx_word' id='word_1_232' title='bbox 278 3370 410 3443; x_wconf 80' lang='lat' dir='ltr'><strong><em>utraque</em></strong></span> <span class='ocrx_word' id='word_1_233' title='bbox 432 3357 500 3442; x_wconf 81' lang='lat' dir='ltr'><strong><em>agi,</em></strong></span> <span class='ocrx_word' id='word_1_234' title='bbox 521 3363 578 3422; x_wconf 83' lang='lat' dir='ltr'><strong><em>scd</em></strong></span> <span class='ocrx_word' id='word_1_235' title='bbox 598 3360 696 3426; x_wconf 82' lang='lat' dir='ltr'><strong><em>altera</em></strong></span> <span class='ocrx_word' id='word_1_236' title='bbox 720 3363 762 3426; x_wconf 93' lang='grc' dir='ltr'><strong><em>Ρ.</em></strong></span> <span class='ocrx_word' id='word_1_237' title='bbox 777 3361 937 3444; x_wconf 85' lang='lat' dir='ltr'><strong><em>Scipionis</em></strong></span> <span class='ocrx_word' id='word_1_238' title='bbox 957 3363 1192 3427; x_wconf 80' lang='lat' dir='ltr'><strong><em>accusationem</em></strong></span> 
     </span>
     <span class='ocr_line' id='line_1_31' title="bbox 145 3461 1192 3546; baseline 0 -20"><span class='ocrx_word' id='word_1_239' title='bbox 145 3461 308 3526; x_wconf 82' lang='lat' dir='ltr'><strong><em>M.Naevii</em></strong></span> <span class='ocrx_word' id='word_1_240' title='bbox 317 3461 437 3526; x_wconf 83' lang='lat' dir='ltr'><strong><em>tribuni</em></strong></span> <span class='ocrx_word' id='word_1_241' title='bbox 448 3461 677 3546; x_wconf 84' lang='lat' dir='ltr'><strong><em>plebisquacin</em></strong></span> <span class='ocrx_word' id='word_1_242' title='bbox 686 3485 716 3526; x_wconf 82' lang='lat' dir='ltr'><strong><em>a.</em></strong></span> <span class='ocrx_word' id='word_1_243' title='bbox 727 3465 787 3528; x_wconf 79' lang='grc'><strong><em>559</em></strong></span> <span class='ocrx_word' id='word_1_244' title='bbox 798 3465 887 3544; x_wconf 83' lang='grc'>(185)</span> <span class='ocrx_word' id='word_1_245' title='bbox 897 3465 993 3541; x_wconf 86' lang='lat' dir='ltr'><strong><em>cadit,</em></strong></span> <span class='ocrx_word' id='word_1_246' title='bbox 1005 3464 1133 3540; x_wconf 85' lang='lat' dir='ltr'><strong><em>refellit,</em></strong></span> <span class='ocrx_word' id='word_1_247' title='bbox 1148 3466 1192 3528; x_wconf 87' lang='lat' dir='ltr'><strong><em>al·</em></strong></span> 
     </span>
     <span class='ocr_line' id='line_1_32' title="bbox 143 3563 1191 3650; baseline 0.004 -24"><span class='ocrx_word' id='word_1_248' title='bbox 143 3573 211 3626; x_wconf 82' lang='lat' dir='ltr'><strong><em>tera</em></strong></span> <span class='ocrx_word' id='word_1_249' title='bbox 225 3563 278 3626; x_wconf 86' lang='lat' dir='ltr'><strong><em>Ti.</em></strong></span> <span class='ocrx_word' id='word_1_250' title='bbox 294 3564 434 3628; x_wconf 83' lang='lat' dir='ltr'><strong><em>Gracchi</em></strong></span> <span class='ocrx_word' id='word_1_251' title='bbox 454 3563 486 3626; x_wconf 89' lang='lat' dir='ltr'><strong><em>io</em></strong></span> <span class='ocrx_word' id='word_1_252' title='bbox 507 3564 560 3628; x_wconf 86' lang='lat' dir='ltr'><strong><em>ilia</em></strong></span> <span class='ocrx_word' id='word_1_253' title='bbox 580 3587 671 3628; x_wconf 83' lang='lat' dir='ltr'><strong><em>causa</em></strong></span> <span class='ocrx_word' id='word_1_254' title='bbox 692 3578 848 3640; x_wconf 78' lang='lat' dir='ltr'><strong><em>versatur,</em></strong></span> <span class='ocrx_word' id='word_1_255' title='bbox 869 3588 951 3650; x_wconf 81' lang='lat' dir='ltr'><strong><em>quae</em></strong></span> <span class='ocrx_word' id='word_1_256' title='bbox 964 3580 1033 3630; x_wconf 78' lang='lat' dir='ltr'><strong><em>orta</em></strong></span> <span class='ocrx_word' id='word_1_257' title='bbox 1046 3579 1105 3644; x_wconf 81' lang='lat' dir='ltr'><strong><em>est,</em></strong></span> <span class='ocrx_word' id='word_1_258' title='bbox 1120 3590 1191 3630; x_wconf 88' lang='lat' dir='ltr'><strong><em>cum</em></strong></span> 
     </span>
     <span class='ocr_line' id='line_1_33' title="bbox 146 3665 1192 3750; baseline 0.002 -20"><span class='ocrx_word' id='word_1_259' title='bbox 146 3665 256 3746; x_wconf 87' lang='lat' dir='ltr'><strong><em>Scipio</em></strong></span> <span class='ocrx_word' id='word_1_260' title='bbox 267 3666 402 3730; x_wconf 84' lang='lat' dir='ltr'><strong><em>Lucium</em></strong></span> <span class='ocrx_word' id='word_1_261' title='bbox 416 3668 547 3730; x_wconf 78' lang='lat' dir='ltr'><strong><em>fratrem</em></strong></span> <span class='ocrx_word' id='word_1_262' title='bbox 561 3670 600 3728; x_wconf 83' lang='lat' dir='ltr'><strong><em>ab</em></strong></span> <span class='ocrx_word' id='word_1_263' title='bbox 612 3667 736 3730; x_wconf 79' lang='lat' dir='ltr'><strong><em>iniuriis</em></strong></span> <span class='ocrx_word' id='word_1_264' title='bbox 752 3668 954 3732; x_wconf 83' lang='lat' dir='ltr'><strong><em>tribunorum</em></strong></span> <span class='ocrx_word' id='word_1_265' title='bbox 967 3668 1069 3750; x_wconf 85' lang='lat' dir='ltr'><strong><em>plebis</em></strong></span> <span class='ocrx_word' id='word_1_266' title='bbox 1081 3670 1192 3734; x_wconf 83' lang='lat' dir='ltr'><strong><em>delen-</em></strong></span> 
     </span>
     <span class='ocr_line' id='line_1_34' title="bbox 145 3767 1192 3853; baseline 0.005 -23"><span class='ocrx_word' id='word_1_267' title='bbox 145 3767 260 3844; x_wconf 74' lang='lat' dir='ltr'><strong><em>diaset,</em></strong></span> <span class='ocrx_word' id='word_1_268' title='bbox 282 3769 314 3831; x_wconf 89' lang='lat' dir='ltr'><strong><em>id</em></strong></span> <span class='ocrx_word' id='word_1_269' title='bbox 333 3771 419 3853; x_wconf 88' lang='lat' dir='ltr'><strong><em>quod</em></strong></span> <span class='ocrx_word' id='word_1_270' title='bbox 437 3780 502 3830; x_wconf 85' lang='lat' dir='ltr'><strong><em>turn</em></strong></span> <span class='ocrx_word' id='word_1_271' title='bbox 524 3767 656 3845; x_wconf 87' lang='lat' dir='ltr'><strong><em>accidit,</em></strong></span> <span class='ocrx_word' id='word_1_272' title='bbox 681 3792 749 3832; x_wconf 88' lang='lat' dir='ltr'><strong><em>cum</em></strong></span> <span class='ocrx_word' id='word_1_273' title='bbox 768 3771 936 3832; x_wconf 76' lang='lat' dir='ltr'><strong><em>Gracchus</em></strong></span> <span class='ocrx_word' id='word_1_274' title='bbox 958 3771 1025 3850; x_wconf 87' lang='lat' dir='ltr'><strong><em>ipse</em></strong></span> <span class='ocrx_word' id='word_1_275' title='bbox 1047 3771 1192 3836; x_wconf 76' lang='lat' dir='ltr'><strong><em>tribunus</em></strong></span> 
     </span>
     <span class='ocr_line' id='line_1_35' title="bbox 145 3870 1191 3954; baseline 0.003 -23"><span class='ocrx_word' id='word_1_276' title='bbox 145 3871 190 3954; x_wconf 85' lang='lat' dir='ltr'><strong><em>pi.</em></strong></span> <span class='ocrx_word' id='word_1_277' title='bbox 207 3883 274 3934; x_wconf 78' lang='lat' dir='ltr'><strong><em>erat</em></strong></span> <span class='ocrx_word' id='word_1_278' title='bbox 289 3892 317 3940; x_wconf 84' lang='lat' dir='ltr'><strong><em>a.</em></strong></span> <span class='ocrx_word' id='word_1_279' title='bbox 338 3873 412 3934; x_wconf 80' lang='lat'>567.</span> <span class='ocrx_word' id='word_1_280' title='bbox 444 3870 615 3936; x_wconf 85' lang='lat' dir='ltr'><strong><em>Fischerus</em></strong></span> <span class='ocrx_word' id='word_1_281' title='bbox 635 3883 737 3932; x_wconf 82' lang='lat' dir='ltr'><strong><em>autem</em></strong></span> <span class='ocrx_word' id='word_1_282' title='bbox 758 3873 949 3951; x_wconf 75' lang='lat' dir='ltr'><strong><em>(Rlimische</em></strong></span> <span class='ocrx_word' id='word_1_283' title='bbox 967 3873 1140 3938; x_wconf 83' lang='lat' dir='ltr'><strong><em>Zeittafeln</em></strong></span> <span class='ocrx_word' id='word_1_284' title='bbox 1157 3895 1191 3954; x_wconf 92' lang='lat' dir='ltr'><strong><em>p.</em></strong></span> 
     </span>
     <span class='ocr_line' id='line_1_36' title="bbox 148 3972 1190 4054; baseline -0.002 -18"><span class='ocrx_word' id='word_1_285' title='bbox 148 3975 222 4052; x_wconf 81' lang='lat'>105)</span> <span class='ocrx_word' id='word_1_286' title='bbox 239 3973 417 4038; x_wconf 85' lang='lat' dir='ltr'><strong><em>orationem</em></strong></span> <span class='ocrx_word' id='word_1_287' title='bbox 439 3972 600 4054; x_wconf 78' lang='lat' dir='ltr'><strong><em>Scipionis</em></strong></span> <span class='ocrx_word' id='word_1_288' title='bbox 615 3994 698 4044; x_wconf 81' lang='lat' dir='ltr'><strong><em>anno</em></strong></span> <span class='ocrx_word' id='word_1_289' title='bbox 711 3975 769 4038; x_wconf 69' lang='lat'><strong><em>567</em></strong></span> <span class='ocrx_word' id='word_1_290' title='bbox 783 3976 874 4052; x_wconf 89' lang='grc'>(187)</span> <span class='ocrx_word' id='word_1_291' title='bbox 887 3976 1003 4038; x_wconf 80' lang='lat' dir='ltr'><strong><em>dictam</em></strong></span> <span class='ocrx_word' id='word_1_292' title='bbox 1018 3974 1190 4036; x_wconf 80' lang='lat' dir='ltr'><strong><em>existimat.</em></strong></span> 
     </span>
    </p>

    <p class='ocr_par' dir='ltr' id='par_1_10' title="bbox 145 4074 1195 4359">
     <span class='ocr_line' id='line_1_37' title="bbox 209 4074 1193 4160; baseline -0.001 -23"><span class='ocrx_word' id='word_1_293' title='bbox 209 4074 326 4137; x_wconf 84' lang='lat' dir='ltr'><strong><em>Livius</em></strong></span> <span class='ocrx_word' id='word_1_294' title='bbox 342 4075 393 4148; x_wconf 82' lang='lat'><strong><em>39,</em></strong></span> <span class='ocrx_word' id='word_1_295' title='bbox 413 4077 466 4138; x_wconf 77' lang='lat'><strong><em>52.</em></strong></span> <span class='ocrx_word' id='word_1_296' title='bbox 490 4076 683 4158; x_wconf 80' lang='lat' dir='ltr'><strong><em>Scipionem</em></strong></span> <span class='ocrx_word' id='word_1_297' title='bbox 695 4088 727 4138; x_wconf 87' lang='lat' dir='ltr'><strong><em>et</em></strong></span> <span class='ocrx_word' id='word_1_298' title='bbox 739 4078 904 4160; x_wconf 70' lang='lat' dir='ltr'><strong><em>Polybius</em></strong></span> <span class='ocrx_word' id='word_1_299' title='bbox 918 4087 953 4138; x_wconf 84' lang='lat' dir='ltr'><strong><em>et</em></strong></span> <span class='ocrx_word' id='word_1_300' title='bbox 965 4076 1118 4154; x_wconf 84' lang='lat' dir='ltr'><strong><em>Rutilius</em></strong></span> <span class='ocrx_word' id='word_1_301' title='bbox 1130 4079 1193 4136; x_wconf 84' lang='lat' dir='ltr'><strong><em>hoc</em></strong></span> 
     </span>
     <span class='ocr_line' id='line_1_38' title="bbox 145 4175 1193 4261; baseline -0.002 -21"><span class='ocrx_word' id='word_1_302' title='bbox 145 4197 238 4240; x_wconf 88' lang='lat' dir='ltr'><strong><em>anno</em></strong></span> <span class='ocrx_word' id='word_1_303' title='bbox 249 4177 340 4257; x_wconf 85' lang='grc'>(571)</span> <span class='ocrx_word' id='word_1_304' title='bbox 353 4187 527 4238; x_wconf 85' lang='lat' dir='ltr'><strong><em>mortuum</em></strong></span> <span class='ocrx_word' id='word_1_305' title='bbox 538 4176 706 4240; x_wconf 87' lang='lat' dir='ltr'><strong><em>scribunt..</em></strong></span> <span class='ocrx_word' id='word_1_306' title='bbox 730 4181 809 4259; x_wconf 81' lang='lat' dir='ltr'><strong><em>Ego</em></strong></span> <span class='ocrx_word' id='word_1_307' title='bbox 820 4200 927 4261; x_wconf 78' lang='lat' dir='ltr'><strong><em>neque</em></strong></span> <span class='ocrx_word' id='word_1_308' title='bbox 939 4175 993 4236; x_wconf 82' lang='lat' dir='ltr'><strong><em>his</em></strong></span> <span class='ocrx_word' id='word_1_309' title='bbox 1003 4194 1111 4258; x_wconf 80' lang='lat' dir='ltr'><strong><em>neque</em></strong></span> <span class='ocrx_word' id='word_1_310' title='bbox 1124 4181 1193 4240; x_wconf 85' lang='lat' dir='ltr'><strong><em>Va-</em></strong></span> 
     </span>
     <span class='ocr_line' id='line_1_39' title="bbox 145 4273 1195 4359; baseline -0.001 -17"><span class='ocrx_word' id='word_1_311' title='bbox 145 4281 232 4343; x_wconf 84' lang='lat' dir='ltr'><strong><em>lerio</em></strong></span> <span class='ocrx_word' id='word_1_312' title='bbox 243 4277 434 4350; x_wconf 76' lang='lat' dir='ltr'><strong><em>adsentior,</em></strong></span> <span class='ocrx_word' id='word_1_313' title='bbox 446 4275 519 4349; x_wconf 51' lang='lat' dir='ltr'><strong><em>¹his,</em></strong></span> <span class='ocrx_word' id='word_1_314' title='bbox 531 4277 624 4359; x_wconf 81' lang='lat' dir='ltr'><strong><em>quod</em></strong></span> <span class='ocrx_word' id='word_1_315' title='bbox 637 4277 836 4340; x_wconf 82' lang='lat' dir='ltr'><strong><em>censoribus</em></strong></span> <span class='ocrx_word' id='word_1_316' title='bbox 849 4283 903 4342; x_wconf 90' lang='lat' dir='ltr'><strong><em>M.</em></strong></span> <span class='ocrx_word' id='word_1_317' title='bbox 912 4273 1036 4342; x_wconf 89' lang='lat' dir='ltr'><strong><em>Porcio</em></strong></span> <span class='ocrx_word' id='word_1_318' title='bbox 1048 4280 1195 4344; x_wconf 85' lang='lat' dir='ltr'><strong><em>L.Vole-</em></strong></span> 
     </span>
    </p>
   </div>
   <div class='ocr_carea' id='block_1_8' title="bbox 0 0 1492 4836">
    <p class='ocr_par' dir='ltr' id='par_1_11' title="bbox 0 0 1492 4836">
     <span class='ocr_line' id='line_1_40' title="bbox 0 0 1492 4836; baseline 0 0"><span class='ocrx_word' id='word_1_319' title='bbox 0 0 1492 4836; x_wconf 95' lang='lat' dir='ltr'><strong><em> </em></strong></span> 
     </span>
    </p>
   </div>
  </div>
 </body>
</html>
