2992 4840
470 520 606 580 XXXIII.
639 523 678 582 Μ.
703 524 766 580 Cato
787 523 825 581 Μ.
849 527 869 592 t·
889 521 928 582 Μ.
951 539 978 579 n.

264 682 387 747 Consul
410 704 438 744 a.
457 682 517 743 636
534 683 634 761 (118).
671 683 735 745 Hic
752 695 895 746 oratura
915 681 1077 746 Cicerone
1095 683 1126 746 in
1147 684 1248 744 Bruto

199 785 454 869 praetenuissus.

265 923 388 987 Gellius
412 924 469 987 lib.
495 925 551 1000 13,
577 925 627 987 19.
674 929 733 989 Ex
763 926 893 987 maiore
917 925 1058 989 Catonis
1086 923 1250 1008 (censorii)

192 1028 295 1105 fllia,
321 1027 379 1111 qui
400 1040 543 1108 praetor
563 1028 765 1110 designatus
784 1039 885 1109 patre
903 1028 977 1090 viro
1004 1041 1162 1092 mortuus
1185 1041 1246 1103 est,

200 1143 233 1193 et
255 1130 416 1213 egregios
440 1130 481 1192 de
508 1130 596 1193 iuris
619 1131 802 1212 disciplina
826 1131 932 1192 libros
953 1131 1110 1214 reliquit,
1136 1133 1247 1192 nasci-

200 1247 258 1296 tur
280 1233 352 1306 hic,
378 1233 418 1292 <te
442 1254 509 1316 quo
533 1233 731 1315 quaeritur,
757 1235 812 1294 M.
832 1236 934 1305 Cato,
966 1237 1021 1296 M.
1043 1231 1167 1308 filius,
1192 1237 1247 1298 M.

200 1357 319 1416 nepos.
357 1337 393 1398 ls
416 1335 502 1396 sutis
526 1337 702 1396 vehemens
724 1331 936 1422 oratorsnit
958 1337 1150 1418 multasque
1170 1358 1249 1398 ora-

200 1437 312 1499 tiones
338 1436 384 1497 nd
412 1441 608 1518 exernplum
635 1436 691 1498 aui
717 1437 865 1518 scriptas
891 1436 1045 1520 reliquit,
1071 1449 1104 1498 et
1132 1441 1252 1498 consul

201 1561 279 1601 cum
310 1543 352 1623 Q.
378 1540 518 1602 Marcio
540 1543 634 1622 Rege
652 1537 758 1628 fuit,
795 1539 896 1622 inque
926 1562 966 1600 eo
1001 1544 1183 1602 consulatu
1215 1541 1249 1601 in

204 1639 368 1730 Africam
393 1638 594 1729 profectus,
620 1641 655 1702 in
681 1663 722 1702 ea
741 1641 923 1724 provincia
950 1655 1094 1704 inertem
1118 1643 1213 1705 obiit.

204 1921 230 1976 1.
262 1918 360 1975 Oratio
383 1921 419 1975 dc
442 1919 604 1975 actionibus
628 1922 664 1978 ad
686 1921 846 1992 poputum,
877 1937 912 1977 ne
940 1923 987 1977 lex
1010 1937 1062 1976 sua
1087 1922 1250 1992 abrogetur.

268 2067 386 2131 Nescio
414 2089 452 2130 an
479 2068 675 2153 intelligatur
700 2071 754 2132 lex
782 2071 904 2134 Porcia
935 2073 972 2132 de
999 2069 1250 2151 provocatione.

205 2171 340 2234 Constat
367 2183 489 2246 autem,
524 2183 588 2233 tres
611 2171 708 2233 fuisse
733 2175 771 2235 de
798 2174 1033 2254 provocatione
1056 2172 1143 2253 leges
1169 2174 1253 2235 Por-

204 2273 281 2336 cias.
329 2273 448 2338 Cicero
469 2275 519 2337 De
540 2273 720 2354 Republica
743 2277 784 2349 -ἳ,
808 2276 861 2336 at.
896 2277 1032 2358 „Neque
1059 2298 1139 2337 vero
1160 2278 1254 2358 leges
1310 2309 1314 2315 ·

207 2376 366 2451 Porciae,
391 2398 479 2460 quae
503 2389 574 2438 tres
596 2389 677 2438 sunt
700 2363 1053 2449 crium'Porciorum,
1079 2389 1117 2437 ut
1137 2377 1250 2448 scitis,

209 2477 396 2562 quidquam
429 2491 570 2561 praeter
601 2479 810 2540 sanctionem
845 2481 1036 2540 attulerant
1073 2477 1185 2539 novi.“
1214 2512 1252 2522 ·-

207 2581 256 2644 De
286 2580 471 2643 auctoribus
495 2583 606 2642 harum
633 2579 739 2662 legum
768 2582 872 2641 adhuc
896 2577 1082 2661 ambigitur.
1122 2577 1253 2641 Certum

204 2704 272 2745 csse
299 2683 440 2758 videtur,
472 2686 513 2746 P.
538 2681 690 2746 Porcium
717 2685 856 2744 Laecam
886 2681 1046 2744 tribunum
1075 2681 1121 2762 pl.
1142 2703 1170 2743 a.
1193 2683 1253 2742 556

204 2806 297 2846 unam
325 2785 434 2848 tulisse
456 2784 536 2868 (vil.
565 2805 662 2865 supra
684 2807 718 2866 p.
737 2785 807 2863 20),
837 2788 892 2847 sed
916 2787 954 2846 dc
980 2783 1112 2869 reliquis
1136 2785 1256 2844 duabus

206 2885 285 2948 nihil
312 2899 448 2950 constat.
495 2891 554 2950 Est
579 2886 680 2970 igitur
707 2887 901 2961 verisimile,
938 2888 990 2948 M.
1015 2886 1171 2950 Catonem
1201 2887 1253 2948 M.

205 2989 231 3050 s.
256 2991 309 3051 M.
335 3011 366 3051 n.
391 2990 522 3052 alteram
547 2991 649 3072 legem
678 2989 828 3052 Porciam
855 2989 1097 3071 promulgasse,
1128 2999 1159 3048 et
1184 3009 1254 3050 cum

205 3089 291 3152 forte
314 3091 483 3175 aliquando
507 3095 544 3153 dc
569 3112 606 3152 ca
632 3093 817 3175 abroganda
852 3093 1043 3166 referretur,
1078 3090 1254 3154 orationem

206 3213 276 3253 cum
303 3192 464 3268 habuisse,
489 3215 527 3256 ue
552 3192 585 3255 it
610 3195 713 3257 fieret.

238 3343 341 3394 praeter
355 3337 521 3396 sanctionem]
542 3340 648 3398 G'otiling
662 3341 690 3384 G.
706 3343 729 3384 d.
744 3345 807 3384 torn.
822 3343 929 3389 Staatsv.
944 3355 967 3396 p.
982 3340 1041 3386 1427.
1062 3343 1123 3396 „Die
1137 3339 1257 3384 Sanction

279 3427 339 3468 kann
363 3427 415 3469 hier
440 3427 516 3470 nichts
543 3428 642 3471 asideres
668 3429 779 3488 hcisseu,
806 3432 841 3472 ets
862 3433 900 3474 die
926 3428 1054 3488 Weihung
1079 3429 1123 3472 des
1147 3427 1258 3484 Hauptes

277 3514 433 3571 desjenigen‚
463 3515 566 3557 wetenu·
594 3518 699 3574 dagegeu
726 3519 842 3561 verstiisst
870 3520 915 3561 und
940 3519 976 3562 die
1004 3518 1165 3562 Provocation
1191 3517 1258 3560 sities

277 3601 412 3644 romischcn
427 3602 532 3658 liiirgers
551 3603 616 3646 nicht
634 3604 751 3648 heachtet.

274 3775 460 3840 Priscianus
485 3788 508 3836 t.
528 3780 558 3837 1.
584 3799 618 3857 p.
636 3780 709 3842 110.
756 3779 784 3838 A
811 3799 914 3860 saepe
936 3778 1091 3840 adverbio
1116 3776 1259 3858 superla-

208 3874 308 3938 tivum
335 3876 442 3958 posuit
470 3882 556 3942 Cato
582 3901 688 3961 nepos
716 3879 756 3940 cle
780 3879 975 3942 actionibus
1002 3881 1049 3941 ad
1071 3879 1256 3960 populum,

209 3998 250 4040 ne
270 3981 329 4040 lex
352 4001 418 4043 sua
439 3981 646 4062 abrogetur:
669 3981 779 4043 Facile
803 3983 895 4044 vobis
920 3982 955 4043 in.
971 3993 1116 4041 mentem
1131 3977 1256 4052 veniat,

207 4079 386 4161 Quirites,
418 4104 465 4144 ex
491 4104 571 4145 aere
596 4080 708 4142 alieno
737 4083 773 4143 in
800 4085 864 4144 hac
890 4081 1025 4143 ciuitate
1057 4092 1090 4138 et
1114 4079 1150 4139 in
1179 4081 1259 4143 aliis

209 4181 368 4246 omnibus
389 4197 535 4265 propter
557 4183 647 4246 diem
670 4195 771 4265 atque
785 4182 903 4273 fenus
925 4179 1165 4262 saepissimam
1188 4183 1259 4246 clis-

208 4283 512 4374 cordiamfaisse.
