2976 4844
250 361 290 424 92

250 519 431 600 superiore
463 539 627 581 numerus
656 517 895 580 tantammodo
922 515 1141 580 coenantium
1166 517 1298 580 cohibe-

250 622 364 696 batur,
393 622 580 704 licebatque
607 622 793 682 nectendum
816 641 893 681 eam
916 618 1101 702 unicuique
1122 620 1213 682 bona
1233 641 1298 682 sua

250 725 339 786 inter
359 746 491 806 [reticos
513 745 729 796 consumere,
756 723 888 786 Fannia
909 735 1026 784 antem
1048 722 1154 784 etiam
1175 723 1297 785 sumti·

250 827 312 890 bus
341 828 479 890 modum
499 825 589 913 fecit
611 827 748 889 assibus
775 837 922 888 centum.

286 988 311 1034 C.
332 987 453 1048 Orthiae]
491 992 543 1034 tulit
564 989 719 1034 suintuariain
743 991 818 1047 legem
841 1003 864 1032 a.
889 983 937 1032 57³
963 983 1052 1044 (iti),
1077 989 1145 1032 sicuti
1167 988 1297 1033 Fischerus

321 1092 414 1135 quoque
435 1077 597 1134 (Zeittnletn)
620 1083 720 1122 testatus
744 1083 789 1120 est.
828 1077 921 1134 Varges
944 1075 1014 1130 Spes.
1039 1077 1137 1133 Quaeri.
1162 1075 1297 1120 Luciliana-

321 1180 373 1210 runi
396 1167 497 1220 (flictu.
522 1167 586 1210 Mus.
610 1160 685 1210 1835.
715 1165 736 1210 l.
757 1165 812 1209 tien
831 1177 854 1218 p.
878 1159 940 1216 41.)
963 1177 1025 1208 anna
1050 1161 1115 1218 572,
1139 1177 1185 1208 noo
1202 1178 1225 1214 t,
1247 1159 1295 1210 573

320 1257 390 1298 latotn
413 1255 505 1302 scribit.

285 1378 351 1438 quod
365 1378 467 1437 pheres]
505 1379 538 1423 De
562 1391 663 1424 numero
686 1379 858 1430 convivarum,
881 1381 921 1435 qui
944 1379 995 1436 tege
1020 1377 1108 1422 Orchia
1135 1379 1296 1438 praescriptus

321 1473 382 1518 erat,
411 1469 467 1511 nihil
488 1473 599 1524 ronstat3
623 1469 663 1512 aad
684 1467 780 1510 aliunde
801 1466 899 1526 scimus,
919 1468 973 1522 quid
992 1467 1053 1520 apud
1073 1466 1196 1510 Rornanos
1215 1479 1297 1520 recep-

321 1561 369 1600 tum
393 1557 521 1612 tritumque
540 1556 623 1602 fuerit.
663 1554 751 1600 Notum
771 1555 834 1598 caim
857 1559 894 1598 eet
916 1553 1069 1609 proverbium
1092 1552 1190 1610 Septem
1209 1554 1298 1598 oonsi-

320 1647 402 1694 vium,
425 1657 512 1687 nouem
531 1656 588 1686 uero
607 1643 764 1695 convicium,
787 1644 849 1698 quod
873 1643 960 1700 tegitur
982 1643 1043 1697 apul
1065 1643 1113 1686 tut.
1135 1642 1297 1696 Capitolinum

321 1734 343 1775 in
366 1733 432 1776 Vero
455 1730 514 1786 linp.
538 1746 559 1776 c.
585 1725 608 1773 5.
631 1733 740 1786 quodque
764 1731 816 1774 zen
839 1731 861 1773 in
884 1730 1086 1774 Fer-ierischrifleu
1109 1731 1140 1774 T.
1162 1730 1185 1774 2.
1209 1744 1231 1784 p.
1257 1730 1295 1774 ¹5.

322 1822 398 1874 lepide
420 1820 507 1863 vertit:
534 1817 624 1862 Sieben
649 1815 729 1861 Gaea
746 1819 787 1860 ein
807 1816 887 1870 tttatt,
910 1830 976 1861 neten
992 1819 1048 1862 eine
1070 1817 1143 1880 (luel.
1182 1819 1297 1862 Similiter

322 1909 440 1952 Ausonius
460 1909 483 1951 iu
503 1907 661 1961 Epheineride
683 1919 706 1961 p.
733 1903 803 1951 1⁰4:
839 1904 891 1948 Sex
913 1906 979 1948 enim
1001 1907 1139 1950 convivium
1161 1920 1217 1950 cum
1237 1921 1297 1967 rege

320 1997 436 2041 iustum:
459 1995 483 2039 ti
501 2009 595 2052 super,
617 1995 759 2039 convicium
778 2000 825 2038 ert.
873 1993 975 2037 Extabat
996 1991 1034 2041 Μ.
1056 1993 1180 2038 Varronis
1200 1995 1295 2049 Sotira,

320 2087 343 2129 in
368 2099 412 2141 qua
434 2085 549 2128 disseruit
567 2086 595 2127 ds
616 2089 671 2138 apto
694 2085 848 2126 convivarum
870 2095 980 2142 nurnero,
1003 2084 1118 2139 dixitque,
1142 2085 1298 2128 convivarum

322 2187 445 2218 numerum
473 2173 578 2226 incipere
607 2177 720 2226 oportere
749 2185 762 2214 a
794 2171 933 2215 Gratiarum
958 2185 1060 2215 numero
1086 2176 1108 2216 et
1133 2173 1245 2229 progredi
1268 2173 1297 2214 ad

319 2262 454 2320 Musarum,
476 2261 497 2304 id
518 2266 562 2311 est,
588 2258 706 2314 proticisci
730 2273 743 2301 a
764 2259 840 2303 tribus
862 2264 885 2302 at
907 2261 1040 2304 consistere
1064 2260 1087 2302 in
1110 2273 1204 2302 noveni.
1225 2255 1296 2316 (Gel-

321 2353 368 2394 liui
392 2345 431 2404 13,
457 2348 509 2402 11.)
546 2347 582 2390 Ex
604 2348 685 2391 Plinio
709 2361 766 2391 vero
790 2361 907 2402 apparere
930 2349 986 2391 dicit
1009 2348 1110 2402 Zethus,
1131 2348 1153 2389 in
1175 2347 1296 2401 prioribus

320 2440 379 2492 reip.
401 2437 549 2492 temporibus
571 2437 704 2494 legitimum
723 2436 798 2480 fuisse
822 2449 947 2480 nutriet-uin
969 2438 1080 2480 convivas
1101 2441 1212 2492 quatuor.

285 2563 384 2608 Fannia
403 2561 458 2622 lex]
502 2565 549 2608 lata
571 2568 607 2607 est
629 2576 641 2604 o
663 2563 756 2606 Fannio
779 2563 877 2606 consule
897 2577 910 2604 a
940 2556 988 2607 593
1010 2558 1094 2618 (161).
1138 2562 1204 2606 Unde
1225 2568 1297 2622 patet,

319 2665 430 2710 inagnum
465 2665 575 2696 errorem
608 2652 631 2694 in
661 2650 783 2695 Macrobii
810 2651 890 2693 vei-his
919 2651 1016 2700 inesse,
1047 2654 1117 2706 atque
1148 2652 1292 2710 legendum:

319 2739 378 2787 Post
399 2753 492 2782 annum
514 2737 570 2783 XX
586 2739 644 2792 (non
662 2735 758 2789 XXII)
775 2736 842 2798 legis
864 2734 975 2780 Orchiao
994 2733 1093 2780 Fannia
1113 2738 1158 2780 Iex
1178 2739 1232 2781 lato
1248 2745 1295 2792 est,

321 2841 384 2872 onno
396 2833 453 2884 port
464 2825 565 2871 Romam
576 2825 703 2872 conditam
716 2825 853 2870 secundum
866 2822 944 2869 Gellii
953 2823 1094 2879 opinionem
1103 2822 1299 2870 DLXXXXIH

321 2919 388 2970 (uoti
407 2913 621 2967 DLXXXVIII).
659 2914 731 2959 Coui.
754 2916 850 2972 Vargee
872 2915 888 2956 Ι.
912 2913 928 2960 Ι.

315 3074 365 3137 De
399 3085 588 3158 argumento
627 3071 786 3136 orationis
821 3090 902 3132 nunc
933 3067 1101 3133 dicendum
1128 3079 1187 3134 est.
1234 3071 1297 3135 Sed

252 3179 330 3242 nihil
350 3177 430 3242 certi
454 3177 625 3259 explorare
648 3174 724 3238 mihi
748 3174 875 3236 licebat.
921 3174 1027 3236 Multa
1049 3174 1131 3238 enim
1160 3175 1296 3258 excogi-

251 3281 312 3348 tari
347 3291 495 3363 possunt,
525 3301 607 3364 quae
637 3291 746 3361 aperte
776 3276 854 3339 falsa
884 3276 1051 3352 videntur,
1079 3276 1158 3340 nihil
1183 3289 1295 3353 autem,

251 3387 339 3472 quod
362 3405 471 3446 verum
492 3393 524 3446 et
545 3381 716 3463 probabile
736 3391 794 3442 est.
842 3378 897 3442 Sic
919 3378 981 3442 tale
1004 3379 1081 3464 quid
1104 3382 1226 3463 fingere
1250 3382 1297 3443 lu-

250 3493 318 3552 bet.
363 3485 446 3550 Cum
477 3484 582 3547 multis
611 3485 832 3546 Romanorum
858 3484 912 3546 lex
940 3482 1062 3548 Orchia
1088 3483 1180 3546 nirnis
1206 3504 1297 3544 seve·

251 3614 286 3654 ra
311 3602 342 3654 et
366 3593 444 3652 dura
468 3608 536 3650 osse
563 3586 735 3662 videretur,
761 3589 799 3648 de
825 3607 862 3648 ea
889 3588 1073 3669 abroganda
1098 3585 1202 3666 legem
1225 3582 1297 3646 tulit

251 3689 469 3776 nescioquis.
516 3688 599 3753 Cato
626 3687 786 3761 dissuasit,
823 3709 862 3750 ne
892 3686 921 3750 ei
951 3689 1176 3770 derogaretur.
1223 3685 1295 3764 Quo

250 3807 353 3860 autem
377 3815 459 3858 anno
485 3791 661 3857 orationem
686 3789 821 3864 dixerit,
849 3788 1016 3851 incertum.
1063 3787 1295 3864 Grammatici,

251 3899 307 3986 qui
324 3898 501 3980 fragmenta
524 3893 592 3956 eius
618 3893 826 3965 tradiderunt,
852 3888 944 3952 vario
966 3891 1065 3954 modo
1089 3911 1157 3952 eam
1182 3889 1298 3954 iuscri-

252 4006 339 4076 hunt,
362 4000 405 4062 ita
430 4010 463 4062 ut
482 3997 514 4060 in
533 3995 644 4078 priore
668 3993 808 4058 editione
827 3995 902 4055 duas
926 3995 964 4056 de
987 3993 1060 4076 lege
1081 3992 1203 4058 Orchia
1222 4013 1296 4057 ora·

251 4104 354 4168 tiones
382 4100 604 4164 discernendas
630 4094 825 4171 arbitrarer,
856 4117 970 4172 unam,
1002 4118 1064 4180 qua
1096 4118 1163 4158 cam
1193 4096 1295 4178 legem

252 4202 459 4276 dissuaserit,
487 4201 640 4273 alteram,
663 4218 724 4282 qua
752 4198 905 4272 suaserit,
936 4221 973 4263 ne
999 4220 1034 4262 ea
1062 4202 1295 4279 derogaretur,

252 4309 445 4390 eandemque
467 4301 653 4386 opinionem
683 4298 820 4383 protulit
843 4299 980 4385 Pighius
1005 4300 1037 4366 in
1059 4298 1180 4366 Annal.
1205 4300 1245 4361 ed
1264 4318 1294 4360 a.
