2966 4842
1062 421 1065 428 ·
1171 393 1231 456 517

181 543 313 606 moriae
336 555 398 606 aut
420 542 454 604 in
477 541 658 606 ediscendo
681 554 814 623 tempus
842 543 1052 623 absumeret,
1081 547 1231 612 instituit

180 645 329 736 recitare
358 641 497 708 omnia:
525 643 779 725 pronunciabat
800 644 892 706 dulci
913 657 946 708 et
970 647 1116 730 proprio
1145 671 1228 734 quo·

180 748 263 810 dam
285 746 357 810 oris
379 767 464 808 sono
487 745 656 831 dabatque
677 746 816 810 assidue
843 749 1016 828 phonasco
1045 772 1198 830 operam.

244 849 319 916 ibid.
343 870 370 909 c.
386 847 438 911 86.
462 849 581 911 Genus
603 849 783 932 eloquendi
804 862 940 913 secutus
962 863 1013 912 est
1034 853 1174 932 elegans
1195 867 1229 918 et

178 961 406 1034 temperatam
428 948 545 1012 vitatis
575 950 824 1014 sententiarum
850 950 990 1034 ineptiis
1018 963 1120 1036 atque
1149 977 1227 1019 con·

177 1052 344 1116 cinnitate
365 1063 399 1114 et
421 1051 678 1114 reconditorum
700 1053 892 1128 verborum,
906 1065 944 1114 ut
955 1053 1025 1135 ipse
1038 1056 1131 1133 dicit,
1136 1055 1227 1146 foe·

176 1155 321 1233 toribus,
342 1154 632 1238 praecipuamque
654 1175 775 1216 curam
803 1155 924 1230 duxit,
953 1177 1091 1220 sensum
1119 1159 1228 1224 animi

179 1277 284 1342 quam
304 1257 521 1338 apertissime
543 1256 751 1340 exprimere.
771 1257 874 1340 Quod
894 1280 961 1344 quo
970 1256 1127 1347 facilius
1148 1259 1226 1352 effi·

177 1371 267 1422 ceret
289 1371 350 1421 aut
371 1358 491 1421 necubi
512 1361 673 1421 lectorem
694 1361 745 1421 vel
765 1359 962 1422 auditorem
983 1363 1153 1438 turbaret,
1184 1386 1225 1426 ac

177 1471 386 1534 moraretur,
411 1481 471 1522 nec
491 1460 768 1546 praepositiones
790 1461 899 1524 verbis
921 1463 1050 1526 addere
1072 1485 1224 1529 necconu

180 1562 371 1634 iunctiones
393 1563 532 1647 saepius
560 1562 688 1625 iterare
718 1563 901 1640 dubitavit,
934 1587 1020 1648 quae
1050 1567 1224 1632 detractae

180 1663 336 1752 afferunt
372 1663 505 1748 aliquid
537 1663 775 1741 obscuritatis,
809 1665 875 1728 etsi
902 1667 1056 1748 gratiam
1082 1682 1224 1749 augent.

177 1769 361 1832 Cacozelos
382 1777 416 1829 et
436 1765 672 1850 antiquarios,
696 1778 736 1830 ut
757 1767 891 1831 diuerso
912 1787 1037 1850 genere
1062 1770 1222 1848 uitiosos,

176 1869 257 1952 pari
267 1867 430 1958 fastidio
452 1869 593 1951 spreuit.

239 1974 370 2034 Suetoa.
395 1975 433 2033 de
461 1971 540 2032 clar.
567 1971 693 2034 rhetor.
726 1973 755 2034 1.
801 1971 973 2035 Paulatim
987 1975 1160 2038 rhetorica
1192 1989 1227 2040 et

176 2075 255 2155 ipsa
275 2073 371 2135 utilis
392 2075 600 2156 honestaque
614 2073 789 2153 apparuit,
807 2073 970 2156 multique
988 2096 1063 2136 eam
1075 2087 1108 2138 et
1119 2099 1223 2158 prae-

177 2175 259 2237 sidii
280 2194 387 2235 causa
408 2185 440 2234 et
462 2165 596 2255 gloriae
617 2175 867 2256 appetiverunt.
912 2175 1031 2238 Cicero
1052 2177 1100 2237 ad
1117 2199 1221 2260 prae·

177 2288 294 2338 turam
315 2296 421 2358 usque
442 2296 566 2357 graece
588 2275 835 2348 declamitauit,
865 2275 969 2338 latine
997 2297 1078 2340 aero
1105 2279 1222 2342 senior

177 2399 311 2462 quoque
332 2390 366 2440 et
387 2377 524 2460 quidem
540 2399 618 2440 cum
632 2377 750 2441 Hirtio
762 2389 796 2440 et
811 2380 938 2441 Pansa.
948 2381 1009 2443 Gn.
1022 2381 1224 2462 Pompeium

177 2479 317 2563 quidam
339 2478 493 2542 historici
514 2478 746 2555 tradiderunt,
769 2473 960 2561 sub‘ipsum
974 2479 1070 2542 civile
1085 2481 1220 2557 bellum,

177 2601 245 2665 quo
256 2579 414 2670 facilius
435 2583 473 2644 0.
498 2581 641 2644 Curioni
659 2581 898 2662 promtissima
926 2581 1056 2657 iuveni,
1085 2593 1222 2644 contra·
1276 2657 1281 2668 .

180 2684 320 2759 diceret,
346 2684 508 2766 repetisse
530 2683 747 2772 declamandi
768 2683 1058 2759 consuetudinem,
1082 2687 1138 2748 M.
1153 2687 1224 2748 An-

177 2785 323 2861 tonium,
348 2786 430 2849 item
451 2787 697 2868 Augustum
718 2806 760 2848 ne
775 2785 969 2850 Mutinensi
983 2785 1120 2869 quidem
1138 2787 1224 2850 bello

177 2887 345 2953 omisisse.

242 2989 374 3052 Tacitus
396 2987 513 3054 Annal.
551 2989 605 3062 13,
643 2989 676 3050 3.
728 2990 892 3053 Dictator
924 2977 1051 3054 Caesar
1082 2990 1226 3054 summis

177 3089 376 3153 oratoribus
392 3093 559 3164 aemulus,
578 3092 825 3173 etAugusto
844 3101 1046 3172 prompta
1067 3110 1115 3155 ac
1127 3113 1223 3174 pro·

165 3188 346 3280 fluens,
370 3213 478 3275 quae
499 3191 671 3255 deceret
689 3191 947 3274 principem,
973 3194 1223 3278 eloquentia

164 3291 285 3383 fuit,
310 3295 471 3359 Tiberius
494 3307 606 3359 artem
628 3317 760 3381 quoque
782 3295 936 3370 callebat,
960 3315 1029 3378 qua
1050 3295 1224 3358 verbaecc·

174 3396 352 3478 penderet,
378 3409 451 3460 tum
463 3399 596 3461 validus
608 3400 762 3464 sensibus
777 3407 839 3460 aut
853 3400 1010 3462 consulto
1026 3397 1222 3480 ambiguus.

153 3483 164 3504 ’
239 3499 357 3564 Aurel.
384 3498 504 3564 Victor
524 3501 575 3565 De
597 3500 789 3568 Caesaribus
816 3522 843 3568 e.
870 3501 900 3562 1.
940 3502 1124 3580 Augustus
1145 3500 1224 3564 doc-

175 3609 302 3673 torum,
316 3600 376 3681 qui
390 3600 523 3661 abunde
539 3612 648 3672 erant,
656 3603 843 3680 percultor,
860 3619 939 3660 cum
950 3599 1225 3680 eloquentiae
1299 3642 1301 3646 .

176 3699 325 3760 studio
347 3698 433 3758 mire
455 3699 675 3760 retineretur.

241 3797 358 3859 Aurel.
382 3795 500 3860 Victor
524 3796 616 3878 Epit.
641 3795 737 3862 Caes.
764 3800 792 3875 1,
818 3798 871 3860 17.
915 3798 1134 3863 Liberalibus
1150 3812 1225 3862 stu·

178 3896 247 3960 diis
265 3897 476 3980 praesertim
496 3900 707 3982 eloquentiae
729 3900 765 3963 in
786 3911 923 3964 tantum
944 3899 1160 3972 incumbens,
1186 3911 1226 3961 ut

179 4001 296 4062 nullus
318 4018 361 4060 ne
383 3997 419 4059 in
442 4000 623 4082 procinctu
652 4003 788 4086 quidem
820 4001 993 4064 laberetur
1022 3999 1113 4071 dies,
1143 3998 1226 4082 quin
1270 4003 1273 4010 ’

177 4103 319 4184 legeret,
342 4098 518 4176 scriberet,
542 4103 760 4168 declamaret.

242 4197 434 4266 Macrobius
456 4202 617 4268 saturnal.
635 4203 665 4276 2,
682 4205 713 4264 1.
757 4207 942 4286 Augustus
963 4196 1229 4278 castigationem

178 4304 338 4389 loquendi
361 4301 537 4368 scribendo
560 4303 730 4369 servabat.
