2992 4844
236 369 298 432 981

300 525 478 610 Appuleius
503 524 668 608 Apologia
690 545 725 606 p.
749 524 822 588 316.
866 526 987 607 Nepae
1009 533 1126 586 antem
1148 523 1283 606 glorias

237 652 344 694 causa
373 653 425 692 me
446 641 587 691 accusat
616 640 653 690 ut
688 629 744 690 M.
774 627 948 690 Antonius
983 628 1046 689 Cn.
1077 627 1281 701 Carbonem,

237 738 276 800 G·
299 734 410 798 Iulius
439 731 482 795 Τ.
507 732 706 804 Albucium,
731 733 770 792 P.
798 729 971 810 Sulpicius
994 732 1032 791 G.
1063 729 1281 802 Norbanum,

236 841 279 900 L.
303 836 426 911 Fufius
455 838 557 898 Man.
581 833 778 917 Aprilium,
815 834 852 895 C.
885 831 990 894 Curio
1020 833 1063 911 Q.
1089 834 1281 896 Metellum.

236 937 370 1021 Quippe
399 937 553 999 homines
586 933 813 996 eruditissimi
845 934 982 995 iuuenes
1017 932 1131 994 laudis
1164 933 1286 1013 gratia

233 1039 387 1122 primum
414 1041 477 1100 boc
513 1034 745 1100 rudimentum
774 1033 931 1117 forensis
964 1055 1088 1116 operae
1111 1035 1281 1110 subibant,

236 1153 276 1205 ut
296 1142 413 1226 aliquo
435 1140 562 1222 insigni
584 1139 712 1202 iudicio
733 1139 862 1200 civibus
884 1137 958 1200 suis
980 1149 1215 1200 noscerentur.

273 1283 299 1335 O.
320 1284 411 1344 Iulius]
447 1286 518 1330 Beier
537 1287 565 1328 ad
586 1285 638 1328 Cic.
659 1287 686 1328 do
706 1283 756 1328 Off.
777 1281 806 1336 2,
831 1280 871 1326 ll.

273 1373 302 1422 L.
320 1372 419 1435 Fufius]
455 1375 544 1417 Brutus
564 1372 690 1416 Ciceronis
709 1386 730 1416 c.
753 1369 782 1416 19
802 1375 825 1415 et
846 1367 887 1414 tt.

301 1491 424 1558 Cicero
441 1495 479 1554 de
502 1491 625 1556 Officiis
648 1492 684 1566 2,
711 1493 762 1552 tlt.
807 1489 875 1552 Sed
895 1510 972 1550 cum
992 1489 1061 1550 sint
1074 1492 1179 1570 plura
1202 1510 1284 1551 cau·

236 1617 357 1660 aarum
372 1616 514 1678 genera,
537 1617 624 1678 puae
645 1593 876 1676 eloquentiam
897 1591 1101 1665 desiderent,
1120 1592 1284 1675 multique

235 1699 273 1761 in
288 1710 409 1760 nostra
431 1697 549 1778 repub.
571 1697 802 1758 adolescentes
823 1705 856 1755 et
878 1694 973 1774 apud
994 1692 1123 1756 iudices
1143 1706 1176 1755 et
1190 1693 1286 1776 apud

237 1811 394 1864 senatum
423 1798 566 1861 dicendo
594 1799 732 1859 laudem
764 1795 912 1858 assecuti
943 1795 1030 1869 sint,
1056 1797 1213 1857 maxima
1233 1807 1285 1858 est

236 1900 426 1963 admiratio
440 1901 475 1962 in
493 1899 641 1975 iudiciis,
666 1921 813 1982 quartem
836 1898 927 1960 ratio
951 1898 1081 1979 duplex
1096 1911 1158 1960 est.
1189 1901 1285 1962 Nam

238 2027 285 2066 ex
313 2003 532 2064 accusatione
564 2015 597 2063 et
631 2000 833 2090 defensione
862 2012 1013 2062 constat:
1044 2023 1192 2083 quartem
1219 1999 1285 2063 etsi

240 2105 450 2167 laudabilior
472 2117 522 2166 est
545 2102 723 2192 defensio,
748 2115 861 2164 tamen
885 2103 989 2164 etiam
1011 2102 1186 2164 accusatio
1199 2124 1282 2184 pro·

237 2207 319 2269 bata
337 2228 503 2288 persaepe
525 2218 587 2271 est.
634 2205 724 2268 Dixi
743 2208 849 2287 paulo
871 2215 950 2266 ante
972 2204 1013 2265 de
1029 2203 1168 2278 Crasso,
1192 2205 1283 2267 idern

225 2306 326 2399 fecit
358 2311 553 2371 adolescens
587 2309 642 2371 M.
677 2309 864 2372 Antonius.
917 2307 1034 2372 Etiam
1063 2309 1103 2372 P.
1140 2306 1285 2391 Sulpicii

236 2411 464 2496 eloquentiam
485 2410 659 2473 accusatio
680 2409 879 2473 illustrauit.

432 2719 461 2775 3.
501 2717 599 2776 Oratio
619 2719 650 2775 in
670 2717 738 2774 Ssx.
760 2718 1030 2789 Titiumsstribunum
1050 2722 1092 2791 pl.

302 2875 460 2939 Antonius
498 2877 609 2940 consul
642 2898 670 2941 a.
699 2877 759 2940 655
797 2877 867 2956 (99)
900 2888 1013 2940 contra
1053 2879 1129 2940 Scx.
1160 2875 1280 2939 Titium

237 2977 398 3040 tribunum
416 2978 462 3060 pl.
492 2977 571 3062 egit.
617 2977 698 3041 Cum
723 2991 796 3040 tunc
822 2981 978 3062 temporis
1003 2978 1170 3060 optimates
1189 3001 1283 3060 prae·

239 3081 392 3152 valerent,
412 3083 488 3143 Sex.
508 3079 612 3142 'l'itius
626 3080 772 3142 tribunus
795 3081 854 3162 pt,
880 3080 935 3166 qui
956 3081 1151 3161 Appuleium
1171 3083 1284 3142 Satur·

239 3181 459 3243 ninumcivem
486 3181 669 3244 seditiosum
699 3183 882 3245 imitabatur
904 3195 935 3245 et
960 3183 1030 3266 lege
1056 3182 1180 3266 agraria
1208 3203 1283 3264 gra-

237 3284 312 3344 tiam
337 3274 439 3363 plebis
471 3288 633 3364 captabat,
665 3287 705 3346 ab
735 3285 881 3348 Antonio
916 3285 1047 3348 consule
1073 3285 1106 3347 in
1133 3285 1282 3346 iudicium

238 3396 372 3449 vocatus
397 3406 569 3466 oppressus
593 3399 649 3454 est.

303 3485 422 3551 Cicero
446 3491 484 3549 de
515 3489 607 3550 Orat.
641 3489 678 3564 2,
710 3491 764 3562 11,
796 3489 848 3551 18.
901 3490 1152 3552 Testimonium
1180 3507 1282 3569 saepe

238 3588 419 3652 dicendum
448 3601 499 3652 est
525 3610 566 3649 ac
593 3611 838 3677 nonnunquam
865 3593 968 3653 etiam
999 3592 1215 3665 accieratius,
1245 3602 1284 3652 ut

238 3693 322 3755 mibi
344 3713 476 3757 necesse
487 3689 573 3779 fuit
594 3693 629 3753 in
652 3697 733 3759 Sex.
765 3693 916 3767 Titium,
947 3695 1148 3757 seditiosum
1176 3694 1282 3754 ciuem

141 3790 146 3803 ’
236 3807 270 3858 et
292 3796 537 3859 turbulentum.
581 3797 764 3876 Explicavi
786 3797 821 3856 in
850 3817 891 3857 eo
919 3797 1116 3857 testimonio
1139 3795 1282 3858 dicendo

237 3899 356 3961 omnia
383 3898 528 3959 consilia
563 3901 761 3959 consulatus
792 3897 873 3970 mei,
911 3899 1032 3981 quibus
1063 3897 1115 3960 illi
1143 3898 1282 3960 tribuno

234 4001 342 4081 plebis
362 4021 430 4080 pro
452 3999 626 4078 republica
652 3998 873 4072 restitissem,
902 4022 1054 4083 paruaque
1077 4001 1120 4061 ab
1141 4021 1182 4062 eo
1203 4020 1284 4061 con·

236 4113 293 4164 tra
321 4105 441 4182 rempl.
460 4100 572 4190 facta
593 4101 804 4175 arbitrarer,
828 4103 989 4181 exposui.
1036 4103 1108 4164 Diu
1130 4113 1283 4163 retentus

237 4223 331 4277 sum,
350 4206 458 4265 multa
478 4202 613 4278 audiui,
638 4205 746 4264 multa
768 4204 941 4284 respondi.
987 4202 1061 4267 Cic.
1085 4226 1118 4287 p.
1143 4201 1281 4267 Rabirio

238 4304 393 4384 perduell.
419 4305 450 4366 9.
475 4304 551 4366 Val.
577 4306 671 4368 Max.
687 4305 733 4411 ¹8,
759 4307 789 4368 1.
812 4308 915 4368 damn.
941 4307 972 4369 3.
